2051 3433
186 190 266 231 138
384 187 485 223 18:33.
513 187 791 233 christophorus
820 188 1010 223 Plautinus
1036 189 1188 224 Canisio.
1226 190 1426 235 Antverpia
1452 190 1508 226 27.
1528 190 1625 236 Sept.
1648 193 1748 227 1573.

180 307 406 362 impressio
438 307 545 348 haec
578 307 698 348 cuius
731 308 956 361 exemplar
988 322 1117 349 vnum
1152 307 1220 350 hic
1251 308 1376 350 mitto
1417 313 1528 361 qua‘e
1561 309 1691 352 certis
1724 309 1776 351 de
1809 310 1949 353 causis

181 387 263 415 non
297 373 360 415 ita
394 371 493 413 mihi
527 371 671 426 placet
704 373 816 425 quod
849 378 1031 427 operae³
1065 371 1124 427 [Ρ]
1160 373 1476 428 praescriptum
1509 387 1650 416 meum
1683 388 1767 416 non
1800 389 1949 417 serua-

180 438 324 480 uerint
357 437 544 479 maxime
576 436 620 478 in
652 437 817 479 edendo
841 438 1133 480 cathechismo
1157 439 1350 492 praefixo
1383 442 1473 481 tam
1507 439 1654 493 paruis
1685 440 1804 495 typis
1836 440 1950 493 quod

179 503 342 546 factum
377 506 444 545 est
477 505 655 556 propter
687 503 1003 546 absurditatem
1045 518 1129 557 qua
1171 517 1274 545 vsus
1307 507 1374 546 est
1406 504 1589 546 collator
1620 504 1741 547 initio
1775 505 1949 560 Episto-

183 569 320 610 larum
356 571 400 610 et
423 567 762 622 Euangeliorum
796 583 822 610 a
855 569 1008 622 quibus
1040 569 1245 611 inchoata
1278 572 1345 611 est
1376 569 1630 623 impressiob
1662 584 1758 612 mea
1791 571 1889 612 dum
1924 584 1950 613 a

181 634 232 677 R.
252 634 298 676 P.
318 634 365 676 T.
400 633 717 687 expectabatur
749 634 972 688 responsio
1005 635 1060 676 ad
1092 635 1264 677 litteras
1287 634 1334 677 P.
1360 635 1554 676 Harlemi
1588 635 1639 677 de
1672 636 1949 689 praefigendo

181 699 444 741 Kalendario
478 699 669 753 Molanj¹
704 721 712 729 ·
748 699 1011 754 compositor
1052 700 1263 753 siquidem
1306 700 1405 741 dum
1438 699 1763 743 vehementiore
1800 701 1950 743 morbo

181 764 404 818 affligerer
426 764 604 806 audiens
627 764 843 807 reseruari
870 765 1081 818 quaedam
1115 765 1422 820 praeponenda
1454 765 1700 820 inceperatc
1725 764 1786 821 [P]
1803 766 1950 819 signa-

178 833 322 872 turam
374 829 466 871 eius
508 843 546 872 a.
583 830 626 873 C.
679 830 958 883 relinquendo
1002 831 1052 873 A.
1086 831 1134 873 B.
1190 832 1366 884 praeter
1422 844 1563 872 meum
1620 831 1949 885 praescriptum.

180 894 417 948 Sperabam
452 894 611 937 etenim
645 909 713 936 me
746 895 895 938 habito
928 909 954 938 a
987 896 1036 939 R.
1062 896 1108 938 P.
1133 895 1184 938 V.
1220 895 1272 937 de
1306 895 1418 937 dicto
1448 895 1710 938 Kalendario
1742 909 1950 950 responso

181 963 431 1001 curaturum
464 962 681 1015 numerarj
716 960 900 1014 paginas
939 963 983 1003 et
1024 960 1347 1015 auspicaturum
1388 960 1549 1003 dictum
1584 960 1891 1002 Kalendarium
1925 975 1951 1003 a

182 1039 294 1067 noua
327 1024 553 1077 signatura
586 1039 672 1078 qua
704 1025 1079 1068 continuassemus
1110 1027 1153 1067 in
1178 1025 1449 1068 Catechismo
1472 1028 1681 1078 tanquam
1714 1025 1949 1080 separatim

179 1092 233 1132 ab
258 1090 368 1132 aliod
400 1091 522 1133 libro.
571 1091 695 1133 Vnde
729 1091 893 1133 factum
927 1094 995 1134 est
1026 1094 1076 1133 vt
1109 1091 1208 1133 dum
1241 1092 1370 1146 paulo
1394 1092 1546 1133 melius
1569 1091 1771 1133 haberem
1807 1093 1851 1133 et
1882 1105 1950 1133 me

180 1157 455 1199 consulerent
488 1157 540 1198 de
572 1156 722 1210 primis
755 1156 870 1212 folijs
894 1157 1070 1199 edendis
1093 1159 1269 1199 coactus
1302 1156 1457 1199 fuerim
1493 1156 1745 1209 excogitare
1778 1157 1949 1198 modum

180 1236 263 1275 quo
295 1223 416 1264 totus
449 1236 609 1276 paruus
643 1221 963 1265 cathechismus
990 1223 1114 1264 vnico
1148 1222 1252 1264 folio
1285 1225 1334 1265 vt
1367 1236 1573 1264 vocamus
1605 1222 1647 1263 in
1682 1222 1766 1264 16Ο
1797 1236 1951 1276 nempe

180 1288 345 1330 duobus
368 1287 722 1340 quaternionibus
746 1288 1237 1342 comprehenderetur⁸2
1261 1291 1305 1330 et
1328 1288 1400 1342 aiij
1425 1288 1507 1329 duo
1529 1288 1842 1342 praecedent-es
1865 1287 1951 1330 alia

179 1353 408 1407 signatura
431 1355 480 1394 vt
504 1353 756 1407 plerumque
784 1355 834 1395 fit
865 1352 988 1395 initio
1011 1353 1215 1395 librorum
1240 1353 1564 1395 denotarentur.
1614 1352 1822 1402 Quoniam
1846 1366 1950 1394 vero

179 1418 348 1461 interea
381 1418 545 1460 nullum
578 1432 831 1473 responsum
864 1432 889 1460 a
912 1418 963 1461 R.
988 1418 1033 1462 P.
1055 1419 1105 1461 V.
1131 1416 1480 1473 [acceperamus]
1492 1418 1513 1469 f,
1537 1417 1617 1460 hoc
1639 1418 1949 1460 Kalendarium

180 1484 339 1539 Molanj
384 1497 652 1538 praeponere
693 1498 778 1526 non
821 1484 1015 1527 dubitaui
1056 1498 1289 1539 persuasus
1322 1498 1347 1526 a
1381 1484 1429 1526 R.
1455 1483 1500 1527 P.
1536 1483 1758 1526 Harlemio
1799 1487 1949 1526 nostro

179 1549 251 1602 qui
283 1552 464 1604 propter
496 1563 617 1591 suam
650 1549 917 1604 insperatam
961 1553 1005 1592 et
1037 1549 1224 1592 subitam
1266 1550 1308 1591 in
1341 1549 1601 1591 Holandiam
1635 1548 1948 1603 profectionem

179 1616 263 1657 iam
299 1615 402 1656 nihil
434 1614 624 1656 scribere
656 1615 799 1669 potuit
831 1616 906 1657 sed
939 1615 1185 1658 festinando
1219 1629 1314 1657 cum
1348 1629 1415 1657 me
1448 1614 1651 1657 visitaret
1682 1614 1870 1657 iniunxit
1901 1618 1950 1657 vt

178 1682 228 1724 R.
255 1681 301 1725 P.
326 1681 377 1723 V.
413 1681 598 1722 salutem
640 1681 870 1735 plurimam
913 1695 968 1722 ex
1009 1695 1056 1723 se
1098 1681 1387 1723 adscriberem
1421 1694 1727 1733 moneremque
1760 1694 1806 1722 se
1838 1680 1949 1722 binis

179 1747 267 1789 suis
300 1760 408 1799 quas
441 1746 495 1788 ad
519 1759 614 1788 eam
639 1747 825 1789 antehac
849 1747 967 1789 dedit
993 1746 1153 1789 litteris
1186 1747 1239 1788 ab
1273 1761 1325 1788 ea
1358 1760 1434 1800 pro
1468 1760 1547 1788 sua
1579 1748 1726 1788 tamen
1759 1760 1949 1788 commo-

179 1812 317 1855 ditate
339 1811 662 1866 responsionem
688 1816 923 1867 expectare
947 1815 1078 1865 atque
1101 1813 1152 1854 de
1176 1812 1440 1854 Kalendario
1466 1811 1539 1853 illo
1563 1811 1725 1853 Molani
1746 1811 1948 1853 iudicium

179 1881 223 1920 et
246 1878 518 1920 voluntatem
541 1891 618 1931 pro
642 1877 728 1919 alia
752 1877 941 1920 editione
964 1891 1137 1919 suarum
1161 1877 1496 1920 Jnstitutionuin
1520 1890 1646 1929 quam
1678 1876 1775 1918 ilico
1799 1876 1951 1918 maiori

178 1943 400 1996 aliquanto
435 1942 575 1984 forma
598 1945 642 1984 et
665 1957 760 1984 cum
784 1943 935 1997 figuris
958 1943 1298 1997 elegantioribus
1320 1943 1363 1984 in
1386 1956 1487 1984 aere
1512 1942 1668 1984 excisis
1691 1941 1952 1984 meditamur

177 2009 213 2050 si
245 2008 455 2051 Dominus
487 2008 605 2050 Deus
639 2009 776 2051 vitam
811 2013 855 2052 et
886 2009 1182 2051 valetudinem
1216 2008 1479 2051 concesserit
1511 2011 1561 2050 vt
1593 2007 1678 2050 iam
1711 2021 1949 2062 speramus

177 2074 464 2124 Quamobrem
488 2088 693 2127 rogamus
726 2074 858 2116 etiam
892 2076 941 2116 vt
973 2075 1022 2116 R.
1045 2075 1089 2118 P.
1109 2075 1162 2118 V.
1192 2074 1324 2116 velitg
1356 2073 1478 2116 nobis
1505 2073 1751 2126 significare
1774 2073 1816 2114 id
1838 2073 1951 2126 quod

177 2140 247 2182 vel
282 2139 508 2193 displiceat
547 2140 617 2182 vel
651 2139 897 2182 desiderath
932 2138 993 2195 [P]
1027 2140 1070 2181 in
1103 2140 1184 2182 hac
1224 2140 1364 2194 prima
1405 2142 1454 2181 vt
1494 2138 1708 2193 possimus
1750 2138 1950 2192 quicquid

177 2205 261 2248 erit
293 2205 524 2258 corrigere,
558 2205 627 2246 vel
661 2205 833 2248 addere.
882 2206 1065 2247 Jnterea
1098 2219 1202 2247 vero
1225 2204 1454 2247 Dominum
1479 2205 1615 2246 Deum
1649 2203 1951 2258 praecabimur

179 2273 226 2312 vt
259 2271 308 2313 R.
334 2271 378 2312 P.
406 2269 457 2313 V.
492 2270 787 2312 valetudinem
821 2272 988 2313 firmam
1022 2273 1067 2313 et
1107 2271 1444 2325 prosperitatem
1483 2269 1525 2311 in
1566 2283 1611 2311 se
1645 2283 1814 2311 omnem
1848 2270 1950 2312 dare

177 2339 220 2378 et
255 2349 416 2390 augere
450 2336 654 2389 dignetur
685 2350 762 2390 per
784 2336 928 2378 ‹JESVM
959 2336 1175 2378 Christum
1198 2336 1427 2378 Dominum
1462 2338 1656 2377 nostrum
1683 2334 1950 2389 Antverpiae

185 2401 273 2444 27.ἰ
307 2401 575 2455 Septembris
612 2402 736 2444 1573.

298 2466 581 2509 Reuerendok
606 2466 836 2509 admodum
859 2467 901 2508 in
921 2467 1090 2510 Christo
1109 2466 1230 2510 Patri
1253 2465 1434 2508 Domino
1458 2466 1588 2508 Petro
1611 2464 1779 2508 Canisio
1803 2464 1948 2507 Socie-

179 2532 286 2574 tatis
317 2532 426 2574 JEsv
459 2532 692 2586 Theologo.
818 2532 1123 2587 Oenipontum.

297 2607 464 2642 Canisius
494 2607 658 2641 Plautino
685 2607 870 2652 respondit
897 2608 955 2643 21.
974 2607 1184 2642 Decembris
1213 2607 1314 2641 1573.

297 2695 325 2719 a)
347 2689 411 2719 Sim·
440 2690 584 2713 rolehatne
609 2690 736 2715 scribere
763 2689 920 2722 operarii?
1029 2689 1058 2719 b)
1080 2690 1127 2714 Sic
1146 2690 1242 2713 l'lrmt.
1269 2689 1397 2713 murrea-it
1426 2697 1461 2713 ent·
1488 2687 1722 2719 Euangeliorunl
1749 2694 1825 2719 quae
1851 2687 1948 2719 primo

178 2731 354 2762 impressae.
436 2732 462 2761 c)
485 2732 531 2755 l'el
551 2731 808 2764 praeconceperat
830 2733 871 2756 rel
891 2732 986 2756 simile
1009 2740 1051 2759 ru,-
1071 2731 1315 2762 1'l«›‹!.p›-in¹11111
1336 2731 1513 2762 scripserat:
1533 2729 1654 2761 Molanj.
1676 2729 1704 2754 Is
1724 2728 1874 2761 siquidem
1895 2728 1950 2753 im—

177 2771 346 2804 prudenter
366 2772 395 2796 et
413 2773 535 2804 praetor
555 2772 778 2805 praescriptum
799 2773 949 2799 nostrum.
1005 2772 1035 2804 d)
1058 2774 1225 2804 Sequuntur
1241 2780 1281 2796 ιϊ.
1297 2778 1387 2804 quam
1407 2771 1666 2804 praescripseram
1686 2769 1829 2799 inchoari.
1849 2769 1949 2795 notari

177 2813 203 2837 A
224 2814 255 2837 et
275 2813 317 2838 ita
337 2813 492 2845 prosequi,
520 2814 610 2838 oblim.
716 2815 743 2846 e)
765 2815 811 2839 Si<-
830 2816 874 2840 I’I.
895 2815 1023 2839 corrasit
1044 2823 1080 2839 ex·
1099 2813 1318 2843 contineretur,
1343 2814 1416 2845 quod
1437 2814 1606 2844 scripserat.
1711 2812 1733 2843 s)
1758 2813 1804 2836 Sic
1823 2813 1867 2837 Pl.
1888 2820 1908 2836 c'
1921 2820 1947 2835 ν-

179 2855 255 2879 )·ρ.ι’ῐτ
277 2863 312 2879 ea·
334 2863 375 2879 vr.
391 2854 536 2886 Quoniam
552 2862 625 2880 vero
647 2854 762 2880 nullum
783 2863 965 2888 responsum
980 2863 996 2880 a
1011 2855 1043 2881 R.
1059 2854 1089 2882 Ρ.
1104 2855 1137 2881 V.
1152 2855 1269 2880 interea
1290 2861 1501 2887 acceperamus
1521 2854 1619 2879 suasit
1639 2853 1712 2879 mihi
1732 2852 1763 2880 P.
1779 2852 1949 2878 Hurlemius

178 2895 286 2921 noster
306 2896 341 2920 vt
361 2902 590 2929 praeponerem.
626 2898 671 2920 1221*
691 2898 794 2927 quibus
817 2906 857 2922 rr.
878 2898 1068 2929 connascitur,
1087 2897 1280 2929 supplendum
1302 2905 1362 2921 esse
1382 2902 1602 2928 acceperamus.
1713 2897 1744 2925 g)
1767 2896 1786 2919 ,21
1809 2895 1851 2919 Pl.
1873 2902 1947 2918 corr.

180 2946 216 2961 ea·
238 2936 389 2969 dignetur.
514 2937 544 2967 h)
566 2938 630 2967 Si‹·,·
650 2939 699 2961 sed
721 2939 763 2963 ΙἸ.
784 2940 910 2963 scrihere
932 2940 1055 2964 immisse
1078 2939 1193 2964 ridetur
1218 2943 1268 2963 ⁴111!
1289 2937 1430 2971 displicet
1449 2936 1497 2962 vel
1519 2935 1683 2966 desiderat,
1713 2939 1763 2960 an!
1790 2934 1949 2968 displiceat

179 2977 227 3003 vel
260 2977 429 3008 desideret;
458 2988 491 3003 ιι(-
516 2988 573 3010 pru
603 2977 759 3004 desiderat
787 2984 837 3005 ιιιιτ
868 2979 1023 3006 desideret
1050 2981 1215 3011 ponendum
1245 2981 1314 3011 snit.
1340 2983 1421 3011 pulo,
1452 2977 1645 3003 desideratur
1669 2981 1719 3001 au!
1747 2975 1947 3002 desideretur.

179 3020 198 3051 i)
221 3022 242 3044 ,ί
266 3021 310 3045 I'I.
331 3028 405 3045 corr.
425 3029 461 3045 ω·
482 3021 644 3053 postrema.
751 3021 778 3053 ky
804 3023 845 3047 ΙἸ.
867 3023 941 3047 Imm·
972 3023 1190 3053 inscriptimwen
1221 3023 1248 3046 ιή
1269 3023 1363 3053 rapite
1384 3020 1583 3045 ronnnmdarii
1608 3020 1713 3050 posuit,
1736 3021 1859 3050 praeter
1880 3019 1946 3042 ulti-

178 3070 253 3086 mum
278 3070 310 3091 zu,
330 3063 403 3093 quod
421 3066 485 3093 pus!
511 3065 701 3094 157-'5110.s·1‹it.

303 3147 309 3165 ι
338 3145 428 3179 vide
453 3120 571 3190 supi-{i
590 3157 624 3190 p.
646 3146 724 3181 122.

299 3198 311 3218 ²
337 3199 376 3232 In
403 3198 470 3233 hac
497 3199 652 3233 editione
681 3200 789 3244 (quae
822 3199 1026 3234 accuratius
1053 3199 1276 3233 describetur
1302 3198 1406 3239 infra,
1439 3209 1592 3232 monum.
1616 3198 1735 3241 1157),
1773 3195 1944 3231 catechis-
