2062 3443
714 138 807 172 Mon.
832 137 933 171 1219.
982 136 1225 170 1577—1578.
1771 137 1852 177 779

84 259 186 299 nato
219 256 388 299 Christo
417 258 526 298 1577
562 256 603 298 in
628 255 819 309 Collegio
843 253 1071 296 Albertino
1094 253 1209 295 inter
1232 253 1421 294 eiusdem
1447 253 1624 306 Collegij
1646 252 1854 294 Alumnos

82 326 127 364 et
159 321 430 363 conuictores
463 321 726 363 exhortante
759 320 813 361 ad
846 319 887 361 id
914 318 1169 360 Reuerendo
1203 322 1303 372 pat:
1339 318 1468 360 Petro
1493 318 1663 359 Canisio
1687 317 1853 360 Societ:

81 386 221 430 JESV
241 400 366 439 quem
391 387 616 429 authorem
641 387 705 439 suj
731 385 932 428 habuisse
956 383 1110 425 merito
1134 383 1380 425 sodalitium
1406 386 1601 425 nostrum
1626 384 1853 425 laetatur&

82 451 248 504 sibique
281 452 530 504 gratulatur
545 451 571 500 ¹',
607 451 762 504 viginti
796 452 935 499 erant,
970 448 1042 502 qui
1076 450 1112 500 ej
1155 451 1196 489 1⁰
1220 448 1394 490 nomina
1427 448 1651 498 dederunt,
1682 447 1856 488 Alumni

81 516 344 558 serenissimi
361 516 572 570 Principis
595 529 757 566 omneS‚
783 515 854 568 qui
871 518 972 557 tunc
992 517 1117 556 erant
1140 513 1351 563 vndecim‚
1387 513 1665 555 Conuictores
1689 512 1854 564 reliqui.

82 595 261 635 quorum
306 581 505 635 exemplo
548 581 728 634 excitatj
775 580 944 633 externj
989 579 1160 632 quidam
1204 578 1384 632 studiosj
1428 578 1637 632 paulatim
1683 591 1729 618 se
1774 577 1858 617 illis

81 646 388 696 adiunxerunt,
422 646 485 687 ita
508 650 556 688 vt
580 660 691 688 anno
715 644 911 698 sequenti
937 645 976 685 in
1003 644 1109 685 duas
1132 647 1281 697 partes
1305 643 1595 696 Congregatio
1625 642 1681 684 sit
1705 641 1857 683 diuisa.

202 734 278 768 Hae
314 733 456 768 litterae
493 734 630 777 fugisse
658 733 825 767 videntur
854 734 1055 775 Casparum
1083 731 1244 765 Lechner
1270 732 1304 765 S.
1326 731 1357 765 J.
1379 731 1426 772 (a.
1448 731 1539 765 1600
1567 730 1781 763 Societatem
1811 731 1858 762 in-

82 798 258 831 gressum.
285 799 316 821 a.
341 787 430 821 1634
457 788 665 828 mortuum),
703 787 763 830 qui
791 786 1006 831 praecipuus
1033 788 1158 818 auctor
1186 784 1251 818 tuit
1281 784 1553 826 (Somneerrossel
1579 783 1600 817 1.
1622 795 1651 817 0.
1671 783 1720 817 IV
1751 783 1856 818 1640)

81 840 203 879 libelli,
243 841 302 884 qui
339 841 491 884 primum
529 840 741 883 Ingolstadii
779 851 809 874 a.
842 839 928 873 1621
967 839 1084 872 editus
1119 840 1174 871 est
1200 849 1278 872 cum
1315 837 1381 871 1130
1409 837 1659 881 inscriptione:
1700 836 1859 877 ,Sodalis

81 893 297 928 Parthenius
317 921 321 926 .
344 920 350 927 .
372 921 378 927 .
400 921 405 927 .
434 893 553 937 Opera
580 894 752 927 maiorum
780 892 961 926 Sodaliuin
989 892 1285 926 Academicorum
1312 891 1350 926 Β.
1370 890 1505 925 Mariae
1529 890 1686 934 Virginis
1712 890 1857 924 Annun-

81 948 240 986 ciatae“;
268 947 302 981 in
331 947 396 980 hoc
423 949 516 981 enim
539 948 588 991 (p.
608 947 764 988 59-61)
786 946 1014 980 sodalitatum
1037 945 1372 988 ingolstadiensium
1392 947 1492 978 ortus
1515 956 1552 986 „e
1572 943 1856 977 commentariis‘

81 1001 133 1035 sic
159 1003 344 1034 narratur:
375 1002 475 1034 Anno
504 1001 605 1038 1577,
634 1012 712 1033 cum
741 999 951 1042 Ingolstadii
982 998 1018 1034 P.
1044 998 1158 1040 ,Otho
1186 997 1425 1042 Eysenreich“
1457 1009 1587 1040 regens
1614 997 1858 1031 convictorum

80 1054 224 1098 collegii
251 1053 418 1088 albertini
447 1054 539 1099 apud
577 1054 642 1087 1105
669 1056 988 1097 congregationum
1017 1053 1127 1086 variis
1154 1052 1222 1086 iam
1254 1051 1342 1085 locis
1369 1051 1614 1084 institutarum
1643 1051 1858 1084 mentionem

82 1108 239 1146 fecisset,
279 1108 313 1141 in
341 1107 533 1141 multorum
574 1108 703 1141 animis
732 1106 926 1140 vehemens
953 1107 1089 1140 exarsit
1116 1105 1331 1139 desiderium
1359 1104 1531 1139 similium
1563 1106 1859 1147 „conventuuni“.

86 1160 157 1203 ,Re
184 1161 306 1205 itaque
333 1172 413 1195 cum
442 1161 480 1195 R.
503 1161 541 1195 P.
561 1160 781 1194 Theodorieo
809 1160 952 1194 Canisio
979 1159 1131 1192 Rectore
1153 1158 1303 1203 Collegij
1332 1157 1559 1192 Societ.1esu
1587 1157 1859 1192 communicata.

80 1214 159 1248 eius
184 1214 441 1259 approbatione
477 1218 585 1258 atque
621 1213 780 1254 auspicio
817 1213 876 1247 XI.
906 1212 980 1247 Cal.
1011 1212 1194 1246 Ianuarias
1230 1212 1360 1255 viginti
1396 1211 1479 1245 lecti
1508 1212 1659 1245 Iuvenes
1695 1211 1788 1245 111101·
1822 1222 1860 1245 50

83 1267 298 1302 Societatem
329 1267 604 1301 l'arthenianam
642 1267 746 1312 primi
783 1267 949 1300 inierunt.
971 1293 978 1300 .
999 1293 1005 1300 .
1026 1292 1033 1299 .
1072 1266 1201 1300 Postea
1237 1276 1315 1299 cum
1353 1277 1445 1298 anno
1472 1265 1705 1308 consequenti
1741 1264 1861 1309 plures

82 1324 376 1361 nurnerarentur;
417 1333 523 1365 quam
552 1324 590 1354 vt
625 1320 809 1354 commode
845 1320 888 1354 ab
916 1332 985 1354 vno
1012 1319 1232 1362 Magistratu
1259 1318 1336 1361 regi
1367 1322 1522 1363 possent,
1559 1318 1593 1351 in
1622 1318 1792 1352 Maiorem
1820 1329 1860 1351 ac

83 1375 255 1409 Minorem
283 1374 400 1409 diuisa
435 1378 490 1408 est
517 1385 550 1407 v.
572 1374 655 1407 Idus
682 1373 870 1407 Deceiiih.“
919 1372 1100 1413 Similiter,
1137 1372 1235 1406 nulla
1262 1372 1360 1405 Petri
1388 1371 1521 1405 Canisii
1547 1371 1727 1404 mentione
1754 1371 1861 1407 facta,

83 1431 208 1473 postea
245 1439 286 1462 ea
323 1428 365 1462 de
400 1440 438 1462 re
473 1427 619 1472 scripsit
646 1429 816 1471 *lyr-scola
844 1427 865 1460 l.
895 1439 924 1461 c.
956 1427 967 1460 Ι
996 1427 1080 1460 Dec.
1098 1427 1131 1467 4,
1166 1438 1200 1460 n.
1219 1426 1307 1465 2673
1346 1436 1449 1469 quem
1478 1424 1604 1458 deinde
1634 1427 1781 1459 secutus
1807 1428 1861 1458 est

83 1482 148 1515 Fr.
184 1482 322 1515 Hattler
347 1482 380 1516 S.
409 1482 454 1518 J„
494 1481 562 1514 Der
598 1480 826 1523 ehrwiirdige
856 1480 892 1514 P.
921 1479 1038 1514 ι131101)
1064 1479 1164 1518 Rern,
1192 1478 1430 1521 Regensburg
1459 1478 1559 1517 1881,
1589 1477 1643 1512 71.
1695 1477 1859 1511 0010111111

83 1535 159 1569 fieri
186 1537 338 1579 poterat,
364 1538 405 1568 ut
431 1536 466 1568 et
485 1534 651 1568 Canisius
678 1537 714 1568 et
732 1533 941 1567 Eisenreich
968 1544 1111 1577 operam
1139 1534 1343 1566 conferrent
1369 1532 1412 1565 ad
1441 1543 1518 1564 eam
1546 1532 1861 1575 congregationem

84 1587 361 1628 instituendam;
389 1599 496 1632 quam
524 1587 555 1621 si
581 1599 649 1621 non
669 1590 763 1625 ante,
792 1590 888 1621 certe
908 1587 977 1620 iam
997 1598 1041 1620 ni.
1063 1585 1209 1619 Octobri
1237 1598 1267 1619 a.
1291 1585 1378 1619 1577
1407 1587 1521 1618 ortam
1541 1596 1620 1618 esse
1638 1584 1861 1627 intellegitur

84 1653 130 1675 ex
156 1642 332 1679 laudibus,
360 1642 490 1685 quibus
510 1641 675 1675 Canisius
702 1641 737 1675 in
764 1640 895 1674 litteris
922 1640 954 1674 8.
974 1639 1188 1673 Novembris
1216 1639 1304 1672 1577
1333 1639 1376 1672 3(1
1397 1639 1435 1672 Ρ.
1456 1638 1643 1672 0051010111
1671 1637 1764 1672 datis
1783 1649 1860 1672 eam

83 1695 244 1735 extollit;
274 1707 308 1730 v.
329 1699 439 1740 supra
464 1707 496 1740 p.
516 1695 598 1729 423.

202 1748 336 1783 Notum
356 1752 421 1790 est,
449 1748 653 1783 sodalitatis
671 1748 854 1781 marianae
874 1747 1077 1781 institutum
1099 1745 1310 1789 ingolstadii
1330 1745 1387 1779 diu
1408 1748 1444 1779 et
1461 1756 1679 1789 magnopere
1697 1745 1861 1779 floruisse

82 1805 120 1836 et
147 1814 191 1836 ex
218 1814 258 1836 eo
286 1802 511 1847 praeclarum
539 1801 627 1835 illud
659 1801 905 1844 ,colloquium
932 1800 1154 1834 Marianum“
1187 1799 1359 1844 prodisse.

84 1917 229 1954 1219.
307 1916 528 1953 1577--1578,

206 1985 374 2018 canisius
411 1986 447 2017 ιή
485 1984 683 2016 ιη’-5110110110
721 1983 944 2024 collessiornm
983 1982 1207 2014 bibliothecas
1246 1992 1365 2014 eorum
1405 1982 1546 2014 lustrat.
1606 1980 1735 2013 Libros
1773 1981 1863 2013 alios

84 2037 317 2082 „(1pprobat“,
345 2039 436 2070 alios
464 2037 694 2070 includendos
721 2040 835 2079 curat,
863 2037 953 2069 alio.»-
981 2037 1198 2079 „espen-yar
1229 2039 1288 2067 etc.

204 2109 238 2144 S.
264 2109 350 2143 Pius
376 2107 430 2148 V.,
464 2119 545 2142 cum
573 2107 707 2141 Romae
744 2106 967 2151 inquisitoris
994 2105 1176 2149 generalis
1202 2104 1321 2139 officio
1348 2104 1572 2148 fungeretur,
1601 2104 1715 2138 Sociis
1742 2103 1862 2137 varias

83 2163 126 2197 de
152 2162 254 2197 libris
280 2160 471 2206 prohibitis
497 2161 575 2195 sive
601 2160 776 2204 legendis,
803 2160 880 2194 sive
899 2159 1145 2204 expurgandis
1166 2158 1359 2192 facultates
1377 2161 1617 2198 concesserat,
1644 2168 1735 2201 quas
1761 2157 1863 2199 posui

83 2217 118 2250 in
157 2217 243 2251 Gan.
273 2215 323 2249 VI
358 2215 566 2254 269—270:
603 2214 669 2248 has
708 2213 905 2257 Gregorius
940 2212 1038 2246 Xlll.
1075 2211 1303 2246 confirmavit
1337 2211 1470 2245 litteris
1506 2210 1715 2255 apostolicis
1751 2209 1863 2244 Roma

82 2271 115 2305 8.
131 2269 288 2303 Ianuarii
306 2269 396 2303 1575
417 2269 531 2308 datis;
551 2279 643 2311 quae
662 2268 760 2312 typis
779 2267 983 2311 exscriptae
997 2269 1082 2300 50111
1096 2266 1130 2299 in
1148 2266 1318 2309 „Litteris
1337 2264 1560 2308 apostolz'cis“
1579 2268 1646 2298 etc.
1666 2264 1863 2298 137—141.

82 2326 202 2367 Atque
229 2323 436 2357 Ecerardns
462 2324 718 2356 illercuri'anus
752 2320 980 2365 praepositus
1016 2319 1196 2362 generalis
1223 2318 1256 2352 S.
1287 2318 1319 2352 J.
1353 2318 1648 2352 *institutionem
1684 2316 1864 2361 quandam

85 2377 203 2419 „circa
229 2388 332 2410 usum
361 2376 531 2409 librorum
561 2374 818 2419 prohibitorum
845 2377 882 2407 et
908 2373 1057 2407 aliorum
1085 2371 1327 2416 quorundam“
1359 2371 1568 2416 composuit,
1606 2371 1640 2404 in
1669 2382 1737 2414 qua
1765 2370 1863 2406 haee.

82 2432 226 2475 praeter
252 2430 332 2470 alia,
361 2429 650 2474 praecipiuntur:
678 2427 924 2461 Provinciales
952 2428 1120 2471 poterunt
1146 2436 1250 2474 usum
1277 2424 1459 2465 librorum,
1491 2425 1570 2468 ..qui
1590 2425 1634 2458 ab
1654 2423 1864 2458 authoribus

82 2483 276 2518 haereticis
301 2482 506 2527 conscripti,
543 2485 663 2515 tamen
691 2493 735 2514 ex
762 2480 924 2525 professo
953 2480 995 2513 de
1022 2479 1194 2522 religione
1221 2489 1289 2511 non
1317 2480 1509 2517 tractent“‚
1546 2480 1582 2511 et
1608 2478 1864 2511 obscoenorum

82 2539 144 2571 aut
175 2536 266 2579 „alia
292 2536 334 2570 de
361 2547 472 2570 causa
498 2534 632 2569 nostris
658 2534 803 2567 minime
830 2533 1140 2567 conuenientium“
1172 2531 1365 2565 concedere
1394 2531 1519 2571 Sociis,
1555 2531 1706 2574 „quibus
1733 2530 1864 2564 iudica-

82 2590 181 2631 bunt,
217 2589 390 2624 adhibitis
415 2589 492 2623 suis
518 2587 794 2628 consultoribus,
831 2587 1056 2625 conuenire“,
1089 2589 1125 2620 et
1152 2584 1365 2618 facultatem
1392 2596 1496 2618 usum
1524 2584 1695 2619 librorum
1724 2584 1864 2618 illorum

80 2643 312 2688 permittendi
340 2642 540 2677 rectoribus
567 2640 774 2675 concedere.
818 2641 989 2674 Attamen
1016 2639 1060 2673 ab
1089 2639 1229 2672 Erasmi
1249 2637 1480 2672 Roterodami
1507 2640 1543 2672 et
1563 2637 1734 2672 Ludovici
1754 2636 1865 2671 Vives

82 2696 184 2731 libris
214 2697 347 2738 „nostri
378 2695 620 2734 abstinebunt,
656 2694 725 2728 nisi
752 2694 782 2727 si
809 2693 938 2737 quibus
973 2693 1152 2726 interdum
1180 2703 1301 2725 eorum
1329 2703 1416 2725 usus
1442 2691 1486 2725 ad
1514 2691 1685 2725 maiorem
1712 2690 1863 2733 gloriam

83 2749 148 2784 Dei
175 2749 358 2784 uideretur
377 2761 456 2783 esse
482 2748 719 2787 necessarius,
748 2747 855 2790 idque
879 2746 1169 2790 praepositorum
1190 2744 1468 2778 Prouincialium
1496 2745 1627 2778 iudicio
1653 2746 1761 2788 atque
1789 2756 1865 2789 per-

81 2804 206 2844 missu,
242 2814 348 2847 quem
376 2803 410 2836 in
438 2802 544 2836 finem
572 2801 636 2834 illa
661 2801 856 2844 separatim
884 2800 1004 2843 aliquo
1032 2799 1066 2833 in
1094 2798 1171 2832 loeo
1197 2798 1334 2832 seruari
1366 2800 1544 2841 poterunt.
1596 2797 1863 2832 Obscoenorum

81 2856 254 2891 librorum
281 2855 408 2900 quales
426 2858 511 2889 sunt
531 2854 675 2894 Catulli,
702 2853 845 2893 Tibulli,
875 2853 1065 2897 Propertij,
1095 2852 1256 2896 plerique
1281 2851 1326 2885 ab
1344 2850 1473 2886 Ouidio
1500 2851 1706 2895 conscripti,
1734 2850 1864 2886 Plauti.

82 2909 254 2954 Terentij,
282 2909 434 2953 Horatij,
461 2907 651 2947 Martialis,
678 2906 828 2952 Ausonij
850 2906 956 2947 Galli,
985 2917 1072 2940 usus
1090 2917 1159 2939 non
1186 2905 1428 2949 permittatur,
1456 2904 1523 2938 nisi
1543 2903 1705 2944 maturis,
1733 2905 1865 2948 quique

82 2963 135 2997 eis
161 2963 238 2997 sine
264 2963 432 3008 periculo,
469 2961 513 2995 ad
540 2960 660 2995 studia
695 2960 881 2994 literarum
913 2959 1123 2993 humaniora
1160 2958 1413 3002 promouenda.
1449 2958 1500 2991 uti
1528 2960 1706 3003 poterunt.
1758 2957 1864 2991 Nulla

81 3019 204 3050 autem
231 3016 369 3050 ratione
395 3014 624 3049 scholasticis
650 3014 785 3048 nostris
811 3024 1025 3058 quocunque
1053 3014 1244 3056 praetextu
1272 3011 1540 3056 permittantur,
1568 3022 1609 3045 ac
1627 3022 1671 3045 ne
1690 3010 1771 3055 alijs
1790 3011 1863 3055 qui-

82 3070 174 3110 dem,
202 3070 310 3103 etiam
340 3068 537 3112 magistris,
574 3078 724 3111 quorum
753 3067 901 3112 puritati
928 3065 1064 3110 aliquid
1092 3065 1184 3099 labis
1211 3064 1354 3109 aspergi
1382 3075 1487 3109 posse
1513 3064 1759 3099 dubitaretur:
1797 3063 1864 3097 Ex-

207 3152 234 3178 ai
255 3150 404 3176 laetatum
424 3157 525 3181 apostr-
619 3149 649 3180 b)
670 3148 857 3181 gratulatum
879 3156 978 3180 apuys.
