2051 3433
223 156 308 197 262

311 269 552 304 Rlbadeneira
582 269 674 301 1572
685 279 696 300 :

222 345 282 378 tae
319 341 518 385 grauitate,
557 341 665 382 atque
703 347 783 381 pru-

224 396 356 438 dentia,
391 393 649 429 catholicorum
684 389 784 424 Prin-

226 450 344 495 cipum
371 448 520 488 animos,
548 444 697 480 mirifice
717 443 786 478 sibi

228 502 414 547 obligauit.
513 499 786 534 Haeieticorum

225 557 384 591 furorem
395 554 578 600 repressit,
594 554 630 586 et
639 552 786 586 nostrae
809 559 810 586 1

229 609 420 645 Societatis
470 608 601 642 bonum
644 605 786 639 odorem

227 663 359 708 ubique
401 660 555 707 sparsit:
600 659 703 703 eique
751 658 786 691 in

226 716 486 751 nobilissimam
522 713 632 755 illam,
670 714 705 746 et
735 719 812 771 re-‡

226 769 496 814 ligiosissimam
532 767 615 801 olim
647 764 812 813 prouin-1

227 824 330 865 ciam,
356 824 453 857 uiam
479 820 629 866 aperuit,
656 821 692 853 in
719 829 789 862 qua
811 842 813 854 2

227 877 305 923 ipse
326 875 590 911 seminauit
613 884 706 908 cum
733 872 788 906 la-

229 930 410 976 crymis,
431 940 522 973 quae
537 928 671 973 posteri
695 937 787 960 cum
811 922 813 924 “

230 983 575 1018 exultatione
641 982 812 1014 mete-1

229 1038 372 1072 rent¹.
407 1036 495 1070 Eius
522 1033 685 1079 exemplo
711 1044 787 1078 per-

231 1091 319 1125 moti
355 1089 520 1124 monachi
547 1086 788 1127 Carthusiani,
811 1111 812 1115 ,

229 1144 266 1178 in
277 1143 419 1189 publico
431 1144 609 1177 conuentu
621 1140 788 1175 Coloniae

231 1199 438 1232 uniuersam
476 1197 637 1230 nostram
673 1193 789 1229 Socie-

230 1253 366 1292 tatem,
419 1250 575 1283 omnium
618 1248 789 1282 bonorum

233 1315 391 1349 operum,
412 1302 693 1345 meritorumque
711 1312 789 1335 suo-

233 1369 312 1392 rum
340 1358 457 1391 fecere
483 1355 706 1401 participem.
749 1354 789 1388 In

233 1410 360 1454 Belgio
386 1409 564 1454 deinceps,
591 1409 789 1450 Lusitania,

238 1463 408 1505 Castella,
427 1463 603 1508 Hispania
616 1464 704 1503 tota,
719 1474 789 1496 om-

235 1518 361 1559 nibus,
402 1517 531 1562 quibus
570 1528 649 1551 cum
688 1516 790 1556 uixit,

238 1570 463 1606 uenerationi
482 1571 561 1605 fuit.
589 1575 648 1605 etc.

366 2751 394 2781 a)
417 2751 462 2775 sn,-
483 2754 511 2775 ι·.

248 2800 270 2817 ι·.
291 2793 326 2815 «b
342 2792 374 2817 E.
393 2800 484 2823 supra
508 2799 620 2816 versum
641 2792 780 2823 scriptum
796 2795 846 2816 est.

246 2834 309 2864 ipso
331 2835 359 2858 C.
379 2841 471 2864 supra
495 2841 609 2858 versum
628 2834 739 2865 scripta
759 2836 836 2858 sunt.

247 2875 310 2906 ipso
331 2876 359 2900 C.
379 2883 471 2906 snpra
501 2882 612 2900 versun»
632 2875 775 2906 scriptum
795 2878 844 2900 est.

371 2997 380 3017 ¹
407 2997 455 3030 Ps
484 2997 561 3038 125,
587 2998 620 3032 5.

1026 265 1192 298 Carzisms
1203 276 1213 297 :

840 335 1051 374 haereticis
1091 335 1179 385 alijs
1210 332 1396 383 congredi

840 408 919 433 non
959 394 1164 441 dubitauit,
1205 397 1243 432 et
1281 406 1396 442 quam

841 454 926 504 ipse
973 454 1088 492 fidem
1135 453 1396 503 profiteretur,

841 514 920 552 illis
962 513 1080 551 etiam
1127 512 1256 562 potuit
1297 524 1397 550 com-

809 574 1021 623 probare.
1078 572 1154 610 Pro
1180 571 1398 609 haeresiar-

844 632 940 679 chis,
964 635 1100 682 utpote
1127 631 1303 677 Caluino,
1325 631 1397 668 Lu·

843 693 968 738 thero,
999 691 1179 741 Philippo
1194 693 1207 713 ²
1237 694 1276 728 et
1296 689 1398 728 sirni-

843 752 945 790 libus
984 752 1222 800 singularem
1262 749 1399 788 orandi

844 811 1023 861 spiritum
1090 810 1147 848 illi
1209 809 1399 848 Dominus

811 876 813 910 ἶ
844 871 1107 921 impertiebat,
1139 870 1241 908 sicut
1270 872 1309 907 et
1328 882 1398 918 pro

811 960 812 963 η
845 934 928 968 tota
941 930 1163 976 Germania,
1186 941 1299 978 quam
1318 932 1399 966 tum

844 990 1128 1028 restituendam
1162 999 1277 1026 eSSO³
1316 1000 1400 1025 sen·

811 1062 812 1073 ¹
846 1050 972 1087 tiebat
1000 1052 1118 1098 atque
1146 1047 1402 1098 praedicabat

811 1126 812 1135 ¹
845 1108 1202 1157 cumbquorundam
1213 1109 1402 1145 bonorum

845 1168 1037 1217 sanguine
1093 1167 1281 1217 primum⁰
1342 1166 1402 1203 ira

845 1228 1003 1266 Domini
1049 1228 1285 1277 placaretur.
1341 1226 1402 1263 Ex

849 1287 1055 1325 Germanis
1111 1286 1278 1336 primum
1334 1285 1400 1323 So-

847 1347 980 1384 cietati
1011 1345 1207 1384 lucrifecit
1237 1346 1401 1394 Mogun—

846 1407 927 1444 tiae
975 1406 1133 1444 Petrum
1190 1404 1401 1451 Canisium,

847 1466 936 1516 quiOl
966 1466 1071 1503 fama
1102 1465 1184 1503 eius
1205 1464 1402 1502 excitatus

851 1527 898 1564 ad
923 1525 1137 1563 uidendum
1166 1525 1275 1562 illum
1296 1524 1403 1563 Colo-

849 1586 915 1624 nia
961 1586 1087 1623 ultro²
1134 1585 1264 1622 fuerat
1318 1598 1403 1634 pro-

849 1647 990 1691 fectus,
1030 1644 1105 1683 Sed
1142 1648 1181 1683 et
1208 1644 1404 1694 hospitem

851 1718 963 1744 suum
1012 1705 1114 1755 apud
1163 1717 1277 1753 quem
1324 1704 1404 1742 Mo-

850 1764 1012 1814 guntiae
1041 1765 1280 1810 morabatur,
1317 1762 1406 1801 Car-

849 1824 1076 1863 thusianum
1120 1823 1262 1861 effecit.
1312 1823 1406 1861 Cum

851 1883 1053 1922 Coloniam
1142 1882 1405 1932 peruenisset,

849 1943 993 1981 multas
1034 1955 1154 1992 saepe
1196 1941 1407 1980 conciones

850 2001 1038 2040 Latinasf
1064 2001 1212 2048 habuit,
1244 2015 1321 2040 non
1349 2015 1408 2039 so-

849 2062 929 2100 lum
957 2062 998 2099 in
1033 2061 1300 2111 monasterijs,
1340 2061 1408 2099 sed

852 2121 971 2159 etiam
1013 2134 1144 2159 coram
1180 2119 1407 2166 Academia,

852 2193 995 2229 easque
1024 2180 1123 2218 mira
1144 2180 1292 2230 pietate
1314 2192 1405 2217 con-

852 2240 964 2278 ditas.
1006 2240 1179 2278 Amabat
1199 2242 1238 2277 et
1257 2251 1408 2277 reuere-

853 2301 969 2338 batur
988 2300 1117 2338 locum
1138 2298 1313 2344 Sacrum,
1344 2297 1409 2347 qui

853 2359 957 2409 apud
999 2358 1255 2398 Colonienses
1299 2360 1410 2395 extat

853 2419 1043 2465 (Auieam

854 2478 975 2526 cant.)
1005 2478 1045 2515 in
1073 2477 1217 2527 templo
1239 2473 1435 2515 Sanctae

854 2538 1037 2582 Vrsulae,
1094 2537 1159 2575 ubi
1216 2536 1318 2574 sicut
1372 2530 1436 2572 et

856 2597 1087 2646 Moguntiae
1134 2596 1238 2633 inter
1294 2594 1412 2633 sacri

854 2656 1061 2702 ficandum,
1083 2656 1208 2694 sacris
1231 2654 1277 2693 de
1295 2655 1412 2692 rebus
1436 2670 1437 2682 π

531 2758 584 2774 sua
606 2758 693 2774 manu
714 2750 841 2774 correxit
861 2757 897 2774 ea·
917 2748 1034 2775 offenso
1056 2747 1118 2774 Deo
1139 2747 1291 2781 placatum
1310 2747 1356 2777 iri,
1376 2754 1449 2779 quae
1469 2746 1504 2770 ab
1519 2746 1586 2770 ΕΜ.
1604 2745 1715 2776 scripta
1736 2747 1829 2769 erant.

921 2792 948 2822 c)
969 2792 1029 2816 Hoc
1049 2798 1073 2815 υ.
1093 2798 1111 2815 a
1132 2792 1160 2815 C.
1182 2791 1211 2814 in
1239 2790 1371 2821 maryi'ne
1397 2788 1532 2813 additum
1559 2790 1609 2812 est.

919 2834 946 2863 e)
969 2834 1028 2858 Hoc
1050 2841 1072 2858 ι’.
1087 2832 1122 2857 ab
1143 2833 1206 2863 ipso
1227 2833 1256 2856 C.
1275 2839 1368 2863 snpra
1392 2837 1504 2855 versum
1525 2829 1666 2860 scriptum
1687 2831 1737 2853 esl.

759 2998 772 3018 ²
798 2997 1086 3032 Melanchthone.

1434 2400 1435 2411 ,
1460 2368 1519 2402 diu
1534 2395 1541 2408 ‚

1101 2430 1297 2455 cameram
1344 2430 1408 2454 uo-
1434 2417 1435 2470 i
1458 2421 1574 2455 batur.

663 147 766 183 1912.
795 146 962 182 Canisius
988 146 1028 181 P.
1047 145 1157 180 Petro
1185 143 1445 179 Ribadeneirae
1471 144 1507 178 S.
1527 144 1558 178 J.

1531 262 1771 295 Ribadeneira
1800 262 1910 295 1586:

1443 346 1518 377 sus,
1545 336 1620 368 tam
1639 333 1770 368 acriter
1788 344 1830 367 ac
1855 333 1997 367 fortiter

1444 390 1484 422 vt
1524 387 1606 431 (nisi
1643 387 1695 421 illi
1727 386 1995 428 obduruissent)

1444 441 1561 482 fidem,
1601 452 1708 485 quam
1743 441 1820 485 ipse
1858 438 1999 484 profite-

1445 494 1560 535 batur,
1599 493 1708 528 facile
1742 492 1815 527 illis
1851 492 2000 537 probare

1445 547 1622 592 potuisset
1634 547 1658 582 ³.
1673 545 1926 581 Admirabilem
1938 556 2000 590 pro

1445 600 1729 641 Haeresiarchis,
1749 601 1897 643 totaque
1918 598 2001 633 Ger-

1447 654 1567 688 mania
1610 653 1734 688 orandi
1776 652 1943 698 spiritum
1982 663 2001 686 a

1446 707 1597 742 Domino
1628 710 1837 752 acceperat:
1872 705 2002 740 sentie—

1445 761 1590 805 batque,
1606 772 1647 795 ac
1659 772 1745 794 vero
1757 762 1880 805 aperte
1895 758 2003 793 etiam

1447 814 1680 859 praedicabat
1703 812 1924 848 Catholicam
1950 824 2002 846 re-

1450 867 1621 911 ligionem
1664 878 1751 902 suae
1792 865 2003 910 integritati.

1448 923 1558 966 atque
1569 921 1721 966 pristino
1732 919 1913 965 splendori
1926 921 2003 953 tum

1449 975 1592 1009 demum
1618 973 1891 1015 restituendam,
1924 983 2003 1007 cum

1450 1028 1673 1073 quorundam
1714 1027 1886 1061 bonorum
1924 1036 2004 1060 san-

1450 1083 1569 1126 guine,
1587 1082 1653 1116 Dei
1671 1081 1723 1115 ira
1741 1080 1895 1126 primum
1910 1081 2006 1114 esset

1451 1135 1608 1180 placata.
1692 1135 1747 1169 Ex
1805 1133 2005 1173 Germanis,

1450 1189 1598 1223 Petrum
1635 1188 1818 1223 Canisium
1852 1186 2006 1221 hominis

1425 1249 1426 1265 ³
1450 1242 1547 1277 fama
1555 1240 2004 1285 excitatum,atqueipsum

1449 1296 1595 1330 videndi
1637 1295 1812 1330 desiderio
1854 1294 2005 1338 Magun-

1451 1349 1541 1384 tiam
1602 1349 1748 1384 Colonia
1805 1347 2005 1393 profectum

1451 1403 1595 1438 Christo
1609 1402 1805 1444 lucrefecit,
1821 1401 2006 1436 Societati-

1451 1469 1520 1502 que
1546 1457 1700 1502 primum
1727 1455 1901 1490 adiunxit.
1937 1455 2006 1489 Ho-

1451 1511 1580 1556 spitem
1615 1521 1720 1544 suum
1755 1508 2007 1552 Maguntinum

1452 1563 1730 1598 Carthusianum
1750 1564 1879 1598 effecit.
1907 1562 2006 1598 Colo-

1452 1618 1534 1652 niae
1551 1617 1686 1652 multas
1699 1629 1807 1662 saepe
1822 1617 2009 1651 conciones

1454 1671 1603 1706 Latinas
1629 1671 1764 1713 habuit,
1799 1682 1869 1704 non
1896 1669 2010 1704 solum

1455 1726 1489 1759 in
1515 1736 1698 1759 sacrorum
1725 1724 1908 1758 hominum
1930 1734 2012 1758 con-

1455 1779 1632 1820 uentibus,
1663 1777 1726 1812 sed
1751 1777 1858 1812 etiam
1883 1777 1918 1811 in
1936 1779 2011 1811 tota

1456 1832 1663 1873 Academia,
1690 1842 1823 1876 easque
1849 1831 1949 1872 mira,
1977 1833 2013 1864 et

1456 1886 1559 1930 graui
1585 1886 1720 1931 pietate
1746 1884 1921 1919 conditas.
1972 1884 2011 1917 In

1455 1940 1590 1985 templo
1632 1951 1718 1973 vero
1761 1938 1804 1973 D.
1847 1937 2012 1979 Vrsulae,

1456 1994 1574 2028 locum
1598 2004 1741 2027 sacrum
1761 1992 1882 2036 (quem
1902 1991 2012 2025 veris-

1457 2047 1548 2082 sime
1578 2057 1722 2081 auream
1749 2056 1928 2080 cameram
1954 2056 2013 2078 vo-

1457 2100 1556 2144 cant)
1599 2099 1889 2134 beatissimarnm
1935 2098 2014 2132 Vir—

1457 2154 1583 2197 ginum
1609 2152 1761 2194 ossibus,
1799 2155 1907 2196 atque
1933 2151 2013 2186 reli-

1458 2206 1554 2252 quijs
1608 2205 1884 2241 refertissimum
1900 2233 1907 2246 ,
1973 2216 2014 2239 ac

1458 2261 1651 2295 caelestem
1675 2259 1853 2303 quendam
1871 2258 2014 2293 odorem

1458 2314 1675 2359 spirantem,
1716 2312 1813 2346 humi
1852 2311 2014 2346 abiectus

1591 2366 1816 2410 multumque
1867 2376 2014 2399 venera-

1635 2419 1704 2453 Vbi
1747 2419 1840 2453 inter
1880 2417 2013 2453 sacrifi-

1460 2474 1626 2517 candum,
1660 2473 1756 2507 sicut
1781 2471 1871 2506 alias
1896 2482 2013 2516 saepe

1461 2527 1621 2562 illusties
1659 2526 1790 2560 diuinis
1828 2525 1871 2559 de
1908 2525 2015 2559 rebus

1461 2580 1684 2624 cognitiones
1735 2579 1884 2624 accepit.
1960 2578 2014 2612 In-

1460 2635 1575 2669 fracto
1601 2644 1743 2678 semper
1767 2634 1912 2678 pectore
1938 2643 2014 2676 per-

1903 2741 1934 2773 b)
1956 2743 2014 2767 Ilm·

1691 2785 1721 2817 d)
1746 2786 1815 2810 Tria
1838 2793 1879 2809 ιϊ.
1899 2793 1958 2816 sqq.
1979 2784 2014 2808 ah

1812 2826 1834 2858 f)
1855 2828 1914 2851 1101·
1934 2835 1958 2852 ι·.
1979 2827 2014 2850 cvl»

368 3050 381 3070 ³
407 3050 516 3092 Haec,
552 3051 645 3094 quod
681 3051 724 3085 ad
761 3051 811 3085 rei
848 3051 991 3096 quidem
1027 3060 1204 3085 summam
1238 3048 1378 3089 attinet,
1414 3059 1494 3082 cum
1528 3046 1661 3081 Canisii
1695 3045 1900 3080 narratione
1934 3055 2013 3078 con-

248 3106 401 3147 gruunt;
437 3106 596 3138 attamen
631 3106 707 3138 tum
743 3104 786 3138 de
816 3103 1150 3149 „congressionum“
1180 3102 1323 3136 illarum
1359 3112 1518 3142 numero,
1553 3104 1628 3135 tum
1657 3099 1700 3134 de
1727 3109 1850 3133 earum
1876 3097 2013 3132 ratione
2050 3114 2051 3124 π

249 3156 331 3201 plus
357 3156 449 3192 dixit
467 3156 717 3199 Ribadeneira,
743 3169 851 3202 quam
875 3169 920 3192 ex
939 3157 1082 3193 Canisio
1100 3158 1301 3201 acceperat.
2050 3142 2051 3150 ἵ
