2051 3433
226 160 312 202 754
988 155 1083 189 Mon.
1110 154 1212 190 1198.

225 286 393 318 magnam
420 274 514 317 gerit
541 284 649 307 verae
676 272 822 317 pietatis
849 274 1017 318 speciem,
1044 283 1195 316 eamque
1222 271 1357 306 claudit
1383 271 1625 316 pulcherrima
1649 271 1896 316 Chrysostomi
1922 282 2001 305 sen-

226 329 338 362 tentia
365 346 373 353 ·
393 328 498 361 Fides
525 332 580 361 est
607 327 745 360 animae
772 326 902 367 lumen,
931 326 1059 360 ostium
1089 326 1197 364 vitae,
1225 325 1498 359 fundamentum
1525 325 1654 359 salutis
1679 329 1859 359 aeternae.
1903 325 2002 359 Haec

225 381 285 425 qui
312 381 401 425 legit
426 381 460 414 in
488 381 606 414 fronte
641 380 800 424 ascripta
835 379 982 424 pietatis
1010 392 1051 413 ac
1079 378 1245 413 veritatis
1280 379 1476 419 studiosus,
1513 390 1557 412 an
1584 390 1653 412 non
1690 378 1890 422 ingreditur
1925 377 2002 423 spei

225 434 362 479 plenus,
398 438 434 468 et
469 433 627 467 afficitur
662 445 802 467 summa
837 433 1052 477 cupiditate,
1089 444 1181 476 quae
1216 435 1418 476 sequuntur
1453 432 1571 466 omnia
1606 444 1674 465 non
1710 432 1813 466 modo
1849 431 2002 475 legendi,

225 488 461 522 verumetiam
488 487 725 530 cognoscendi
746 488 783 520 et
801 486 990 520 discendi‘?
1026 486 1075 520 At
1094 487 1153 529 qui
1174 486 1304 520 iudicio
1331 486 1527 530 praeditus,
1554 486 1755 530 spirituque
1775 485 2003 519 discretionis

224 540 424 575 instructus
451 543 516 581 est,
551 540 675 575 statim
703 540 866 574 fraudem
895 539 1147 584 deprehendet,
1184 539 1388 583 referetque
1415 539 1553 584 pedem.
1603 539 1728 582 Neque
1755 538 1848 572 enim
1876 537 2003 583 primis

225 595 443 639 respondent
468 597 531 628 aut
556 593 674 627 media
700 596 762 627 aut
788 593 936 628 vltima:
972 593 1033 627 sed
1062 604 1120 627 res
1148 593 1227 637 ipsa
1253 593 1410 627 ostendit
1437 604 1516 627 esse
1543 592 1837 637 praesentissima
1864 602 2004 625 venena

225 648 331 682 melle
357 648 460 681 illita.
513 647 661 682 Diceres
687 658 767 680 esse
794 647 1016 681 meretricias
1052 646 1134 680 illas
1169 646 1369 686 illecebras,
1406 657 1496 690 quas
1522 645 1693 690 graphice
1721 645 1884 689 depingit
1909 643 2002 679 Solo.

227 702 396 736 Prouerb.
423 703 455 735 5.
484 704 519 735 et
546 702 577 735 7.
604 701 805 744 quibusque
842 700 1002 734 nonnulli
1032 700 1159 733 volunt
1183 699 1445 733 haereticorum
1473 700 1517 734 ad
1545 699 1744 733 illiciendos
1778 698 2002 732 incautorum

226 755 363 789 animos
399 755 616 799 compositas
651 757 758 795 artes,
795 754 958 798 exprimi.
1012 754 1102 795 Quid
1140 765 1273 797 quaeso
1308 759 1364 787 est
1398 755 1432 787 in
1468 753 1702 797 sequentibus
1739 751 1851 785 libelli
1886 751 2002 790 huius,

226 819 331 851 quem
358 819 535 842 summam
563 808 746 841 doctrinae
775 806 1000 841 Christianae
1028 808 1299 852 inscripserunt,
1330 807 1491 851 partibus
1518 806 1571 840 illi
1606 805 1715 839 fronti
1749 805 1896 839 simile‘?
1932 805 2002 837 imo

226 861 311 905 quid
338 874 408 895 non
436 862 640 895 dissimile'.³
668 861 752 906 quid
772 873 840 895 non
861 864 1069 906 corruptum
1096 864 1133 894 et
1150 872 1297 905 prorsus
1324 861 1599 894 adulteratum?
1639 859 1730 901 Quid
1748 871 1816 893 non
1838 868 2004 903 pugnans

226 927 307 949 cum
346 915 503 959 puritate
542 915 772 960 Apostolicae
815 915 1030 949 doctrinae‘.>
1089 914 1135 948 Et
1173 926 1218 948 ne
1257 914 1397 948 infinita
1440 925 1653 958 persequar,
1695 925 1803 946 vnum
1846 922 2003 956 propono

227 971 336 1013 caput
362 969 404 1002 de
430 969 533 1002 modo
561 969 816 1013 expiandorum
846 971 1085 1013 peccatorum,
1114 968 1172 1001 fol.
1204 968 1270 1002 103
1287 969 1306 1002 ¹.
1359 967 1446 1001 Cum
1474 979 1538 1001 sex
1567 969 1774 1001 enumerent
1800 965 1934 1006 modos,
1961 975 2002 997 ac

226 1022 347 1066 plures
375 1034 454 1056 esse
481 1021 612 1062 dicant,
641 1024 681 1055 vt
707 1024 763 1055 est
788 1022 1042 1066 superstitiosa
1079 1021 1283 1065 ignorantia
1318 1021 1504 1062 foecunda,
1540 1021 1640 1054 nulla
1665 1026 1785 1054 tamen
1819 1021 1913 1053 inter
1938 1018 2004 1051 hos

227 1087 374 1120 prorsus
400 1076 533 1109 mentio
560 1075 601 1109 fit
629 1075 685 1109 vel
713 1076 901 1118 sanguinis
922 1075 1068 1116 Christi,
1095 1076 1155 1109 vel
1181 1075 1263 1109 fidei
1288 1075 1321 1108 in
1350 1076 1486 1118 ipsum:
1515 1075 1645 1118 quibus
1671 1074 1758 1108 solis
1783 1072 1931 1107 ferenda
1949 1073 2006 1105 est

226 1133 376 1173 accepta
405 1132 630 1173 peccatorum
657 1129 832 1163 remissio.
874 1128 1031 1162 Hoccine
1058 1131 1114 1163 est
1133 1128 1377 1163 Christianum
1398 1140 1477 1162 esse
1505 1131 1540 1162 et
1559 1129 1594 1161 in
1613 1127 1746 1162 Christi
1774 1126 2004 1171 acquiescere

228 1183 419 1217 doctrina?
470 1183 524 1216 lta
551 1182 643 1216 solet
669 1194 689 1216 a
716 1182 835 1225 seipso
871 1182 1045 1216 dissidere
1071 1183 1307 1222 mendacium,
1344 1194 1454 1226 seque
1481 1182 1598 1226 ipsum
1626 1182 1810 1216 conficere.
1863 1179 1931 1214 Sed
1958 1178 2003 1213 ad

227 1236 298 1270 alia
326 1237 538 1280 pergamus“
573 1238 619 1280 (p.
649 1236 818 1279 60—62).

346 1292 396 1323 At
421 1289 594 1323 mentitur
613 1294 649 1323 et
671 1289 923 1323 calumniando
948 1290 1139 1334 „seipsum
1168 1290 1330 1324 conficit“
1355 1291 1480 1323 Petrus
1498 1291 1707 1333 Boqm'nus;
1733 1299 1815 1322 nam
1837 1288 2006 1321 Cam'sius

227 1345 262 1377 in
294 1343 481 1385 ,ὃυῑηῐηειἂι
522 1343 590 1376 iam
628 1343 710 1377 inde
737 1355 757 1376 a
783 1344 899 1387 prima
935 1344 1012 1377 eius
1049 1343 1204 1377 editione
1240 1344 1360 1377 docuit
1387 1344 1429 1377 de
1468 1342 1698 1385 ‚remissione
1733 1340 2005 1386 peccatorum“:

232 1397 397 1439 „Virtute
424 1396 632 1430 Dominicae
663 1397 842 1442 passionis
870 1398 1095 1437 confer-tu1·“;
1126 1400 1162 1431 et
1189 1397 1231 1431 de
1263 1397 1426 1431 Christo:
1454 1397 1545 1431 Eum
1577 1408 1656 1430 esse
1687 1399 1869 1430 auctorem
1896 1396 2006 1437 atque

228 1453 553 1485 consummatorem
581 1450 781 1495 sapientiae
808 1450 1040 1493 iustitiaeque
1058 1454 1223 1490 nostrae;
1252 1461 1332 1484 esse
1359 1451 1460 1485 nobis
1479 1450 1585 1489 viam,
1608 1449 1797 1483 veritatem
1818 1451 1853 1481 et
1871 1448 2006 1487 vitam;

228 1504 271 1538 de
298 1504 521 1548 plenitudine
554 1505 631 1538 eius
661 1516 785 1538 omnes
814 1516 879 1538 nos
910 1506 1111 1549 accepisse;
1143 1504 1275 1538 Christi
1304 1505 1480 1548 passione,
1516 1504 1703 1546 sanguine,
1739 1512 1855 1542 cruce,
1882 1499 2006 1533 vulne-

228 1558 338 1598 ribus,
373 1561 489 1591 morte
526 1558 775 1602 peccatoribus
811 1557 1110 1599 consolationem,
1146 1559 1350 1597 sanitatem,
1383 1558 1565 1597 virtutem,
1603 1557 1713 1589 vitam
1751 1554 1919 1589 continuo
1945 1564 2006 1586 ex-

229 1610 352 1650 hiberi,
380 1611 570 1645 dummodo
597 1614 749 1655 pareant
775 1613 811 1644 et
837 1611 1103 1656 compatiantur
1130 1611 1272 1645 Christo
1299 1610 1419 1656 capiti,
1445 1613 1485 1644 ut
1511 1611 1562 1644 ita
1588 1609 1695 1644 simul
1722 1620 1801 1643 cum
1831 1619 1870 1641 eo
1897 1605 2005 1650 glori-

229 1665 392 1698 ficentur.
445 1664 490 1698 Et
516 1664 550 1698 in
587 1676 683 1698 nova
714 1664 882 1698 Summae
918 1665 1162 1708 recognitione
1198 1665 1350 1709 primum
1383 1676 1412 1698 a.
1445 1664 1535 1698 1566
1563 1662 1729 1697 Coloniae
1765 1661 1937 1704 evulgata
1970 1661 2007 1692 et

228 1718 402 1763 proximis
429 1718 533 1752 annis
568 1729 678 1763 saepe
703 1729 831 1753 recusa
863 1720 1032 1753 Canssius
1066 1720 1334 1763 responsionem
1362 1718 1405 1752 ad
1433 1718 1679 1762 quaestionem
1707 1715 1804 1749 illam
1833 1714 1875 1748 de
1901 1712 2006 1747 modo

229 1772 488 1816 expiandorum
524 1775 753 1817 peccatorum
781 1784 801 1806 a
831 1772 990 1816 Boquino
1025 1775 1342 1806 commemoratam
1377 1772 1430 1806 sic
1460 1771 1663 1804 exorditur:
1704 1769 1794 1812 „Hic
1820 1769 1853 1802 in
1881 1766 2007 1812 primis

230 1829 285 1859 est
312 1829 415 1859 extra
442 1826 736 1867 controuersiam,
764 1825 948 1859 Christum
969 1826 1072 1859 nobis
1091 1837 1170 1860 esse
1196 1826 1478 1870 propitiatorem,
1506 1827 1542 1858 et
1560 1824 1661 1858 illum
1682 1823 1745 1857 Dei
1774 1833 1918 1866 agnum,
1945 1819 2006 1864 qui

229 1879 326 1913 tollit
353 1881 500 1923 peccata
527 1879 659 1919 mundi,
687 1879 820 1923 quique
838 1879 937 1913 solus
964 1879 1211 1913 remissionem
1239 1882 1467 1923 peccatorum
1488 1878 1590 1912 nobis
1617 1877 1775 1922 potuerit
1801 1874 2006 1921 promereri,

230 1936 266 1967 et
301 1933 550 1978 purgationem
586 1945 708 1966 eorum
740 1933 871 1967 facere.
924 1933 1060 1966 Deinde
1095 1936 1231 1967 certum
1269 1936 1324 1967 est
1350 1932 1464 1966 Deum
1499 1932 1568 1965 fide
1605 1931 1795 1976 purificare
1822 1929 1939 1968 corda,
1967 1931 2007 1961 vt

231 1988 362 2021 Petrus
397 1987 524 2031 inquit,
562 1987 655 2031 quod
692 1987 782 2020 citra
810 1987 917 2020 fidem
956 1987 1151 2027 (humanae
1186 1987 1317 2020 salutis
1344 1986 1474 2020 ostium
1502 1997 1544 2020 ac
1570 1984 1858 2026 fundamentum)
1886 1981 2008 2016 nullus

230 2042 458 2086 peccatorum
495 2041 743 2074 remissionem
779 2044 842 2074 aut
877 2040 1118 2085 expiationem
1149 2040 1318 2084 consequi
1355 2042 1418 2073 aut
1443 2051 1589 2084 sperare
1615 2038 1749 2084 possit“
1780 2039 1847 2071 etc.
1901 2034 2010 2068 Plura

232 2094 313 2128 vide
342 2095 430 2128 Can.
456 2094 506 2127 IV
535 2094 644 2134 1027;
675 2094 705 2127 V
733 2094 933 2129 796—797.

349 2147 475 2191 Neque
501 2148 613 2190 igitur
638 2147 767 2181 mirum
795 2159 874 2182 esse
901 2150 1030 2192 potest,
1057 2149 1263 2191 Boque'num
1282 2147 1325 2181 de
1344 2147 1523 2182 Societate
1544 2147 1622 2180 Iesu
1650 2145 1820 2179 universa
1845 2143 1898 2177 sic
1922 2141 2008 2177 scri-

231 2202 334 2236 bere:
365 2201 483 2243 „Nihil
509 2204 582 2234 tarn
603 2205 660 2235 est
685 2213 859 2242 crassum,
886 2205 959 2235 tam
988 2201 1163 2246 putidum,
1189 2204 1263 2235 tam
1290 2201 1480 2245 impurum,
1507 2203 1581 2234 tam
1608 2199 1783 2233 insulsum
1811 2200 1920 2241 atque
1946 2195 2008 2229 im-

231 2255 327 2300 pium
356 2255 389 2288 in
418 2253 608 2288 Pontificia
634 2254 764 2288 lacuna
790 2258 853 2289 aut
879 2255 1011 2296 cloaca,
1047 2255 1140 2299 quod
1168 2254 1270 2288 nouis
1303 2255 1383 2288 istis
1410 2253 1706 2298 repurgatoribus
1732 2255 1769 2286 et
1794 2251 2009 2285 instaurato-

231 2309 331 2343 ribus
357 2320 425 2341 non
452 2307 542 2341 bene
568 2307 681 2342 oleat:
717 2309 836 2342 omnia
862 2308 1025 2353 probant,
1060 2310 1238 2347 asserunt,
1275 2307 1482 2347 defendunt,
1514 2306 1778 2350 quantumlibet
1803 2303 1862 2338 vel
1889 2304 2011 2347 inepta

232 2361 290 2395 vel
326 2361 492 2395 absurda.
545 2361 583 2395 Id
620 2362 795 2395 editorum
832 2362 876 2396 ab
912 2362 1001 2407 ipsis
1036 2361 1208 2395 librorum
1244 2361 1351 2395 lectio
1386 2361 1587 2395 certissime
1623 2360 1750 2393 docere
1786 2360 1916 2403 potest.

232 2415 443 2458 Quicunque
478 2415 590 2459 igitur
617 2416 651 2448 in
678 2415 780 2449 nouis
807 2416 888 2449 istis
914 2415 994 2449 Iesu
1022 2416 1139 2456 sociis,
1176 2416 1236 2459 qui
1264 2416 1317 2448 vti
1343 2418 1428 2449 sunt
1463 2414 1613 2454 seducti,
1650 2414 1701 2446 ita
1726 2423 1832 2456 quam
1861 2410 2011 2455 possunt

232 2480 377 2513 operam
404 2468 491 2502 dant
517 2472 558 2502 vt
589 2468 680 2502 alios
714 2468 899 2509 seducant,
936 2469 1148 2503 existimant
1182 2468 1340 2513 aliquam
1376 2468 1495 2502 inesse
1522 2478 1630 2500 verae
1656 2466 1691 2500 in
1720 2465 1902 2499 Christum
1929 2461 2011 2497 fidei

233 2522 428 2556 scintillam
455 2533 518 2556 seu
546 2521 686 2562 micam,
719 2527 782 2556 aut
809 2522 967 2567 ipsorum
996 2522 1178 2566 ingenium
1213 2526 1320 2566 atque
1346 2533 1464 2555 mores
1490 2521 1608 2554 minus
1634 2522 1843 2565 perspectos
1869 2517 2010 2557 habere,

234 2577 296 2609 aut
323 2575 387 2609 hos
414 2575 511 2619 ipsos
538 2587 665 2620 parum
692 2575 854 2610 sincerae
881 2576 963 2610 fidei
992 2588 1071 2610 esse
1099 2577 1260 2621 oportet“
1293 2576 1341 2620 (p.
1363 2575 1534 2617 64-66).

235 2666 382 2703 1198.
457 2667 550 2703 1576.

354 2727 407 2761 Ex
435 2727 525 2761 libro
561 2728 691 2770 „Suma
719 2729 762 2762 de
788 2729 930 2763 dotrina
960 2728 1175 2770 Christiana,
1204 2729 1279 2770 Que
1306 2740 1475 2773 compuso
1505 2739 1547 2761 en
1578 2726 1681 2760 Latin
1708 2725 1739 2760 el
1769 2724 1879 2758 Dotor
1899 2724 2012 2757 Pedro

239 2782 397 2823 Canis-io,
423 2792 447 2825 y
473 2781 629 2815 traduxo
657 2793 698 2815 en
727 2782 860 2825 lengua
889 2782 1096 2817 Castellana
1124 2782 1156 2816 el
1184 2781 1294 2816 Dotor
1324 2784 1470 2826 Gaspar
1495 2781 1656 2815 Cardillo
1682 2781 1723 2813 de
1751 2777 2012 2821 ViIIaIpando‘,

235 2832 373 2873 Alc-ala,
404 2834 503 2872 1576,
532 2835 554 2867 f.
580 2836 703 2868 &Sa—7³
729 2835 815 2878 (non
841 2836 946 2879 sign..
973 2836 1008 2869 in
1035 2836 1163 2878 initio).

359 2894 607 2936 Villalprtwlus
646 2896 701 2928 retr
739 2896 916 2938 hispanus
955 2897 1051 2939 isque
1089 2896 1313 2929 doctissimus
1353 2896 1538 2929 canisium
1583 2894 1725 2936 eiusque
1767 2890 2012 2925 catechismum

236 2956 448 2988 magnopere
475 2948 609 2981 laudat.

361 3037 525 3072 ¹Nescio
562 3051 632 3083 qua
668 3040 835 3074 Summae
871 3040 1028 3075 editione
1064 3041 1247 3084 Boquinus
1283 3052 1368 3075 usus
1403 3041 1462 3075 sit.
1514 3039 1645 3074 Exstat
1679 3038 1746 3072 hoc
1776 3036 1924 3080 „caput“
1956 3031 2012 3067 vel

238 3090 358 3133 potius
377 3090 465 3125 haec
484 3095 648 3135 quaestio
668 3105 748 3127 cum
767 3094 999 3138 responsione
1018 3094 1051 3128 in
1072 3094 1227 3128 editione
1246 3093 1502 3128 vindobonensi
1518 3093 1600 3127 anni
1622 3093 1711 3126 1556
1739 3091 1762 3125 f.
1784 3087 2011 3127 145³—147·.

237 3144 273 3177 in
300 3143 492 3178 coloniensi
519 3147 602 3179 anni
632 3147 721 3181 1560
748 3159 780 3191 p.
808 3147 1011 3182 200—203.
