2051 3433
205 179 290 220 504
690 176 794 212 2042.
821 176 1029 211 Everardus
1055 177 1303 212 Mercurianus
1331 176 1484 214 canisio.

324 294 600 336 Colonienses
623 294 675 335 de
698 308 878 347 quorum
901 294 1116 349 spirituali
1139 294 1329 349 periculo
1353 310 1446 338 cum
1473 296 1619 339 dolore
1642 297 1935 340 intelleximus
1951 304 1976 347 ¹,

203 372 280 413 pro
314 359 477 400 uiribus
510 359 692 400 Domino
725 360 1133 402 commendabimus

323 423 416 466 Nec
456 423 571 466 aliud
611 423 736 466 modo
770 425 959 468 occurrit
991 425 1072 467 nisi
1106 428 1153 468 ut
1185 439 1253 467 me
1288 425 1577 468 Reuerentiae
1610 426 1663 469 V.
1696 427 1895 481 precibus
1928 441 1979 469 ac

204 488 429 543 sacrificijs
462 488 770 531 commendem.
836 489 1000 532 Romae
1034 491 1092 532 20.
1117 490 1234 544 Junij
1275 492 1398 534 1579.

323 554 404 595 His
425 553 599 608 scriptis
622 554 868 608 accepimus
891 555 999 596 alias
1022 555 1312 598 Reuerentiae
1329 556 1380 598 V.
1407 556 1578 598 litteras
1603 558 1647 598 7?
1665 557 1767 611 Maij
1791 557 1980 611 scriptas

203 618 245 660 in
289 619 443 671 quibus
485 618 710 660 consilium
753 619 805 661 de
838 619 1071 673 Menghino
1115 620 1420 674 probauimus³
1463 624 1507 663 et
1540 622 1747 674 exequuti
1780 623 1978 671 sumus2;

202 683 390 736 Jtaqueb
424 682 484 739 [P]
520 684 784 726 Reuerentia
818 685 869 728 V.
894 688 990 728 oret
1022 687 1070 727 ut
1101 685 1181 727 hoc
1215 686 1576 739 quemadmodum
1616 687 1677 729 ait
1711 687 1816 730 mite
1847 687 1978 742 phar-

202 749 313 791 maci
346 763 483 802 genus
516 750 594 792 fiat
625 749 687 791 illi
719 750 926 792 salutare.
2008 799 2011 801 ,

323 814 387 855 De
420 814 618 856 Mariano
651 828 781 869 opere
815 815 1012 857 Romana
1045 815 1226 857 domus3
1258 815 1549 859 Reuerentiae
1583 816 1634 861 V.
1658 817 1826 870 gratias
1858 817 1978 871 agit·

204 878 247 920 id
269 878 458 920 nondum
492 879 705 933 peruenit,
740 880 853 933 quod
876 880 1074 935 Venetijs
1097 880 1294 923 substitit
1315 881 1515 923 idoneum
1538 881 1773 935 nauigandi
1806 884 1979 939 tenipus

204 947 445 998 expectans
459 943 487 986 4.

326 1031 357 1065 1.
385 1030 572 1073 Quodnam
599 1031 708 1065 fuerit
738 1031 845 1073 „mite
864 1031 1047 1076 pharmaci
1068 1033 1202 1074 genus“
1233 1032 1332 1074 illud,
1360 1033 1452 1077 quod
1472 1032 1722 1067 Mercurianus
1749 1045 1769 1066 a
1787 1045 1826 1067 se
1846 1033 1979 1068 Canisii

206 1096 317 1118 suasu
354 1084 393 1119 P.
412 1084 599 1118 Dominico
627 1085 797 1128 Mengino
824 1085 1005 1120 Guilielmi
1034 1085 1210 1119 Bau-ariae
1246 1086 1418 1131 principis
1454 1089 1490 1120 et
1526 1085 1686 1120 Renatae
1714 1086 1875 1129 coniugis
1901 1099 1981 1121 con-

203 1137 354 1173 fessario
393 1137 554 1172 adhiberi
581 1138 718 1176 scribit.
754 1142 790 1172 et
825 1139 909 1182 quid
936 1139 1186 1172 Mercurianus
1217 1151 1258 1173 ea
1295 1140 1329 1172 in
1365 1151 1474 1174 causa
1501 1140 1688 1174 Hoffaeum
1724 1140 1979 1184 provincialem

203 1194 391 1236 praestare
418 1191 575 1232 iusserit,
612 1203 656 1225 ex
684 1192 845 1226 eiusdem
872 1194 1101 1226 Mer-curiam·
1126 1192 1287 1226 *litteris
1313 1192 1425 1227 Roma
1453 1193 1594 1227 5.1unii
1625 1193 1715 1227 1579
1742 1192 1979 1238 Oenipontem

207 1245 251 1279 ad
278 1245 467 1279 Hoffaeum
494 1245 616 1279 missis
644 1248 815 1290 apparet:
856 1246 993 1288 „Vidi“‚
1020 1246 1139 1290 inquit
1165 1246 1235 1284 ille.
1267 1246 1413 1288 „literas
1440 1246 1625 1290 Menghini
1662 1246 1786 1290 plenas
1814 1246 1980 1291 querelis,

204 1301 240 1332 et
278 1310 419 1332 summa
457 1298 718 1342 indignitate⁵,
754 1299 811 1333 cui
849 1301 890 1333 ut
927 1310 1158 1333 occurramus
1193 1311 1263 1333 non
1302 1300 1467 1344 equidem
1505 1299 1674 1333 uoluntas
1716 1300 1778 1334 sed
1822 1300 1980 1334 remedia

207 1352 369 1386 desuntc.
421 1352 556 1396 Jtaque
592 1352 734 1396 quando
769 1352 839 1386 iam
873 1352 946 1386 alia
972 1353 1090 1386 omnia
1116 1354 1252 1387 frustra
1287 1357 1427 1387 tentata
1463 1356 1557 1394 sunt,
1593 1353 1663 1386 huc
1699 1354 1980 1397 confugiendum

204 1406 416 1450 putauimus
441 1408 481 1439 ut
507 1417 615 1450 quam
644 1405 854 1440 mollissime
881 1406 925 1440 ad
953 1418 1032 1440 eum
1060 1406 1260 1441 scribentes
1287 1410 1435 1451 paterne
1462 1406 1698 1446 hortaremur,
1737 1408 1777 1440 ut
1802 1407 1879 1452 ipse
1906 1410 1979 1441 met

203 1459 289 1492 dare
322 1458 434 1492 uellet
470 1471 613 1503 operam
651 1459 695 1493 ad
728 1462 850 1493 castra
875 1471 941 1494 sua
967 1459 1150 1494 redeundi.
1179 1459 1392 1505 Exemplum
1428 1471 1497 1493 non
1525 1460 1629 1494 mitto
1664 1460 1756 1502 quod
1793 1472 1856 1505 pro
1883 1463 1982 1494 certo

203 1511 317 1546 habeo
355 1524 433 1546 eam
471 1512 660 1557 epistolam
696 1513 740 1547 ab
776 1513 853 1558 ipso
881 1513 1119 1547 Reuerentiae
1155 1514 1197 1548 V.
1218 1514 1274 1548 cui
1302 1514 1446 1547 uidetur
1481 1514 1669 1555 confidere,
1704 1518 1889 1548 ostensum
1925 1513 1979 1548 iri.

203 1565 323 1600 Velim
354 1569 474 1600 autem
502 1571 544 1600 ut
577 1565 686 1600 simul
711 1566 929 1601 Reuerentia
956 1566 999 1601 V.
1026 1568 1057 1600 ei
1084 1567 1209 1601 literas
1243 1570 1385 1601 nostras
1412 1567 1540 1607 tradet,
1576 1568 1654 1612 ipsa
1681 1579 1822 1612 quoque
1849 1579 1911 1612 pro
1938 1579 1980 1601 ea

140 1642 144 1646 -
203 1620 423 1653 auctoritate
459 1622 495 1654 et
530 1621 650 1663 gratia
685 1632 756 1664 qua
791 1621 885 1665 apud
921 1621 1037 1665 ipsum
1073 1620 1171 1654 ualet
1205 1621 1238 1654 id
1275 1621 1392 1665 ipsum
1420 1620 1452 1654 ei
1485 1620 1737 1655 efficacissime
1765 1621 1979 1666 persuadere

204 1675 353 1707 conetur
379 1685 533 1717 eumque
568 1673 714 1707 tandem
743 1676 937 1719 expugnet,
974 1676 1014 1707 ut
1040 1674 1197 1718 Principi
1225 1674 1318 1718 quod
1350 1674 1402 1707 illi
1429 1673 1639 1708 confidimus
1666 1674 1877 1708 facillimum
1904 1674 1980 1707 fore

205 1726 424 1771 persuadeat
450 1731 490 1760 ut
515 1739 554 1761 se
581 1727 616 1761 in
643 1730 765 1761 nostro
793 1727 954 1770 Collegio
981 1727 1285 1772 quamplurimum
1313 1728 1444 1761 morari
1471 1728 1576 1767 sinat,
1604 1737 1669 1762 nec
1695 1739 1734 1761 eo
1761 1730 1885 1761 utatur
1911 1727 1979 1761 nisi

203 1791 283 1814 cum
323 1780 434 1814 fuerit
468 1782 714 1814 necessarium
754 1782 797 1815 ad
837 1781 1082 1815 confessiones
1121 1781 1372 1826 excipiendas,
1411 1781 1487 1825 ipse
1523 1787 1642 1815 autem
1678 1782 1842 1826 spiritum
1879 1781 1978 1815 illum

202 1833 384 1867 libertatis
411 1833 456 1868 ad
484 1834 710 1878 disciplinam
739 1834 1052 1878 obedientiamque
1078 1837 1274 1869 reformare
1301 1834 1398 1873 uelit,
1427 1837 1461 1868 et·
1488 1838 1660 1878 quantum
1680 1838 1787 1868 antea
1806 1834 1981 1869 fratribus

205 1887 338 1924 nocuit.
365 1890 505 1921 tantum
533 1899 628 1921 nunc
655 1888 768 1931 prosit
787 1888 974 1932 exemplo“
1007 1888 1068 1930 (ex
1095 1900 1242 1928 comm.;
1272 1888 1338 1922 Rh.
1362 1888 1426 1922 [nf.
1449 1889 1476 1928 1,
1507 1889 1535 1921 Η
1565 1888 1589 1922 f.
1609 1888 1701 1930 312³).

325 1940 357 1974 2.
385 1941 438 1975 En
475 1942 574 1986 ipsae
609 1941 783 1975 *litterae
821 1942 965 1976 Canisio
999 1945 1146 1976 auctore
1182 1954 1201 1975 a
1228 1943 1463 1976 Mercuriauo
1498 1942 1702 1986 praeposito
1741 1941 1900 1985 generali
1936 1941 1980 1975 ad

203 1993 247 2028 P.
267 1993 478 2037 Menginum
511 2005 638 2038 „quam
666 1995 897 2029 mollissime“
928 1995 1104 2039 scriptae:
1146 1996 1279 2038 „Credo
1307 1996 1349 2029 ad
1379 1995 1616 2029 Reum-entiae
1643 1995 1685 2029 V.
1712 1995 1874 2029 notitiam
1905 2006 1980 2039 per-

204 2046 351 2081 uenisse
378 2059 470 2091 quae
496 2048 705 2092 praeteritis
731 2048 831 2082 hisce
857 2048 1042 2082 mensibus
1068 2048 1139 2082 sint
1167 2060 1187 2082 a
1206 2049 1307 2083 nobis
1333 2049 1367 2082 in
1388 2049 1626 2082 Reuerentiae
1645 2049 1687 2082 V.
1715 2049 1867 2092 gratiam
1888 2051 1980 2089 acta,

206 2111 385 2144 quamque
401 2101 494 2135 serio
513 2101 593 2135 sita
607 2102 710 2135 nobis
728 2101 950 2136 elaboratum
970 2104 1009 2135 ut
1028 2102 1072 2136 ab
1091 2102 1208 2136 aulico
1228 2103 1296 2136 isto
1316 2103 1398 2146 iugo
1417 2102 1569 2136 liberata
1585 2102 1620 2135 in
1639 2102 1739 2135 suani
1756 2102 1980 2145 iucundoque

204 2154 281 2187 ocio
317 2154 440 2188 uiuere
474 2154 643 2199 deinceps
679 2158 812 2200 posset.
863 2155 998 2190 Verum
1025 2167 1104 2190 cum
1132 2155 1221 2189 nihil
1248 2155 1424 2190 hactenus
1451 2155 1603 2189 obtineri
1639 2167 1659 2189 a
1685 2155 1786 2189 nobis
1814 2156 1982 2199 potuerit.

203 2207 433 2242 Serenissimi
455 2207 633 2253 Principis
660 2208 819 2243 bonitate
839 2209 898 2253 qui
917 2208 1092 2243 iacturam
1119 2221 1159 2243 se
1186 2209 1343 2253 aliquam
1370 2209 1595 2254 spiritualem
1623 2210 1742 2243 facere
1769 2209 1982 2243 existimans

202 2261 374 2295 maiorem
395 2261 660 2295 commodorum
681 2273 826 2296 suorum
848 2274 955 2306 quam
974 2265 1178 2296 nostrorum
1192 2274 1292 2306 *quae
1310 2263 1467 2296 fortasse
1493 2274 1560 2296 non
1582 2263 1632 2296 ita
1652 2262 1741 2296 bene
1760 2262 1980 2307 percipiebat

201 2315 377 2348 rationem
416 2314 549 2349 habere
589 2316 761 2359 perrexit,
801 2316 918 2349 uisum
955 2318 1010 2350 est
1049 2316 1136 2350 mihi
1174 2317 1354 2350 nemiuem
1394 2317 1438 2350 ad
1464 2316 1530 2350 hoc
1566 2317 1683 2360 ipsum
1721 2315 1978 2350 conficiendum

202 2368 374 2412 aptiorem
403 2368 478 2402 fore
514 2380 620 2412 quam
659 2369 851 2413 ipsammet
877 2369 1131 2403 Reuerentiam
1158 2369 1201 2403 V.
1230 2370 1333 2403 cuius
1366 2369 1474 2403 etiam
1510 2380 1591 2403 cum
1627 2369 1810 2412 negotium
1839 2372 1981 2412 agatur,

202 2424 238 2454 et
264 2421 406 2465 quidem
435 2422 633 2455 maximum
661 2422 804 2467 speraui
832 2434 971 2456 omnem
999 2422 1043 2457 ab
1063 2423 1141 2467 ipsa
1169 2423 1202 2456 in
1230 2434 1270 2456 eo
1289 2421 1515 2465 diligentiam
1534 2422 1732 2456 adhibitum
1760 2422 1814 2456 iri.
1855 2422 1978 2456 Dicam

204 2477 325 2508 autem
353 2475 506 2519 primum
545 2486 637 2519 quae
673 2487 730 2509 me
757 2476 801 2510 ad
828 2475 896 2510 hoc
922 2476 1197 2510 desiderandum
1226 2478 1261 2510 et
1287 2476 1499 2510 tentandum
1527 2475 1745 2520 impulerint.
1781 2475 1826 2509 Jn
1855 2475 1979 2520 primis

205 2527 320 2572 ipsius
347 2528 586 2562 Reum-entiae
614 2528 657 2562 V.
685 2528 777 2563 ratio
803 2529 1076 2574 spiritualisque
1103 2529 1297 2574 profectus.
1334 2529 1425 2563 Nam
1453 2529 1519 2562 etsi
1547 2541 1625 2563 eam
1653 2529 1696 2562 de
1722 2528 1818 2562 illius
1844 2529 1979 2562 uirtute

321 2609 350 2639 a)
371 2610 510 2641 Sequitur
530 2616 584 2639 ex,
611 2611 701 2635 oblitt.
807 2611 836 2639 b)
856 2610 967 2635 Nunc?
999 2612 1058 2635 Ilm·
1080 2620 1101 2634 r.
1123 2611 1274 2635 obscurius
1300 2611 1441 2642 srstiplum
1463 2614 1513 2635 est.
1619 2613 1644 2636 c)
1666 2610 1833 2641 Sequuntur
1855 2620 1895 2634 ιϊ.
1915 2608 1980 2635 Hoc

201 2651 304 2675 tamen
325 2650 414 2676 nobis
434 2650 566 2683 uidetur,
588 2651 621 2676 ut
642 2651 787 2684 quoniam
806 2652 838 2678 P.
860 2652 1010 2683 Canisius,
1030 2653 1120 2676 oblite.

325 2745 334 2765 ¹
362 2744 453 2778 Vide
479 2756 588 2790 supra
615 2757 648 2790 p.
675 2746 745 2781 468
762 2746 781 2780 ¹.
834 2746 874 2779 ln
901 2745 1044 2789 collegii
1080 2744 1294 2779 coloniensis
1321 2746 1470 2779 Litteris
1501 2745 1630 2779 annuis
1666 2747 1820 2778 exeunte
1846 2755 1893 2779 m.
1911 2744 1978 2778 De-

202 2797 356 2832 cembris
386 2798 476 2832 1579
503 2798 597 2832 datis
624 2801 810 2833 narratur:
848 2798 898 2832 Eo
924 2810 1017 2833 anno
1048 2797 1272 2842 „pestilentis
1299 2798 1482 2832 doctrinae
1509 2798 1714 2841 magistros,
1744 2809 1894 2842 quorum
1921 2800 1979 2832 sat

202 2851 306 2884 multi
325 2850 491 2885 Coloniae
516 2850 693 2886 hactenus
716 2863 796 2885 cum
816 2852 952 2896 ingenti
980 2851 1085 2885 huius
1113 2851 1331 2896 reipublicae
1362 2851 1465 2886 clade
1483 2851 1627 2886 scholas
1646 2851 1978 2890 administraruut‘,

201 2903 319 2938 officio
347 2904 504 2938 deiectos
530 2916 609 2939 esse
639 2906 814 2947 (Hansen5
840 2905 961 2939 Akten
988 2904 1087 2947 735).

323 2957 336 2977 ²
363 2956 463 2996 Vide.
491 2969 582 3002 quae
608 2959 675 2993 sub
702 2959 799 3002 ipsas
826 2958 892 2992 has
919 2957 1060 2992 litteras
1087 2958 1200 3003 primo
1227 2963 1263 2992 et
1289 2958 1445 2992 secundo
1471 2957 1549 2992 loco
1576 2957 1751 2992 dicentur.

323 3010 336 3029 ³
361 3009 497 3044 Domus
524 3011 686 3055 professa
713 3010 916 3046 Societatis.

322 3063 334 3082 ⁴
361 3063 414 3096 De
440 3066 611 3108 tempore,
642 3076 712 3108 quo
739 3064 804 3099 hoc
836 3064 1140 3109 „Postscriptuw
1170 3064 1258 3108 ipsis
1286 3063 1429 3105 litteris,
1457 3064 1489 3098 2.
1517 3064 1609 3098 Iunii
1637 3063 1742 3106 datis,
1768 3063 1977 3097 adiunctum

201 3118 268 3157 est,
295 3115 387 3156 vide,
415 3127 506 3160 quae
532 3118 599 3151 sub
626 3118 771 3151 easdem
798 3118 940 3152 litteras
966 3117 1073 3152 tertio
1100 3116 1177 3151 loco
1204 3117 1436 3152 notabuntur.

324 3169 336 3188 ⁵
362 3169 438 3203 Has
464 3169 547 3203 vide
574 3181 683 3215 supra
712 3183 744 3215 p.
763 3171 845 3206 495.
