2051 3433
207 113 290 152 232
711 109 811 144 1896.
841 109 1006 143 Canisius
1035 110 1071 143 l'.
1092 108 1276 143 Theodoro
1304 108 1463 144 Peltano.

205 229 255 262 ita
281 230 412 268 tamen,
439 229 477 261 ut
505 227 548 261 ad
577 227 758 261 Canisium
786 238 926 271 quoque
952 228 1074 271 aliqua
1102 228 1238 261 ratione
1265 228 1494 272 pertinerent.
1547 231 1663 269 Quare
1693 239 1815 262 earum
1841 228 1968 263 saltem

205 283 326 326 partes
358 280 498 325 aliquas
533 281 591 315 hic
626 281 809 325 ponendas
835 292 915 315 esse
942 293 1079 322 censeo,
1116 292 1248 325 easque
1275 281 1477 326 exscriptas
1509 294 1553 316 ex
1580 282 1786 327 apographo
1812 282 1969 316 eiusdem

204 334 385 379 temporis,
413 335 505 378 quod
525 337 581 369 est
599 334 634 368 in
656 334 718 376 „Gn
739 333 823 379 Sup.
845 334 882 368 1⁸
906 335 930 368 f.
953 335 1028 370 11¹¹:
1057 334 1159 379 plura
1187 337 1304 369 autem
1325 347 1368 369 ex
1389 335 1509 369 eodem
1530 335 1735 380 apographo
1754 335 1970 380 transcripta

203 392 289 422 sunt
316 388 347 421 in
376 388 464 433 Epp.
491 389 613 421 Naclal
642 388 689 422 111
716 388 914 423 816—817.

327 441 445 484 „Quod
461 441 599 482 multi“,
618 442 734 486 inquit
754 443 1018 486 &Mrem-inmas,
1043 454 1106 483 „cx
1123 443 1243 476 uestra
1259 441 1452 476 Germania
1468 442 1668 487 cupiebant,
1687 444 1728 476 ut
1740 442 1780 477 P.
1796 442 1972 486 Magister

207 495 443 541 Hieronymus
461 495 602 529 Natalis
629 496 671 529 ad
700 507 777 529 eam
806 495 955 533 ueniret,
983 496 1058 540 ipse
1084 495 1227 529 tandem
1254 507 1274 529 a
1301 507 1356 529 me
1375 495 1537 537 obtinuit,
1565 496 1625 540 qui
1650 503 1727 530 tum
1755 496 1831 530 eius
1848 495 1967 530 uolun-

202 549 288 582 tatis
315 552 350 583 et
376 549 623 594 propensionis
659 561 728 593 qua
764 560 906 594 semper
932 549 1083 584 affectus
1118 548 1188 583 fuit
1224 560 1310 592 erga
1337 549 1546 591 Germanos,
1582 553 1658 583 tum
1695 550 1776 584 boni
1807 549 1898 594 quod
1926 560 1970 583 ex

203 602 278 635 eius
305 604 510 647 praesentia
536 607 794 648 peruenturum
822 606 876 638 est
903 603 946 637 ad
973 606 1115 637 nostros
1141 603 1315 637 rationem
1343 615 1411 637 non
1439 605 1537 648 potui
1566 615 1636 638 non
1662 603 1865 638 habere...
1904 602 1969 637 De-

202 656 290 699 legit
322 659 443 690 autem
475 658 700 702 potissimum
740 657 965 691 Prouinciam
1000 656 1040 691 T.
1069 656 1310 691 Reuerentiae
1347 660 1456 701 atque
1482 657 1640 691 Halense
1677 657 1877 700 Collegium
1912 656 1969 690 ubi

202 712 440 744 commoretur
465 713 592 755 petens
618 722 638 745 a
666 723 721 745 me
740 714 780 745 ut
804 710 893 744 nihil
920 710 951 744 ei
970 710 1128 744 muneris
1146 712 1209 744 aut
1227 710 1550 744 administrationis
1568 714 1677 754 (quae
1694 722 1760 744 sua
1787 709 1971 744 humilitas

202 762 272 806 est)
310 762 534 807 iniungerein
571 776 590 798 a
627 776 697 808 qua
732 763 875 808 quidem
903 763 1214 798 administratione
1241 763 1309 798 etsi
1345 764 1435 798 liber
1471 764 1571 798 uenit
1606 764 1674 798 erit
1711 767 1830 798 tamen
1858 764 1968 798 Reue-

201 818 338 851 rentiae
365 817 404 851 T.
424 818 591 862 perutilis
617 821 657 853 ut
682 830 857 863 spero....
886 818 1034 862 Tuaque
1061 818 1180 852 omnia
1199 817 1360 861 Collegia
1386 818 1602 862 ubicumque
1629 818 1660 852 ei
1686 818 1860 863 placuerit
1879 829 1970 851 com-

200 871 332 904 morari
359 872 462 916 cupio
488 875 529 905 ut
555 874 713 917 pateant,
741 874 849 916 atque
870 872 957 906 adeo
977 884 996 906 a
1015 871 1054 906 T.
1074 871 1293 906 Reuerentia
1311 876 1485 916 tanquam
1503 871 1591 906 mihi
1620 872 1686 917 ipsi
1705 872 1928 906 offerantur..
1943 899 1969 905 ..

201 923 300 966 Quod
327 937 412 959 uero
439 925 481 959 ad
518 925 615 960 illius
651 926 770 960 studia
802 926 970 970 pertinet,
1007 937 1089 959 cum
1121 925 1200 970 ipsa
1236 926 1279 960 ad
1308 925 1390 959 fidei
1427 925 1484 959 uel
1510 925 1772 960 restitutionem
1809 924 1866 958 uel
1894 936 1968 970 pro-

201 978 429 1022 pagationem
465 979 583 1013 animo
620 979 828 1014 iamdudum
864 979 1092 1020 conuerterit‚
1128 980 1158 1013 si
1186 979 1270 1024 quid
1296 979 1374 1024 ipse
1408 979 1623 1013 indicauerit
1656 978 1894 1018 scribendum,
1929 989 1970 1012 ac

201 1032 293 1076 quod
327 1032 479 1076 denique
512 1033 639 1067 edatur
670 1033 705 1067 in
740 1033 866 1073 lucem,
903 1033 987 1068 Tria
1013 1033 1116 1078 cupio
1144 1033 1348 1068 obseruari:
1384 1033 1544 1067 Primum
1572 1034 1611 1066 ut
1637 1033 1680 1067 de
1714 1044 1752 1066 re
1789 1034 1863 1066 tota
1889 1043 1968 1066 cuni

201 1085 380 1129 aliquibus
406 1086 505 1131 prius
531 1089 661 1130 agatur
686 1087 825 1121 scilicet
861 1099 939 1122 cum
967 1087 1007 1122 T.
1027 1087 1254 1129 Reuerentia,
1282 1087 1320 1121 P.
1342 1086 1496 1128 Canisio,
1533 1087 1572 1122 P.
1591 1087 1722 1121 Pisano
1749 1097 1791 1120 ac
1817 1086 1846 1119 si
1874 1085 1970 1119 uidc-

200 1139 296 1173 bitur
334 1139 373 1174 P.
404 1140 552 1175 Peltano
587 1141 645 1174 uel
678 1141 717 1175 P.
745 1141 913 1175 'Porrensi
949 1141 1071 1185 quiin
1109 1142 1180 1175 ista
1211 1141 1398 1175 prouincia
1425 1142 1525 1182 est¹;
1561 1140 1621 1185 qui
1654 1140 1713 1174 ubi
1749 1139 1971 1185 dispexerint

201 1192 285 1236 quid
312 1193 414 1227 iuxta
440 1195 553 1229 nostri
579 1195 737 1229 instituti
764 1195 940 1229 rationem
976 1196 1092 1240 possit
1117 1194 1262 1240 publico
1289 1196 1475 1229 commodo
1503 1195 1704 1235 conuenire,
1739 1197 1815 1228 tuni
1843 1193 1887 1227 ad
1913 1204 1969 1226 me

200 1248 343 1281 uestrae
369 1248 570 1282 sententiae
605 1248 796 1283 mittantur
830 1248 959 1293 quibus
986 1248 1060 1282 Deo
1088 1248 1195 1283 dante
1223 1248 1488 1294 quamprimum
1524 1247 1757 1293 respondebo.
1807 1246 1897 1281 Nam
1925 1247 1968 1280 ad

199 1300 384 1335 societatis
410 1302 516 1335 etiam
539 1302 752 1345 dignitatem
780 1314 849 1337 non
875 1313 1001 1346 parum
1029 1303 1186 1347 pertinet
1213 1307 1251 1337 ut
1284 1314 1377 1347 quae
1404 1302 1587 1347 proditura
1613 1304 1697 1336 sunt
1723 1301 1759 1335 in
1785 1301 1901 1335 lucem
1928 1311 1968 1334 ea

200 1354 474 1389 meditatissime
500 1356 652 1401 primum
681 1358 717 1390 et
742 1359 882 1390 mature
910 1356 1146 1390 consulantur
1172 1359 1212 1390 ut
1238 1360 1415 1401 perpetua
1434 1357 1578 1390 tandem
1606 1356 1728 1390 futura
1753 1355 1836 1389 sint.
1872 1354 1968 1389 Alte·

199 1419 278 1442 rum
304 1410 360 1443 est
386 1412 425 1443 ut
451 1409 621 1454 quicquid
648 1409 716 1444 hac
743 1410 785 1444 de
811 1421 849 1444 re
875 1410 1053 1454 agendum
1082 1412 1147 1449 est,
1174 1410 1280 1455 plane
1306 1414 1447 1444 secreto
1474 1410 1547 1449 fiat,
1583 1414 1623 1444 ut
1650 1421 1694 1443 ne
1721 1408 1860 1453 quando
1889 1420 1968 1442 con-

199 1461 318 1506 tingat
343 1463 436 1506 quod
464 1463 555 1497 alias
581 1464 721 1505 accidit,
759 1466 800 1498 ut
825 1468 997 1509 concepta
1025 1475 1087 1509 spe
1114 1464 1259 1498 uidendi
1287 1464 1460 1498 eiusmodi
1496 1463 1605 1498 libros
1632 1463 1785 1497 mundus
1816 1462 1969 1506 denique

200 1516 403 1557 frustretur,
431 1517 524 1561 quod
552 1517 694 1561 quidem
723 1517 843 1562 plures
879 1518 921 1552 ob
949 1529 1077 1552 causas
1104 1520 1224 1562 potest
1259 1518 1412 1552 euenire.
1464 1517 1624 1551 Tertium
1652 1518 1707 1551 est
1732 1519 1774 1551 ut
1798 1528 1877 1551 cum
1905 1527 1968 1550 nos

199 1569 348 1613 primam
376 1571 550 1604 rationem
578 1571 710 1606 habere
737 1571 930 1606 debeamus
949 1583 1082 1612 eornm,
1109 1571 1240 1616 quibus
1267 1583 1311 1606 ex
1339 1571 1559 1615 obligatione
1586 1570 1817 1614 collegiorum
1843 1570 1967 1604 funda-

198 1623 335 1658 toribus
353 1624 533 1666 debemus,
560 1624 659 1665 haec,
678 1625 797 1670 specie
823 1625 929 1659 alieni
958 1629 1020 1659 aut
1045 1625 1177 1670 publici
1195 1625 1277 1660 boni
1295 1638 1339 1660 ne
1358 1625 1642 1660 interturbentur
1665 1626 1728 1658 aut
1745 1624 1967 1658 omittantur.

197 1677 259 1711 Jta
284 1688 388 1722 spero
415 1679 534 1712 omnia
559 1679 721 1713 suauiter
747 1683 994 1714 euentura.....
1032 1679 1142 1713 Porro
1168 1680 1210 1713 ad
1239 1679 1328 1713 haec
1353 1682 1571 1725 praestanda
1606 1679 1636 1713 si
1663 1690 1732 1722 quo
1758 1677 1875 1712 scriba
1910 1677 1967 1711 uel

198 1730 360 1765 adiutore
396 1732 515 1775 egebit
550 1732 607 1767 hic
633 1732 672 1767 P.
692 1734 766 1767 scio
793 1733 831 1768 T.
848 1733 1100 1768 Reuerentiam
1130 1732 1240 1777 (quod
1267 1733 1410 1777 quidem
1438 1733 1524 1767 mihi
1551 1733 1619 1767 erit
1645 1731 1870 1777 pergratum)
1897 1742 1966 1765 non

197 1784 414 1827 defuturam,
442 1786 739 1829 quemadmodum
768 1786 875 1821 etiam
895 1787 978 1833 alijs
1003 1787 1038 1821 in
1066 1787 1231 1821 omnibus
1258 1798 1350 1831 quae
1377 1787 1421 1821 ad
1440 1787 1538 1821 illius
1563 1787 1762 1821 senectutis
1788 1784 1966 1820 solatium.

198 1840 233 1871 et
259 1838 302 1872 ad
335 1839 564 1874 animandum
599 1840 727 1874 bonum
765 1840 860 1875 hunc
888 1841 1030 1875 Patrem
1068 1841 1309 1886 pertinebunt,
1345 1853 1472 1875 reuera
1509 1840 1678 1886 percupio
1713 1842 1799 1873 uta
1834 1838 1967 1874 nostris

197 1891 361 1926 omnibus
388 1892 453 1927 hoc
479 1893 594 1938 ipsum
624 1896 841 1929 curetur....
870 1894 945 1929 Has
972 1895 1098 1929 literas
1124 1894 1181 1940 ijs,
1208 1906 1299 1940 quos
1325 1895 1507 1929 nominaui
1534 1894 1667 1939 poterit
1692 1893 1732 1928 T.
1752 1892 1966 1927 Reuerentia

197 1945 404 1980 ostendere:
444 1949 483 1981 ut
520 1947 637 1981 sciant
671 1949 847 1992 quomodo
885 1960 924 1982 se
963 1960 1088 1991 gerere
1125 1949 1310 1984 debeant.“
1366 1948 1572 1989 Librorum,
1611 1959 1700 1992 quos
1732 1946 1874 1981 Natalis
1910 1946 1967 1981 vel

197 1999 393 2044 scripserat
419 2000 477 2034 vel
512 2000 669 2035 scribere
711 2002 867 2041 volebat,
906 2002 1084 2036 indiculus
1111 2003 1155 2038 ab
1180 2003 1258 2048 ipso
1285 2003 1505 2047 compositus
1532 2001 1712 2051 exstatjn
1739 2001 1828 2045 Epp.
1849 2001 1969 2034 Nadal

201 2052 247 2086 [ΙΙ
274 2054 354 2088 664.

198 2156 353 2193 1896.
443 2159 660 2193 CANISIUS
691 2159 748 2194 Ρ.
779 2159 1159 2196 ΤΗΙῦθΙίθΒθ
1190 2158 1512 2195 PELTANO
1543 2160 1596 2196 S.
1616 2159 1668 2195 J.
1698 2161 1884 2203 Augustae
1912 2160 1967 2194 de-

388 2213 498 2257 genti.
1406 2213 1606 2259 Oeniponte
1632 2214 1688 2248 29.
1709 2213 1790 2247 Iulii
1820 2213 1919 2248 1574.

317 2277 370 2312 Ex
396 2277 620 2323 autographo
650 2277 727 2320 (2⁰;
757 2278 799 2321 ⁹,s'3
827 2290 878 2323 p.;
906 2279 940 2313 in
967 2291 1000 2324 p.
1022 2280 1042 2312 2
1080 2280 1264 2324 inscriptio
1292 2291 1399 2314 manu
1438 2279 1586 2313 alterius
1622 2277 1807 2313 cuiusdam
1834 2277 1967 2322 scripta

196 2333 232 2364 et
258 2331 356 2375 sig).
401 2331 483 2366 Cod.
513 2331 626 2365 colon.
651 2332 740 2374 „Uir
760 2332 850 2367 603“
882 2333 904 2367 f.
927 2333 1006 2368 344.

319 2392 442 2435 Operis·
468 2391 679 2425 catechistlci
705 2394 816 2426 versio
840 2395 1058 2435 yc‘rntsme'va.
1104 2394 1334 2436 Epheslmtm.
1380 2393 1567 2436 Colle-(simu
1595 2393 1807 2425 lucei-nense.
1849 2392 1970 2426 Messio*

195 2445 409 2487 anatis-tana.
460 2445 566 2478 Libri
590 2447 705 2488 empti.

913 2507 939 2558 ,i-

422 2577 513 2618 Pax
546 2576 705 2619 Christi
738 2577 860 2619 nobis
893 2580 1074 2621 aeterna
1110 2578 1362 2621 Reuerende
1395 2578 1539 2620 Pater.

314 2648 434 2697 Quod
467 2647 521 2690 ad
554 2649 788 2691 uertendas
811 2649 989 2692 Patrum
1024 2649 1266 2693 sententias
1299 2649 1555 2704 praecipuas
1588 2647 1680 2690 siue
1711 2647 1968 2690 illustriores

195 2712 367 2762 attinet,
410 2715 459 2755 ut
500 2713 724 2767 postulant
767 2714 1086 2764 Colonienses2‚
1129 2714 1346 2757 difficilius
1388 2714 1635 2757 institutum
1678 2726 1772 2754 esse
1813 2712 1966 2761 iudico,

195 2791 323 2830 quam
355 2779 404 2819 ut
436 2778 668 2822 conueniat
699 2782 892 2822 nostram
925 2779 986 2822 illi
1017 2793 1195 2834 operam
1229 2779 1509 2830 commisceri,
1544 2776 1714 2821 etiamsi
1747 2777 1966 2821 fauentem

194 2844 477 2896 interpretem
511 2842 720 2886 Fiscalem
760 2844 1028 2888 haberemus.
1094 2845 1208 2887 Nam
1242 2845 1294 2887 de
1327 2845 1569 2899 sumptibus
1606 2844 1708 2886 nihil
1742 2857 1968 2898 possumus

318 2959 325 2979 ¹
354 2958 573 3004 Hieronymo
601 2959 782 2995 Torrensi.

315 3012 327 3032 ²
353 3011 559 3046 Sententiae
585 3013 672 3048 dicit
694 3013 728 3047 in
753 3014 1083 3056 „Authoritatibus“
1109 3017 1175 3049 etc.
1203 3015 1282 3049 sive
1301 3014 1419 3059 Opere
1445 3013 1678 3049 catechistico
1704 3015 1851 3059 positas,
1878 3023 1967 3057 quas

194 3065 400 3107 germanice
427 3066 519 3100 verti
556 3066 594 3100 P.
621 3066 771 3102 Ioannes
799 3068 951 3102 Rethius
986 3071 1103 3112 atque,
1142 3070 1180 3102 ut
1207 3068 1362 3104 videtur.
1399 3067 1589 3102 Gerwinus
1624 3078 1764 3112 quoque
1800 3065 1967 3101 Calenius

194 3118 445 3163 typographus
471 3119 682 3164 cupiebant;
712 3133 744 3154 v.
774 3132 882 3165 supra
910 3133 943 3166 p.
965 3121 1045 3157 224.
