2062 3443
251 149 354 184 2031.
383 149 547 184 Canisius
575 151 669 184 card.
690 150 880 185 Guilielmo
907 150 1047 185 Sirleto.
1091 150 1278 185 Monachio
1308 152 1362 186 12.
1383 152 1534 186 Ianuarii
1566 153 1665 186 1579.
1753 156 1836 196 487

72 266 226 303 2031.
302 266 518 301 CANISIUS
545 267 716 301 cardinali
738 265 1122 303 GUlLlELMo
1144 265 1462 304 SIRLE'H).
1486 268 1638 302 Sanctae
1658 269 1839 303 Romanae

260 319 444 355 Ecclesiae
470 320 758 355 BibliotliecariO.
1210 320 1400 355 Monachio
1431 322 1484 355 12.
1504 322 1658 356 Ianuarii
1690 322 1790 358 1579.

190 391 244 425 Ex
278 391 497 436 apographo,
533 402 626 425 anno
657 391 746 426 1896
782 403 802 425 a
829 391 870 425 D.
899 392 1077 424 Vincentio
1104 392 1272 424 Nardoni
1305 393 1486 436 exscripto
1523 404 1567 426 ex
1604 392 1838 437 autographo.

68 445 163 489 quod
192 448 313 478 exstat
338 444 472 478 Rornae
499 446 534 478 in
562 444 778 479 bibliotheca
805 444 984 482 vaticana.
1012 444 1093 478 Cod.
1116 444 1233 479 vatic.
1261 445 1365 481 6193.
1393 446 1417 479 f.
1439 445 1517 480 314.

193 511 286 553 Opus
311 511 522 544 Marianum
551 512 582 544 ei
609 512 723 544 mittit.
776 512 816 543 In
845 511 957 543 altera
986 511 1136 542 ecle'te'one
1156 512 1331 552 paranda
1359 514 1400 543 «A
1427 522 1463 544 eo
1493 512 1612 543 iurztrc'
1637 512 1742 554 eupit.

442 659 533 700 Pax
568 658 665 700 Iesv
698 588 927 701 CHRiSTI
959 658 1082 700 nobis
1115 662 1310 709 aeterna,

322 724 545 767 Illustriss.
580 727 624 766 et
657 723 958 766 Reuerendiss.
985 723 1166 765 Domine
1199 726 1395 778 patrone.

186 796 301 838 Ante
334 809 504 837 menses
537 795 702 848 aliquot
735 795 830 837 misi
852 795 1034 836 Romam
1069 795 1269 849 exempla
1301 795 1444 850 operis
1476 795 1674 844 Mariani,
1710 798 1753 837 et
1786 808 1840 836 ex

67 861 152 902 illis
193 875 323 902 unum
366 861 509 902 offerri
547 874 598 903 ac
640 861 790 902 donari
834 860 951 902 uolui
994 860 1217 903 illustriss.
1261 860 1533 914 amplitudini
1572 863 1687 909 tuae,
1730 860 1841 902 sicut

66 926 227 969 diserte
271 940 521 968 monueram
538 928 563 968 ¹.
630 925 756 968 Nunc
798 939 901 967 uero
934 925 988 967 ad
1027 939 1095 966 me
1137 925 1352 976 scribitur,
1396 926 1607 968 distracta
1641 925 1840 979 exempla

67 1004 163 1033 esse
196 991 351 1042 omnia,
394 991 468 1033 sed
502 991 664 1033 nullum
709 1005 763 1032 ex
796 991 861 1032 his
894 990 947 1033 ad
982 1004 1135 1032 manus
1168 990 1317 1045 optimi
1358 991 1530 1044 patroni
1565 990 1711 1033 Sirleti
1744 1004 1841 1044 per-

67 1056 250 1106 uenisse,
285 1057 354 1110 qui
389 1059 534 1098 tamen
568 1056 755 1098 habendi
790 1059 833 1097 et
866 1055 1038 1109 legendi
1072 1055 1283 1097 desiderio
1316 1058 1533 1098 teneatur.
1583 1057 1728 1108 Atque
1762 1055 1841 1097 hoc

67 1124 244 1175 praeter
276 1135 445 1163 omnem
479 1121 829 1175 expectationem
862 1135 1001 1162 meam
1027 1121 1195 1171 accidit,
1231 1121 1498 1174 molesteque
1521 1121 1628 1171 fero,
1663 1120 1744 1162 hac
1776 1120 1840 1161 in-

66 1185 178 1227 iuria
209 1185 328 1227 illum
353 1186 481 1237 affici,
516 1186 581 1228 cui
606 1200 711 1241 prae
734 1185 919 1228 coeteris
951 1185 1032 1228 hoc
1066 1185 1266 1239 quicquid
1299 1189 1368 1228 est
1400 1185 1542 1240 operis
1564 1199 1615 1227 ac
1638 1185 1840 1236 muneris,

64 1251 210 1293 offerri
245 1252 442 1295 debebat.
498 1252 593 1294 Scio
627 1252 754 1301 enim,
790 1254 834 1294 et
866 1251 974 1292 liber
1006 1251 1098 1305 ipse
1121 1251 1356 1304 loquum—2,
1393 1254 1600 1304 quantum
1636 1250 1840 1304 dignitati

65 1319 167 1359 tuae
190 1316 384 1369 debeam,
419 1331 444 1358 a
467 1331 552 1370 qua
575 1317 756 1358 multum
781 1316 959 1371 subsidij
993 1319 1218 1360 mutuatus
1241 1330 1334 1357 sum
1358 1316 1400 1357 in
1424 1316 1504 1358 hac
1526 1316 1840 1358 lucubratione.

66 1382 194 1425 Mitto
228 1396 339 1424 nunc
372 1382 506 1436 igitur
534 1382 735 1424 uolumen
760 1381 1066 1431 desideratum,
1101 1381 1314 1434 simulque
1338 1382 1509 1436 culpam
1532 1381 1661 1423 alieni
1683 1380 1842 1423 erroris

66 1447 287 1501 deprecor,
331 1461 409 1501 per
449 1461 575 1500 quem
618 1447 743 1490 tarde
785 1446 995 1498 redditur,
1039 1447 1151 1500 quod
1192 1447 1329 1490 multo
1362 1446 1665 1500 tempestiuius
1698 1444 1841 1488 exolui

71 1513 314 1567 oportebat.

187 1577 307 1619 Nihil
350 1577 520 1620 interim
556 1578 743 1630 ambigo,
787 1578 913 1632 plura
954 1580 998 1620 et
1040 1578 1267 1631 praeclara
1300 1579 1454 1619 extare
1486 1579 1683 1619 ueterum
1717 1576 1842 1619 testi—

69 1643 235 1691 monia,
282 1644 541 1697 praesertim
584 1644 696 1698 apud
737 1643 927 1685 Graecos
969 1643 1196 1692 authores,
1241 1656 1352 1695 quae
1392 1642 1610 1697 Deiparae
1651 1641 1844 1695 Virginis

68 1709 238 1751 laudem
272 1709 555 1752 uehementer
586 1709 819 1751 illustrent.
865 1708 1074 1758 Quoniam
1099 1722 1202 1750 uero
1236 1723 1378 1750 meum
1412 1722 1519 1762 opus
1552 1708 1841 1749 recudendum

63 1778 144 1825 est,
193 1774 323 1817 etiam
365 1777 497 1827 atque
530 1775 660 1817 etiam
696 1788 783 1824 oro,
826 1777 875 1816 ut
906 1774 948 1816 id
981 1788 1118 1827 genus
1155 1774 1264 1823 loca,
1308 1775 1341 1814 si
1386 1788 1496 1826 quae
1529 1776 1682 1827 postea
1714 1773 1841 1815 isthic

68 1840 302 1882 obseruata
349 1839 458 1891 sint,
513 1840 760 1882 summatim
814 1843 1023 1893 excerpta
1070 1838 1255 1892 benigne
1309 1839 1411 1880 mihi
1460 1838 1841 1881 communicentur.

66 1905 241 1947 Faciam
284 1918 410 1956 sane,
455 1908 503 1947 ut
544 1905 712 1959 plenior
753 1904 810 1946 sit
842 1904 973 1947 editio
1016 1904 1169 1954 altera,
1216 1905 1356 1957 quoad
1400 1904 1491 1946 eius
1533 1905 1626 1945 fieri
1667 1903 1841 1958 poterit.

63 1970 173 2012 Tum
208 1970 423 2024 praeclari
456 1970 647 2011 muneris
680 1971 773 2011 loco
808 1970 976 2020 ducam,
1019 1970 1055 2011 si
1088 1969 1361 2024 praestantia
1399 1972 1476 2011 tua
1508 1983 1576 2011 me
1609 1969 1842 2011 admonere

67 2035 316 2089 dignabitur
349 2036 401 2077 de
434 2035 539 2078 locis
573 2035 829 2088 quibusdam
863 2036 903 2077 in
938 2035 1018 2077 hoc
1051 2048 1180 2088 opere
1214 2034 1494 2088 corrigendis,
1540 2049 1667 2087 quum
1708 2035 1842 2076 sciam

66 2101 155 2143 illic
200 2115 283 2143 non
326 2115 466 2155 pauca
507 2115 635 2155 posse
677 2100 926 2152 desiderari,
971 2114 1139 2153 egoque
1178 2098 1448 2153 sapientibus
1489 2103 1533 2142 et
1571 2099 1711 2142 doctis
1743 2113 1843 2141 cen-

67 2166 237 2209 soribus
281 2166 532 2220 percupiam
579 2167 725 2208 facere
771 2166 891 2209 satis,
955 2166 1087 2208 Faxit
1125 2165 1321 2207 Christus
1355 2165 1454 2219 Opt.
1490 2165 1607 2207 Max.
1642 2168 1690 2206 ut
1721 2164 1844 2206 labor

65 2236 215 2274 noster
247 2233 464 2286 Deiparae
500 2232 690 2285 Virginis
731 2231 903 2273 laudem
948 2231 1094 2284 aliqua
1128 2244 1182 2272 ex
1216 2232 1341 2284 parte
1384 2230 1587 2280 uindicet,
1631 2230 1843 2283 simulque

67 2297 205 2352 prosit
249 2297 471 2339 Ecclesiae
513 2297 594 2339 Dei
637 2299 790 2339 contra
831 2296 986 2351 impios
1025 2297 1358 2339 obtrectatores.
1424 2296 1541 2337 Bene
1585 2295 1627 2337 in
1673 2295 1842 2337 Christo

65 2363 163 2405 uale
203 2363 428 2406 Illustriss.
473 2362 667 2404 Domine.
715 2362 931 2417 Monachij
972 2364 1022 2403 12
1058 2361 1246 2415 Ianuarij
1293 2375 1406 2403 anno
1449 2364 1547 2415 post
1587 2361 1843 2414 Virgineum

65 2432 237 2483 partum
272 2428 554 2471 M.D.Lxx1x.

822 2492 1047 2535 Illustriss.
1081 2491 1226 2534 Celsit.
1263 2494 1364 2534 tuae

501 2564 662 2606 Seruus
695 2563 736 2605 in
770 2563 940 2606 Christo
973 2564 1129 2606 Petrus
1192 2562 1387 2605 Canisius
1420 2576 1548 2604 manu
1582 2561 1770 2616 propria.

185 2717 408 2761 Illustriss.
444 2720 488 2759 et
515 2662 888 2759 Reuerendissimo
921 2717 964 2759 in
988 2716 1157 2759 Christo
1190 2715 1307 2770 patri
1340 2730 1390 2758 ac
1413 2715 1611 2765 Domino,
1646 2715 1698 2757 D.
1724 2714 1843 2757 Guil-

66 2784 208 2826 helmo
241 2783 399 2826 Sirleto
433 2783 474 2826 S.
498 2783 549 2825 R.
575 2783 624 2824 E.
659 2782 877 2825 Cardinali
911 2786 956 2825 et
989 2785 1173 2836 patrono
1206 2781 1398 2835 ampliss.
1491 2833 1494 2835 ‚
1524 2780 1702 2823 Romae.

191 2872 370 2914 Canis-lus,
409 2882 488 2904 cum
526 2870 568 2903 de
604 2869 722 2915 Opere
757 2881 821 2904 suo
856 2869 1019 2903 Mariano
1055 2869 1185 2903 Sirlcto
1221 2868 1365 2903 scribit:
1407 2868 1532 2909 „Liber
1563 2869 1639 2913 ipse
1674 2867 1843 2911 loquitur.

69 2926 242 2969 quantum
271 2923 440 2966 dignitati
466 2926 550 2957 tuae
577 2923 760 2964 debeam“‚
788 2924 930 2957 omnino
957 2935 1042 2956 vere
1068 2922 1211 2962 scribit;
1249 2924 1283 2955 in
1317 2921 1431 2966 primo
1467 2922 1561 2956 enim
1588 2920 1717 2966 Operis
1744 2920 1844 2961 libro,

68 2980 258 3023 postquam
286 2987 454 3019 graecum
483 2977 662 3020 quoddam
689 2976 731 3010 de
757 2977 871 3010 Beata
896 2976 1011 3010 Maria
1040 2976 1189 3018 Virgine
1221 2975 1466 3009 testimonium
1502 2974 1662 3019 protulit,
1698 2974 1785 3008 haec
1813 2975 1844 3008 ei

194 3096 204 3116 ¹
231 3095 323 3129 Vide
348 3106 458 3139 supra
484 3107 518 3139 p.
536 3094 617 3129 431.

189 3149 203 3170 ²
228 3148 332 3189 Vide,
359 3159 450 3192 quae
476 3148 544 3182 sub
571 3148 669 3192 ipsas
695 3147 761 3182 has
786 3148 928 3182 litteras
953 3148 1127 3182 dicentur.
