2062 3443
659 157 769 192 Roma
797 157 829 191 2.
851 160 887 191 et
915 158 946 191 6.
967 157 1019 200 (‘?)
1049 157 1138 191 Iunii
1170 157 1271 192 1579.
1766 163 1851 202 505

79 287 121 310 ac
148 274 320 317 religione
356 274 559 319 opinionem
600 274 785 315 habebam,
822 285 928 317 quam
966 276 1001 307 et
1036 276 1090 307 tot
1126 273 1208 307 anni
1236 274 1279 308 ab
1308 274 1522 308 Reuerentia
1552 274 1591 308 V.
1620 276 1655 308 et
1682 286 1760 307 cuin
1789 275 1853 308 tali

79 328 328 362 aedificatione
354 328 388 361 in
409 328 588 362 Societate
615 327 686 361 acti
706 327 896 361 conciliare
922 327 953 360 ei
981 330 1183 371 potuerunt,
1213 339 1390 371 quamque
1410 328 1452 362 de
1479 339 1519 362 eo
1546 327 1667 361 haberi
1696 329 1853 372 oportuit

79 383 135 416 cui
162 381 245 415 talis
264 381 440 426 Collegij¹
467 384 541 415 tam
567 381 736 415 diuturna
762 380 974 423 gubernatio
1001 380 1138 414 credita
1168 381 1285 417 fuerit.
1314 384 1433 415 tamen
1460 393 1528 415 non
1555 381 1773 424 ignorabam,
1800 393 1853 415 se-

79 435 260 469 cularibus
287 446 534 475 consuescere,
571 434 698 468 aulicis
724 434 883 468 moribus
910 437 1081 478 perpetuo
1109 433 1293 473 interesse,
1322 446 1401 468 esse
1430 435 1463 468 in
1493 434 1696 479 Principum
1725 436 1852 477 gratia.

79 492 251 532 quantam
278 488 349 522 uim
376 488 510 522 habent
535 489 578 522 ad
606 487 831 524 humilitatis.
858 487 1092 527 obedientiae,
1130 487 1330 521 deuotionis
1356 488 1522 532 spiritum
1551 488 1852 527 labefactandum,

80 541 326 586 paulatimque
353 553 397 574 ex
425 541 542 574 animo
570 541 780 574 delendum:
816 540 921 584 idque
948 543 988 573 ut
1023 540 1186 574 timerem
1223 544 1299 574 tum
1337 544 1461 574 uetera
1487 553 1531 574 ex
1559 541 1722 574 omnibus
1750 541 1853 574 libris

78 597 153 629 tum
183 607 226 629 ex
254 594 435 628 hominum
472 594 681 638 quotidiana
716 594 802 633 uita,
839 593 998 627 recentia
1032 596 1106 627 tam
1142 593 1255 627 multa
1292 594 1377 627 mihi
1405 594 1646 639 suppetebant
1676 595 1853 639 exempla,

78 651 118 682 ut
144 648 203 692 qui
231 648 264 682 id
293 649 487 691 ignoraret,
514 647 620 692 plane
647 647 731 691 quid
758 647 806 681 sit
832 647 981 691 spiritus
1009 647 1141 690 quidne
1167 647 1231 681 Dei
1260 648 1375 687 timor,
1404 648 1541 681 nescire
1568 647 1767 681 credendus
1793 649 1851 682 sit.

79 700 146 735 Sed
174 704 362 746 praeterea
388 701 542 744 urgebat
569 701 675 735 etiam
702 712 758 734 nie
785 703 820 734 et
848 703 953 743 urget
980 699 1091 734 multo
1120 702 1235 744 magis
1263 701 1413 734 aliorum
1441 701 1664 745 exemplum:
1701 701 1853 735 uerebar

78 755 170 789 enim
199 767 242 788 ne
268 755 299 788 si
333 754 422 788 haec
448 755 555 788 ianua
583 754 617 787 in
638 754 816 788 Societate
843 753 1033 798 patefieret
1051 753 1258 798 Principum
1286 754 1388 788 aulas
1415 754 1677 798 frequentandi,
1704 758 1743 787 ut
1768 758 1852 788 sunt

78 807 242 842 homines
268 808 362 841 uiam
382 807 561 841 libertatis
581 809 755 846 amantes,
783 807 1080 851 disciplinamque
1107 807 1213 841 facile
1233 808 1425 851 fugientes,
1453 807 1559 841 nimis
1586 807 1688 841 multi
1715 808 1758 841 ad
1786 808 1851 842 hos

76 860 244 906 scopulos
280 860 590 900 adhaerescerent,
627 863 662 894 et
698 861 790 904 quod
828 860 983 894 fortasse
1020 860 1217 904 periculum
1257 861 1533 904 P.Me11ghi1ms
1568 861 1611 894 ob
1643 872 1746 894 suam
1782 862 1850 895 uir—

76 916 190 949 tutem
218 914 407 948 incolumis
434 915 622 955 euasisset,
650 914 684 948 in
712 926 752 948 eo
779 913 839 958 alij
868 914 1149 948 innumerabiles
1169 914 1396 958 naufragium
1426 915 1598 948 facerent.
1636 914 1734 955 Quod
1763 914 1850 948 mihi

80 968 221 1012 quidem
249 979 312 1012 pro
348 980 388 1002 eo
415 968 532 1001 officio
569 970 677 1011 atque
714 979 866 1012 persona
893 978 998 1010 quam
1037 967 1123 1000 mihi
1151 967 1324 1001 Dominus
1351 969 1521 1012 imposuit
1555 967 1746 1011 diligenter
1773 980 1849 1012 pro-

78 1021 271 1055 uidendum
300 1032 379 1055 esse
415 1021 660 1065 intelligebam
697 1033 741 1055 ne
778 1020 1003 1065 disciplinam
1037 1032 1143 1064 quam
1172 1032 1192 1054 a
1218 1020 1413 1055 maioribus
1449 1022 1627 1064 integram
1654 1024 1690 1055 et
1725 1033 1849 1055 sanam

79 1075 221 1119 accepi,
259 1074 304 1108 ad
340 1077 504 1119 posteros
540 1076 744 1118 corruptam
780 1073 1076 1108 transmitterem.
1128 1074 1332 1108 Accedebat
1358 1075 1466 1108 etiam
1495 1078 1723 1108 externorum
1753 1078 1851 1109 certa

76 1128 223 1162 offensio
250 1138 339 1172 quos
365 1139 428 1172 pro
455 1130 553 1162 certo
589 1127 762 1162 habemus
793 1127 1003 1161 scandalum
1031 1128 1117 1172 pati,
1154 1139 1233 1162 cum
1270 1128 1395 1161 uident
1421 1140 1481 1162 eos
1508 1128 1568 1172 qui
1604 1128 1849 1171 euangelicam

75 1181 173 1215 uitae
191 1193 350 1215 normam
372 1181 524 1225 professi
551 1184 636 1215 suut
663 1182 706 1215 in
733 1192 893 1223 regum
921 1180 1167 1215 domibus-2
1194 1181 1416 1220 commorari,
1444 1185 1519 1214 tum
1539 1182 1623 1225 quia
1642 1181 1851 1226 plerumque

77 1238 216 1269 ceteros
244 1246 288 1268 ex
323 1235 399 1268 suis
434 1234 590 1268 motibus
626 1234 834 1275 metiuntur,
870 1237 946 1268 tum
973 1234 1080 1268 etiam
1109 1235 1193 1278 quia
1230 1246 1320 1278 quos
1352 1235 1562 1278 frequenter
1588 1235 1622 1268 in
1659 1234 1743 1268 aula
1770 1246 1850 1269 esse

76 1287 200 1322 uident
226 1290 355 1333 putant
382 1288 487 1321 etiam
515 1287 678 1328 libenter,
715 1287 868 1331 denique
895 1288 988 1331 quod
1015 1288 1150 1322 nullius
1177 1288 1330 1322 hominis
1366 1296 1440 1322 tam
1468 1291 1595 1322 sancta
1622 1291 1742 1333 potest
1770 1300 1850 1322 esse

75 1341 151 1375 uita
177 1353 268 1386 quae
294 1341 325 1375 si
351 1342 497 1386 propius
523 1340 737 1385 inspiciatur
762 1353 830 1375 non
850 1341 990 1385 aliquos
1009 1353 1143 1375 naeuos
1170 1344 1279 1385 atque
1306 1342 1596 1386 imperfectiones
1623 1342 1700 1376 sine
1719 1342 1851 1386 quibus

74 1406 178 1428 nemo
215 1395 317 1435 uiuit,
357 1394 507 1428 habeat:
547 1394 640 1438 quod
680 1394 789 1428 etiam
828 1395 940 1429 multo
979 1395 1096 1438 magis
1135 1395 1251 1429 locum
1291 1394 1424 1429 habere
1450 1395 1543 1429 solet
1577 1395 1612 1428 in
1649 1396 1848 1440 principum

75 1447 385 1482 familiaritatibus
423 1447 483 1482 ubi
509 1447 645 1481 inuidia
679 1447 817 1482 scilicet
853 1450 889 1482 et
924 1448 1137 1482 obtrectatio
1173 1449 1246 1482 late
1272 1452 1412 1491 regnat.
1466 1448 1515 1482 De
1542 1460 1611 1492 quo
1638 1460 1707 1482 non
1733 1449 1849 1483 dicam

75 1501 171 1535 aliud
197 1501 266 1535 nisi
302 1501 394 1545 quod
422 1502 465 1534 ad
500 1513 556 1534 me
582 1512 708 1535 recens
744 1513 787 1535 ex
815 1501 1000 1546 prouincia
1035 1502 1142 1535 istinc
1178 1514 1245 1535 non
1273 1501 1378 1536 ualde
1406 1504 1541 1536 remota
1568 1502 1677 1536 Pa'ter
1704 1502 1848 1546 quidam

76 1554 305 1600 perscripsit:
343 1554 453 1589 Cuius
480 1554 558 1599 ipsa
585 1555 674 1589 haec
700 1557 784 1589 sunt
818 1555 940 1596 uerba,
976 1567 1068 1599 quae
1095 1568 1115 1589 a
1141 1567 1281 1589 summo
1309 1555 1463 1599 quodam
1492 1559 1527 1589 et
1553 1567 1708 1599 magnae
1734 1556 1848 1599 digni-

75 1608 162 1642 tatis
189 1608 265 1642 uiro
291 1608 358 1643 sibi
387 1608 483 1642 dicta
509 1608 639 1643 aiebat.
691 1607 721 1642 Ο
758 1620 864 1652 quam
892 1609 981 1643 bene
1016 1611 1180 1643 facerent
1215 1610 1338 1647 uestri,
1375 1612 1410 1643 et
1437 1620 1542 1653 quam
1578 1609 1725 1643 laudata
1752 1614 1850 1643 esset

76 1661 238 1696 Societas
267 1664 388 1696 uestra
415 1661 445 1695 si
472 1673 511 1695 se
537 1661 632 1695 intra
658 1662 793 1696 limites
818 1674 903 1696 suos
929 1663 1130 1696 contineret
1155 1665 1223 1696 etc.
1275 1662 1428 1706 Reliqua
1455 1675 1499 1696 ex
1535 1662 1612 1707 ipso
1639 1665 1706 1697 etc.
1751 1662 1849 1696 Haec

74 1714 147 1755 ille,
174 1715 371 1749 cuiusmodi
399 1715 542 1758 quidem
571 1727 615 1749 ex
651 1715 814 1749 omnibus
842 1715 1037 1761 prouincijs
1072 1716 1131 1749 ubi
1168 1715 1279 1760 aliqui
1314 1716 1418 1749 modo
1446 1728 1464 1749 e
1490 1717 1623 1750 nostris
1650 1716 1769 1750 curias
1796 1719 1849 1749 at-

73 1768 230 1812 tingunt,
257 1768 416 1812 quotidie
443 1780 555 1813 paene
581 1768 764 1803 audimus:
801 1781 845 1803 ex
873 1781 942 1813 quo
969 1770 1198 1813 cogitandum
1232 1769 1396 1813 relinquo
1423 1769 1661 1803 Reuerent-iae
1689 1770 1731 1803 V.
1763 1770 1847 1813 quid

73 1821 176 1856 nobis
202 1824 278 1856 tum
313 1822 361 1856 sit
396 1823 506 1856 animi
540 1833 620 1856 curn
657 1822 727 1856 ista
762 1822 805 1857 de
839 1823 974 1857 nostris
1009 1834 1090 1857 cum
1125 1825 1226 1856 tanto
1255 1826 1291 1856 et
1326 1823 1435 1856 diuini
1472 1823 1616 1857 honoris
1643 1825 1679 1856 et
1704 1828 1849 1857 nostrae

74 1875 353 1910 existimationis
388 1875 604 1909 detrimento
643 1875 806 1919 euulgari
842 1876 1092 1920 intelligimus.
1153 1875 1230 1910 Hae
1258 1876 1368 1919 igitur
1400 1876 1500 1910 fuere
1537 1888 1677 1917 causae,
1714 1888 1776 1910 cur
1813 1879 1850 1911 et

73 1931 179 1963 antea
206 1928 404 1973 cupiuerim
440 1931 476 1962 et
501 1940 596 1963 nunc
632 1931 673 1962 ut
707 1941 787 1963 cum
814 1930 970 1964 maxime
996 1929 1137 1974 cupiam
1174 1941 1303 1973 meque
1331 1929 1374 1963 ad
1403 1929 1436 1963 id
1464 1942 1526 1974 pro
1552 1930 1692 1964 uiribus
1718 1941 1844 1964 curan-

73 1982 157 2016 dum
193 1976 390 2026 obligatum
425 1993 504 2017 esse
539 1982 692 2016 sentiam
729 1985 770 2016 ut
804 1983 917 2017 nostri
953 1995 1077 2017 omnes
1112 1994 1218 2027 quam
1258 1983 1415 2017 maxime
1448 1984 1492 2017 ab
1527 1982 1732 2017 huiusmodi
1759 1983 1849 2017 locis

73 2035 202 2077 absint,
230 2035 264 2069 in
291 2035 423 2079 quibus
449 2037 683 2079 quantumuis
710 2036 851 2070 fructus
877 2036 1069 2079 colligatur
1096 2036 1208 2070 multo
1243 2039 1363 2070 tamen
1392 2036 1505 2070 maior
1541 2048 1684 2081 semper
1710 2038 1851 2071 iactura

72 2089 147 2123 fiat.
198 2087 315 2130 Quare
349 2093 390 2122 ut
425 2092 532 2123 antea
568 2089 641 2123 dixi
669 2089 921 2124 Reuerentiam
959 2101 1100 2133 quoque
1128 2089 1170 2123 V.
1198 2089 1321 2123 hortor
1356 2093 1530 2133 quantum
1567 2101 1710 2134 possum
1748 2090 1849 2124 utin

72 2135 138 2176 lioc
164 2142 309 2186 negotio
335 2154 398 2187 pro
425 2143 538 2187 ipsius
565 2153 684 2183 causa,
712 2146 820 2187 atque
846 2143 1004 2177 utilitate
1021 2146 1190 2188 suscepto
1219 2143 1365 2177 inducat
1391 2143 1546 2177 animum
1575 2155 1640 2177 nos
1658 2143 1850 2187 diligenter

73 2207 115 2230 ac
142 2195 305 2229 studiose
332 2196 515 2229 adiuuare.
551 2196 597 2230 Jn
625 2207 694 2240 quo
721 2197 750 2229 si
778 2196 865 2230 mihi
892 2196 1000 2230 dubia
1027 2198 1122 2230 esset
1150 2196 1247 2230 illius
1266 2196 1434 2230 uoluntas
1461 2198 1626 2230 afferrem
1653 2196 1711 2230 hic
1734 2196 1850 2230 multa

73 2250 174 2283 certa
200 2252 237 2283 et
263 2249 452 2293 explorata
478 2260 570 2293 quae
596 2249 756 2292 religiosi
792 2249 953 2283 cuiusuis
989 2249 1148 2283 animum
1174 2250 1361 2294 impellere
1387 2252 1546 2294 possent,
1574 2250 1846 2294 promissionem

74 2302 298 2336 obedientiae
333 2305 458 2336 sancte
486 2303 560 2336 Deo
595 2302 742 2342 factam,
779 2302 994 2337 breuitatem
1022 2302 1329 2346 fragilitatemque
1368 2303 1464 2336 uitae
1498 2306 1533 2336 et
1560 2314 1630 2337 una
1666 2314 1746 2337 cum
1774 2303 1850 2337 uita

74 2355 310 2390 humanorum
347 2356 503 2389 omnium
541 2356 817 2397 commodorum,
853 2356 1133 2390 inconstantiam
1172 2356 1281 2390 etiam
1320 2355 1502 2390 hominum
1543 2368 1692 2400 quorum
1732 2356 1848 2390 fauori

71 2408 275 2449 innitimur,
313 2409 467 2453 denique
504 2421 652 2453 poenam
690 2421 782 2453 quae
818 2409 942 2455 procul
978 2409 1084 2444 dubio
1119 2411 1196 2443 tum
1233 2409 1338 2443 malis
1364 2409 1553 2453 religiosis,
1589 2412 1664 2444 tum
1692 2410 1850 2444 maxime

71 2461 284 2506 religionum
321 2462 604 2497 labefactor-ibus
639 2463 806 2497 debetur:
842 2463 996 2497 dicerem
1034 2463 1142 2497 etiam
1180 2468 1335 2507 quantas
1371 2463 1634 2497 consolationes
1670 2475 1850 2508 quamque

71 2514 227 2559 liquidas
254 2515 383 2550 afferat
407 2519 506 2550 recte
525 2516 705 2550 custodita
732 2515 932 2561 disciplina,
959 2528 1049 2560 quos
1076 2520 1201 2551 contra
1228 2516 1313 2550 laxa
1340 2527 1381 2550 ac
1400 2516 1575 2551 dissoluta
1593 2517 1670 2550 uita
1696 2528 1851 2561 angores

71 2569 324 2613 cruciatusque
359 2570 611 2609 conscientiae,
647 2569 732 2613 quid
768 2570 877 2603 etiam
913 2581 1007 2614 pars,
1043 2571 1290 2604 membrumue
1318 2570 1455 2615 corpori
1482 2571 1548 2604 toti
1584 2570 1712 2604 debeat
1748 2570 1850 2604 cuius

70 2621 226 2656 salutem
261 2633 302 2656 ac
337 2622 585 2666 integritatem
612 2623 705 2657 tueri
742 2623 799 2657 uel
834 2634 899 2658 suo
934 2623 1100 2668 oppositu
1126 2624 1232 2658 debet
1266 2635 1335 2657 non
1370 2624 1474 2658 modo
1507 2636 1577 2657 non
1613 2623 1773 2669 prodere,
1809 2635 1851 2658 ac

71 2676 233 2719 perdere.
283 2675 352 2709 Sed
388 2675 481 2710 hanc
517 2676 690 2710 rationem
728 2687 815 2719 erga
841 2677 1095 2711 Reuerentiam
1124 2677 1165 2712 V.
1194 2677 1339 2711 minime
1374 2677 1615 2711 necessariam
1642 2677 1770 2717 iudico,
1807 2677 1850 2711 de

71 2729 173 2763 cuius
208 2728 395 2763 uoluntate
430 2729 546 2763 multa
582 2730 625 2763 ad
661 2741 717 2763 me
755 2730 794 2764 Ρ.
822 2730 1062 2765 Prouincialis
1097 2733 1172 2765 tum
1210 2731 1318 2764 etiam
1355 2730 1395 2765 Ρ.
1425 2730 1592 2765 Canisius
1627 2731 1848 2776 perscripsit.

71 2780 190 2824 Quare
222 2782 287 2816 hoc
322 2794 431 2816 unum
468 2785 583 2816 restat
617 2784 657 2817 ut
682 2783 791 2817 animi
820 2783 888 2817 mei
923 2784 1104 2818 sententia
1131 2784 1315 2829 patefacta
1350 2784 1433 2828 quid
1461 2784 1506 2818 ab
1533 2795 1575 2818 ea
1601 2788 1768 2829 expetam
1797 2784 1849 2818 illi

71 2835 240 2880 aperiam.
291 2835 408 2870 Velim
437 2836 588 2880 primum
617 2839 657 2870 ut
683 2837 718 2870 in
743 2848 783 2871 se
809 2837 925 2881 ipsum
945 2837 1175 2877 descendens,
1204 2839 1239 2870 et
1265 2848 1350 2870 uere
1377 2848 1495 2871 coram
1523 2837 1597 2871 Deo
1625 2838 1685 2882 qui
1712 2849 1849 2872 renes

72 2893 117 2922 et
154 2888 296 2922 corda
331 2890 616 2926 scrutatur³.
656 2892 691 2923 et
729 2893 853 2934 postea
892 2890 1000 2924 etiam
1039 2890 1263 2924 iudicaturus
1299 2894 1355 2924 est
1385 2901 1425 2925 se
1460 2893 1626 2925 statuens
1652 2891 1849 2926 discuteret

71 2941 107 2975 in
134 2943 269 2985 quanto
295 2944 332 2975 et
351 2941 568 2976 Reuerentia.
587 2942 630 2976 V.
650 2943 791 2977 animae
809 2946 846 2977 et
864 2943 1026 2978 Societas
1044 2946 1167 2978 nostra
1187 2943 1467 2978 existimationis
1486 2944 1644 2989 periculo
1664 2947 1847 2978 uersetur:

72 2994 199 3029 deinde
234 2994 392 3028 animum
428 2994 594 3029 obfirmet
628 2995 786 3040 aliquam
821 2997 916 3031 uiam
953 2996 1111 3042 reperire
1148 3008 1227 3030 sese
1263 3008 1308 3030 ex
1334 2996 1414 3031 istis
1448 2997 1588 3041 laqueis
1624 2997 1848 3042 expediendi,

195 3100 205 3120 ¹
230 3099 476 3139 Monacensis;
505 3112 539 3134 v,
558 3111 668 3145 supra
694 3113 726 3146 p.
745 3102 826 3136 456.
952 3102 965 3123 ²
991 3102 1045 3136 Mt
1073 3102 1128 3143 11,
1156 3102 1196 3142 8:
1224 3102 1272 3135 Le
1301 3102 1332 3143 7,
1360 3101 1417 3136 25.

193 3153 205 3172 ³
231 3154 309 3197 Apo
334 3153 366 3194 2,
393 3153 458 3194 23;
485 3154 532 3188 cf.
550 3153 599 3188 Ps
625 3155 657 3196 7,
685 3155 748 3196 10;
775 3155 816 3189 Jr
845 3156 898 3196 17,
927 3155 981 3190 10.
