2051 3433
176 150 256 190 170
376 147 476 181 1869.
504 146 574 181 ΡΡ.
606 146 698 180 Petr.
720 144 885 179 Canisius
913 147 948 178 et
972 143 1081 189 Alph.
1099 144 1251 179 Pisanus
1277 143 1459 178 Everardo
1487 144 1721 178 Mercuriano.

171 267 346 320 praeter
378 265 595 307 decorum.
645 262 854 304 Dominus
886 261 1056 304 JESVS
1099 264 1289 304 vestram
1334 261 1535 304 eximiam
1575 261 1783 316 pietatem
1814 261 1937 304 nobis

170 331 241 373 diu
275 332 504 372 conseruet
536 329 807 371 incolumem.
853 326 1123 381 Antuerpiae
1157 328 1225 369 23.
1260 327 1454 382 Januarij
1495 328 1618 369 1574.

289 407 542 450 Reuerendo
577 405 806 447 admodum
838 404 881 446 in
915 404 1086 446 Christo
1121 404 1165 446 P.
1200 404 1384 446 Domino
1418 404 1548 447 Petro
1582 404 1788 446 Canisiofl.

174 539 327 576 1869.
427 540 498 574 ΡΡ.
526 538 710 573 PETRUS
749 536 966 573 CANISIUS
1003 539 1040 571 et
1075 536 1358 571 ALPHONSUS
1394 536 1606 577 PISANUS‚
1642 536 1676 571 S.
1705 537 1748 578 J.,
1785 534 1938 571 EVE-

362 596 604 634 RARDO
633 594 1090 633 MERCURIANO
1119 596 1322 641 praeposito
1349 596 1508 639 generali
1536 596 1726 631 Societatis
1756 597 1843 630 lesu.

1209 662 1408 707 Oeniponte
1434 662 1501 696 sub
1528 662 1584 696 26.
1605 662 1761 696 Ianuarii
1791 662 1891 695 1574.

288 736 343 770 Ex
371 735 568 780 archetypo
593 746 700 768 manu
720 734 759 768 P.
778 734 926 768 Antonii
947 733 1097 768 Guisani
1116 732 1150 767 S.
1170 733 1202 767 J.
1222 732 1477 767 contionatoris
1504 733 1729 778 oenipontani
1753 732 1814 776 (cf.
1833 743 1939 776 supra

170 802 201 834 p.
224 790 305 831 130)
335 789 469 834 scripto
500 790 577 831 (2⁰;
604 788 626 822 4
653 791 740 833 pp).
785 788 904 822 Germ.
929 787 993 821 135
1021 787 1045 821 f.
1075 786 1303 821 1562—15712.
1348 787 1397 820 Eo
1423 798 1510 821 usus
1538 789 1593 821 est
1612 787 1819 829 Sachnus,
1846 785 1940 819 Hist.

171 843 230 885 IV,
258 843 280 877 l.
304 844 331 883 1,
358 854 393 876 n.
415 842 459 877 82
487 842 542 876 83.

291 934 480 970 Praefatio
508 933 682 970 editoris:
720 935 871 968 Ioannes
897 932 971 968 Nas
998 934 1076 968 sive
1102 934 1222 968 Nasus
1251 933 1518 977 (1534—1590)
1548 946 1592 968 ex
1619 933 1746 978 oppido
1774 933 1940 967 Eltmann

174 990 285 1031 (nunc
311 989 514 1035 procinciae
540 988 760 1022 Franconiae
786 987 967 1022 inferioris
993 988 1094 1030 regni
1121 987 1298 1031 bavarici)
1327 990 1437 1028 ortus,
1464 990 1540 1022 arte
1559 991 1686 1028 sartor,
1714 998 1793 1021 cum
1820 986 1887 1021 hac
1907 990 1941 1020 et

170 1043 252 1078 illac
280 1043 539 1088 peregrinando
564 1042 750 1087 opificibus
770 1053 914 1086 operam
941 1041 1140 1086 praeberet,
1167 1053 1188 1075 a
1214 1041 1283 1075 fide
1303 1041 1479 1076 catholica
1499 1041 1640 1081 defecit,
1668 1041 1730 1074 sed
1758 1040 1941 1084 aliquanto

170 1099 250 1141 post
277 1097 319 1130 ad
348 1108 426 1130 eam
453 1096 569 1130 rediit.
613 1095 744 1129 Postea
762 1094 942 1129 Monachii
970 1107 989 1128 a
1008 1094 1258 1129 Franciscanis
1285 1094 1326 1128 de
1348 1094 1590 1129 Observantia
1616 1095 1767 1139 primum
1796 1105 1942 1127 numero

170 1150 321 1184 fratrum
358 1150 529 1184 laicorum
565 1149 756 1193 ascriptus,
790 1149 870 1183 dein
905 1149 948 1182 ad
986 1148 1188 1182 litterarum
1223 1148 1343 1182 studia
1378 1148 1557 1182 admissus
1593 1150 1647 1182 est
1677 1150 1728 1186 (J.
1749 1148 1790 1181 B.
1812 1148 1947 1190 Scho'pf

171 1204 324 1244 O.Min.,
354 1203 536 1238 Johannes
563 1203 692 1244 Nasus,
730 1203 845 1236 Bozen
878 1202 976 1242 1860,
1013 1202 1148 1241 5-11;
1187 1202 1309 1236 Parth.
1337 1203 1476 1244 Illinyes
1503 1200 1543 1235 O.
1573 1201 1609 1236 F.
1630 1201 1688 1239 M,
1727 1200 1942 1235 Gesehichte

170 1258 233 1291 der
268 1257 529 1291 Franziskaner
565 1256 599 1290 in
638 1257 791 1301 Bayern,
827 1255 1005 1289 Miinchen
1037 1256 1137 1297 1896,
1173 1256 1343 1298 91—93).
1395 1255 1498 1289 Anno
1537 1255 1626 1289 1559
1663 1254 1872 1298 Ingolstadii
1907 1254 1942 1288 in

170 1311 290 1345 album
326 1310 578 1344 universitatis
614 1314 670 1343 est
695 1309 832 1343 relatus
859 1310 951 1351 (Val.
972 1311 1177 1349 Rotmarus,
1204 1308 1363 1343 Annales
1390 1308 1688 1352 Ingolstadiensis
1715 1307 1942 1347 Academiae,

173 1364 385 1408 Ingolstadii
415 1364 515 1405 1580,
552 1364 575 1398 f.
599 1363 711 1406 128b).
764 1363 997 1397 Contionator
1023 1363 1251 1403 constitutus,
1278 1362 1502 1405 Ingolstadii,
1530 1361 1667 1402 Ulmae,
1694 1361 1942 1405 Straubingae‚

171 1418 361 1459 Monachii,
388 1418 472 1452 alibi
500 1428 667 1460 magnam
696 1417 790 1462 apud
811 1417 995 1451 auditores
1021 1416 1175 1460 gratiam
1203 1415 1281 1450 iniit
1299 1415 1524 1460 multumque
1543 1415 1712 1449 utilitatis
1738 1415 1781 1449 iis
1800 1415 1941 1449 attulit:

171 1472 342 1516 eloquens
361 1472 466 1513 enim,
494 1475 632 1513 acutus,
660 1471 813 1514 facetus,
839 1470 993 1515 impiger
1011 1473 1090 1504 erat
1108 1472 1143 1504 et
1161 1471 1358 1504 orationem
1377 1469 1420 1504 ad
1444 1469 1566 1514 populi
1585 1472 1726 1514 captum
1747 1468 1942 1512 ingenium—

172 1536 242 1570 que
278 1525 583 1560 accommodabat.
635 1524 830 1559 Scribendo
866 1535 1006 1568 quoque
1041 1523 1203 1564 valebat3
1239 1526 1275 1557 et
1310 1535 1391 1557 cum
1425 1522 1581 1557 ministri
1608 1523 1943 1566 contionatoresque

172 1579 449 1624 protestantium
477 1578 673 1613 catholicos
698 1577 800 1612 libris
824 1577 1066 1612 conviciorum
1087 1579 1123 1611 et
1141 1577 1400 1611 calumniarum
1428 1576 1544 1621 plenis
1562 1576 1787 1621 impeterent,
1813 1575 1943 1617 Nasus,

172 1634 327 1674 coactus,
364 1635 403 1666 ut
428 1632 505 1677 ipse
532 1632 592 1673 ait,
629 1632 673 1666 ad
700 1643 787 1665 oves
814 1631 1056 1665 defendendas
1083 1633 1118 1664 et
1144 1630 1247 1675 lupos
1273 1630 1509 1675 repellendos,
1545 1630 1588 1664 ab
1615 1641 1644 1663 a.
1669 1629 1756 1663 1565
1785 1629 1804 1663 6
1835 1628 1943 1671 „Cen-

171 1686 305 1720 turias“
337 1688 373 1720 et
399 1686 487 1720 alios
523 1685 633 1720 libros
669 1684 894 1729 germanicos
920 1684 1056 1718 edendo
1083 1685 1295 1718 acerrimum
1323 1687 1446 1718 contra
1472 1683 1680 1724 Lutherum‚
1714 1682 1943 1724 Heshusium,

174 1739 330 1780 Gallum,
366 1739 626 1781 Rauscherum,
663 1739 752 1773 alios
778 1738 912 1773 multos
946 1738 1062 1781 gessit
1087 1737 1231 1779 bellum,
1268 1749 1310 1772 ea
1335 1737 1429 1771 haud
1456 1738 1507 1771 ita
1533 1748 1612 1770 raro
1639 1739 1743 1771 utens
1769 1736 1944 1771 sermonis

172 1793 369 1828 acerbitate
405 1804 446 1826 ac
482 1793 695 1834 rusticitate,
732 1803 802 1836 qua
829 1791 1058 1826 adversarios
1092 1802 1162 1825 non
1189 1791 1367 1835 aequabat
1393 1790 1548 1834 quidem,
1579 1790 1640 1824 sed
1676 1790 1797 1834 aliqua
1824 1791 1943 1824 tamen

173 1847 310 1881 ratione
349 1846 558 1881 imitabatur
597 1847 766 1889 (Janssen
802 1845 824 1880 1.
856 1857 886 1880 c.
917 1845 1043 1878 V¹-¹2
1079 1845 1295 1888 365-377).
1346 1845 1488 1878 Interea
1527 1844 1570 1878 ab
1609 1844 1731 1878 ordine
1765 1843 1944 1878 Minorum

173 1900 392 1944 guardianus
435 1899 731 1943 ingolstadiensis
774 1901 810 1933 et
852 1898 1119 1933 commissarius
1162 1910 1224 1943 per
1259 1898 1488 1933 Germaniam
1532 1897 1711 1941 generalis
1753 1897 1873 1931 factus
1910 1900 1945 1931 et

172 1967 202 1989 a.
226 1955 311 1988 1571
342 1954 492 1988 Romam
527 1954 571 1988 ad
609 1953 807 1998 capitulum
843 1952 1012 1996 generale
1047 1956 1220 1987 evocatus
1255 1955 1310 1987 est
1337 1952 1490 1995 (Scho'pf
1512 1951 1534 1985 l.
1566 1951 1659 1986 0108
1686 1951 1760 1993 40).
1812 1949 1946 1984 Romae

174 2007 327 2042 Sanctus
364 2008 450 2041 Pius
484 2007 527 2042 V.
559 2007 781 2051 singularem
820 2007 852 2040 ei
890 2005 1177 2040 benevolentiam
1217 2005 1436 2045 declaravit;
1480 2016 1590 2049 quare.
1629 2003 1822 2039 cardinalis
1860 2003 1946 2038 Otto

174 2061 375 2096 Truchsess
409 2061 522 2095 Roma
557 2062 588 2096 9.
618 2060 709 2094 Iunii
740 2060 825 2095 1571
856 2060 1004 2094 Alberto
1040 2059 1083 2094 V.
1113 2058 1290 2093 Bavariae
1325 2059 1405 2093 duci
1440 2058 1633 2103 *scripsitz
1674 2057 1742 2100 „Es
1776 2057 1856 2092 hatt
1890 2057 1946 2092 die

176 2117 304 2160 Bapst:
335 2114 573 2160 Hayligkhait
600 2115 667 2149 den
693 2114 869 2148 frommen
898 2114 935 2147 P.
957 2112 1157 2147 Johannem
1184 2112 1320 2147 Nasum
1347 2124 1435 2156 gern
1461 2111 1622 2155 geffiret,
1657 2112 1727 2146 ime
1752 2110 1945 2145 vatterlicli

175 2182 216 2203 zu
255 2168 478 2214 gesprochen
517 2168 582 2202 och
622 2168 661 2202 E.
693 2167 731 2202 L.
762 2167 846 2201 halb
881 2167 1080 2210 angeredt.
1102 2193 1110 2200 .
1130 2193 1137 2200 .
1175 2166 1222 2200 Er
1256 2166 1336 2200 hatt
1370 2178 1435 2209 gar
1461 2168 1563 2209 gutte
1600 2164 1791 2200 facultates
1818 2165 1861 2199 ad
1888 2164 1945 2199 ab·

173 2223 383 2257 soluendum
411 2225 478 2256 etc.
499 2221 671 2263 erhalten,
695 2221 746 2266 jst
773 2221 815 2255 fir
843 2232 917 2254 war
944 2220 1001 2254 ain
1022 2220 1243 2265 waydlicher
1269 2220 1399 2254 Mann‘
1433 2220 1492 2262 (ex
1519 2221 1677 2263 autogr.;
1706 2217 1885 2252 Monac-hii
1912 2219 1945 2252 in

174 2276 320 2311 archivo
347 2276 449 2320 regni
477 2275 647 2316 bavar-ici,
679 2274 885 2318 „Hochstift
903 2273 1100 2318 Augsburg
1116 2275 1148 2309 4.
1170 2273 1203 2308 S.
1223 2274 1267 2315 II,
1294 2286 1327 2308 n.
1348 2273 1412 2308 92“
1443 2274 1467 2307 f.
1485 2273 1599 2316 448³).
1642 2271 1798 2306 Rediens
1824 2271 1945 2306 eodem

177 2342 268 2365 anno
295 2330 328 2364 in
349 2328 591 2370 Germaniam,
618 2329 787 2362 Brixinae
815 2329 858 2362 ad
878 2340 1007 2363 munus
1026 2328 1284 2362 contionatoris
1303 2327 1337 2361 in
1357 2326 1511 2361 ecclesia
1529 2325 1727 2361 cathedrali
1747 2325 1946 2360 obeundum

175 2396 195 2418 a
230 2383 411 2418 canonicis
446 2382 623 2417 adductus
659 2384 732 2423 est3
770 2393 848 2416 cum
887 2384 1007 2416 autem
1042 2393 1128 2415 vere
1164 2382 1246 2415 anni
1276 2381 1366 2415 1573
1393 2379 1559 2414 Canisius
1586 2380 1733 2413 Romam
1769 2379 1891 2413 venire
1926 2389 1946 2413 a

175 2436 348 2480 Gregorio
367 2435 462 2470 XIll.
482 2435 603 2470 iussus
620 2435 690 2469 iam
710 2447 779 2469 non
806 2438 929 2480 posset
947 2434 1145 2480 Oeniponte
1164 2435 1206 2468 ad
1227 2434 1489 2468 Ferdinandum
1510 2434 1551 2467 ΙΙ.
1571 2432 1800 2467 archiducem
1819 2432 1947 2474 dicere,

175 2490 294 2524 Nasus
322 2490 505 2524 contiones
532 2489 612 2523 illas
635 2491 742 2532 (quae
761 2489 796 2523 in
816 2488 968 2523 eeclesia
988 2488 1020 2523 S.
1042 2488 1167 2523 Crucis
1185 2487 1401 2523 monasterio
1420 2487 1738 2522 Franciscanorum
1759 2486 1947 2521 coniuncta

176 2543 414 2586 habebantur)
444 2542 605 2587 suscepit
632 2545 667 2576 et
693 2553 714 2576 a
740 2542 900 2587 principe
927 2541 1183 2576 contionatoris
1210 2541 1450 2576 archiducalis
1475 2540 1618 2575 nomine
1645 2541 1792 2574 ornatus
1811 2542 1884 2581 est;
1912 2540 1945 2573 in

175 2608 244 2641 quo
278 2597 396 2631 officio
432 2608 511 2630 eum
540 2595 786 2629 Ferdinandus
811 2595 931 2636 etiam,
968 2607 1048 2630 cum
1076 2595 1242 2630 Canisius
1269 2594 1504 2640 Oenipontem
1540 2593 1703 2634 redisset,
1740 2603 1947 2638 permanere

179 2650 292 2685 voluit
321 2650 437 2692 (He'rn
463 2649 484 2684 l.
506 2662 535 2684 c.
558 2650 569 2683 l
597 2649 804 2690 249—255;
833 2660 942 2694 supra
969 2661 1001 2694 p.
1023 2648 1119 2692 130).
1170 2649 1290 2683 Minus
1317 2650 1436 2682 tamen
1462 2647 1562 2687 bene,
1593 2657 1699 2691 quam
1727 2658 1808 2681 cum
1833 2645 1946 2680 archi-

178 2705 277 2745 duce,
314 2704 409 2737 Naso
437 2703 672 2737 conveniebat
697 2715 777 2737 cum
806 2702 894 2737 viris
920 2702 1100 2746 religiosis
1135 2702 1235 2736 urbis
1269 2702 1539 2746 oenipontanae.
1593 2700 1889 2734 Adversabantur
1915 2700 1947 2734 ei

179 2757 405 2791 Franciscani
434 2756 520 2798 itali,
548 2757 608 2801 qui
635 2756 890 2790 monasterium
911 2756 945 2790 S.
966 2756 1091 2790 Crucis
1118 2755 1288 2789 tenebant
1317 2756 1431 2797 (Hira.
1459 2754 1480 2788 1.
1501 2765 1530 2788 c.
1550 2754 1563 2787 Ι
1583 2752 1680 2796 230),
1708 2753 1948 2797 querebantur

178 2810 367 2845 Societatis
406 2810 577 2851 homines,
616 2821 654 2844 se
693 2820 774 2843 cum
809 2809 1008 2844 animorum
1044 2809 1203 2843 fidelium
1240 2807 1432 2842 offensione
1467 2819 1487 2840 a
1522 2806 1618 2841 Naso
1655 2818 1698 2840 ex
1734 2806 1810 2851 ipso
1846 2817 1947 2840 sacro

177 2865 353 2907 suggestu
389 2863 470 2908 plus
506 2863 623 2897 minus
658 2866 782 2907 aperte
817 2862 1012 2908 perstringi
1048 2866 1084 2896 et
1118 2861 1294 2905 sugillari,
1330 2863 1439 2905 atque
1476 2860 1625 2894 eundem
1662 2859 1837 2894 interdum
1877 2859 1947 2893 alia

179 2928 330 2962 quoque,
367 2928 446 2951 cum
483 2916 761 2956 contionaretur,
797 2928 922 2960 parum
959 2919 1062 2949 caute
1100 2915 1364 2960 prudenterque
1399 2913 1569 2959 proferre.
1621 2912 1758 2954 Quibus
1792 2912 1947 2957 querelis

179 2970 327 3004 Romam
364 2981 478 3013 usque
513 2969 672 3014 perlatis,
701 2970 995 3004 Bartholomaeus
1020 2970 1061 3003 de
1087 2970 1211 3002 Por-tia
1247 2968 1394 3002 nuntius
1429 2965 1646 3011 apostolicus
1672 2965 1765 3000 malo
1791 2965 1947 2999 remedia

179 3024 306 3058 afferre
326 3024 444 3058 iussus
463 3024 518 3057 est
537 3023 764 3067 (Schellhass,
791 3023 899 3056 Nunt.
919 3022 970 3056 Ill
990 3023 1064 3064 24).
1103 3022 1138 3056 Is
1157 3021 1278 3065 itaque
1297 3020 1497 3065 Oeniponte
1515 3019 1570 3053 28.
1592 3018 1670 3053 Iulii
1692 3018 1781 3053 1573
1800 3017 1946 3053 Romam

180 3077 222 3111 ad
252 3076 496 3111 Ptolemaeum
532 3076 749 3110 cardinalem
778 3076 988 3110 Comensem
1024 3075 1112 3109 llaec
1139 3075 1181 3108 de
1208 3075 1303 3109 Naso
1330 3073 1488 3108 rettulit:
1535 3071 1661 3114 „Come
1692 3071 1821 3106 huomo
1847 3073 1948 3106 tanto

302 3171 328 3200 a)
350 3170 393 3195 1²7.
416 3170 490 3194 lianc
510 3169 730 3201 *inscriptionem
755 3170 781 3193 in
804 3169 896 3200 capite
917 3168 1118 3193 commentarii
1135 3168 1242 3199 pos-uit.
