2051 3433
227 163 280 204 96
723 157 823 191 1821.
854 156 1019 191 Canisius
1047 157 1086 190 P.
1107 155 1326 200 Hieronymo
1352 155 1485 190 Natali.

528 278 554 328 †
589 276 681 318 Pax
714 275 872 318 Christi
905 274 1063 317 domini
1098 273 1219 316 nobis
1252 276 1445 317 aeterna.

649 341 893 383 Admodum
928 340 1180 382 Reuerende
1214 339 1347 381 Pater

343 413 504 467 Accepi
537 413 702 455 Romae
736 413 862 455 datas
896 413 1002 453 25³1
1034 410 1194 453 mensis
1225 409 1427 464 Augusti,
1466 410 1778 465 adiunctasque
1809 411 1906 454 misi
1938 412 1992 454 ad
2039 447 2042 464 ,

224 478 495 521 Rhenensem
519 478 829 520 Prouintialem
845 478 873 528 2,
909 490 1033 530 quem
1067 475 1334 518 recreauerit
1366 476 1493 518 oredo
1520 476 1570 519 R.
1595 477 1643 520 T.
1672 476 1715 518 in
1738 490 1869 519 causa
1891 477 1991 519 Ful·
2040 510 2041 522 ,

224 544 367 586 densis
407 543 590 597 collegij.
655 543 802 585 Abbas
845 542 1079 584 fundator-22
1111 543 1284 583 nostros
1322 540 1517 595 inprimis
1556 544 1767 596 expetere
1807 542 1990 595 uidetur,
2039 555 2041 559 ·

225 612 269 652 et
300 609 480 651 idoneus
513 613 581 651 est
613 609 732 650 locus
765 608 817 650 ad
851 621 1034 649 messem
1069 607 1255 660 amplam
1289 606 1332 648 in
1365 606 1536 649 domino
1570 607 1863 651 excolendam.

344 675 464 724 Quod
508 674 635 729 pauci
683 687 736 715 ex
785 672 998 727 Hispania
1042 671 1252 725 Theologi
1305 672 1504 723 ueniant,
1559 687 1654 714 cum
1698 687 1803 716 sane
1846 673 1992 716 multis
2038 707 2039 732 3

224 753 429 793 egeamus
457 740 548 781 siue
572 740 624 781 ad
648 738 909 793 prouintiam
931 737 1043 779 hanc
1064 737 1321 792 necessarijs
1343 737 1660 791 professoribus
1682 738 1991 790 instruendam,
2038 739 2039 745 ’

223 804 316 847 siue
349 805 403 847 ad
427 805 661 859 scriptores
685 804 893 857 quosdam
917 802 1256 853 constituendOS,
1291 803 1510 857 patienter
1534 803 1737 855 feremus,
1772 817 1992 857 quousque
2036 808 2040 863 f

224 870 420 912 dominus
453 883 529 924 per
552 870 600 912 R.
626 870 671 913 T.
697 868 876 911 meliora
900 868 1020 910 dabit
1042 870 1255 922 tempora,
1290 871 1335 910 et
1362 882 1538 910 causam
1559 869 1652 923 ipse
1675 883 1797 911 suam
1820 883 1992 923 promo·
2036 887 2039 890 ⁴

222 935 353 978 uebit.
397 936 692 990 Expectamus
715 934 950 977 aduentum
973 933 1111 987 ignoti
1139 933 1184 976 P.
1204 933 1307 988 Julij
1323 934 1351 984 4,
1386 935 1430 976 et
1457 934 1556 976 boni
1578 934 1722 977 Patris
1744 934 1992 990 Laurentij⁶
2036 926 2039 970 ἶ

222 1000 406 1042 reditum
426 1014 480 1042 ex
496 999 676 1053 collegio
693 999 973 1049 Ferrariensi,
994 999 1165 1052 quando
1183 999 1368 1041 Ducissa
1383 1001 1562 1042 sanctae
1579 999 1813 1042 memoriae
1829 999 1990 1042 nullum
2034 1035 2037 1048 .

221 1065 282 1107 illi
316 1067 361 1107 et
392 1065 514 1107 nobis
546 1065 727 1119 praebet
760 1064 1033 1107 obstaculum
1048 1065 1077 1108 ⁶.
1131 1063 1332 1106 Proderit
1364 1067 1509 1107 autem
1542 1064 1641 1107 huic
1672 1064 1813 1116 fratri,
1847 1066 1895 1107 ut
1926 1077 1992 1107 se·
2036 1099 2038 1103 ,

222 1130 404 1172 cundum
438 1130 487 1173 R.
513 1130 559 1173 T.
595 1129 853 1172 desiderium
887 1143 991 1172 suae
1030 1128 1274 1184 prouintiae
1311 1129 1593 1181 restituatur,
1637 1143 1769 1183 seque
1801 1128 1990 1183 colligat,
2034 1157 2036 1163 ›

219 1195 359 1237 turbis
390 1195 554 1238 relictis
587 1194 749 1246 aulicis,
793 1194 905 1238 sicut
936 1194 1042 1238 fecit
1074 1197 1120 1237 et
1151 1194 1196 1238 P.
1223 1194 1490 1237 Guilhelmus
1506 1195 1534 1246 7,
1578 1194 1649 1249 qui
1682 1194 1779 1237 huic
1812 1194 1991 1248 collegio
2034 1196 2036 1202 ⁸

220 1260 384 1302 seruire
415 1260 561 1315 pergit
592 1260 903 1311 Confessarius,
947 1262 991 1303 et
1023 1261 1165 1302 nullas
1198 1260 1337 1302 adhuc
1369 1260 1537 1315 accepit
1568 1261 1721 1303 literas
1753 1273 1779 1302 a
1812 1260 1992 1303 Ducissa.
2031 1251 2039 1307 s

222 1324 516 1376 Florentina8,
552 1325 665 1379 quod
698 1339 779 1379 ego
812 1326 965 1367 lubens
998 1325 1137 1368 uideo.
2032 1316 2036 1345 ²

340 1390 405 1432 De
438 1391 625 1433 Doctorc
658 1391 837 1433 Costero
878 1391 956 1434 fiat
989 1391 1102 1444 quod
1144 1390 1198 1433 ad
1231 1390 1439 1433 maiorem
1472 1390 1551 1433 Dei
1587 1390 1770 1444 gloriam
1803 1389 1897 1432 fore
1928 1390 1992 1432 iu-

221 1455 367 1498 dicant
389 1455 559 1499 Patres.
604 1455 850 1499 Habebitur
881 1456 1012 1499 etiam
1046 1456 1172 1508 ratio,
1207 1455 1271 1499 uti
1294 1456 1473 1507 confido,
1509 1456 1678 1511 collegij
1714 1455 1990 1508 Coloniensis,
2031 1459 2035 1473 ’

222 1520 335 1574 quod
376 1520 520 1562 ornari
562 1521 751 1564 maxime
783 1525 931 1576 posset
964 1521 1186 1575 Theologo
1227 1522 1487 1576 professore,
1531 1535 1626 1564 cum
1668 1535 1739 1564 res
1771 1521 1991 1564 Catholica
2029 1511 2034 1554 1

220 1585 307 1628 illic
340 1588 468 1639 egeat
500 1586 694 1640 pluribus
727 1587 950 1642 operariis,
986 1590 1029 1630 et
1051 1601 1136 1630 non
1159 1587 1421 1641 negligenda
1442 1586 1530 1629 sint
1551 1586 1849 1638 fundamenta,
1883 1599 1992 1641 quae
2029 1606 2033 1658 Ι

220 1651 263 1693 in
305 1651 410 1693 urbe
452 1654 606 1694 sancta
636 1652 737 1695 iecit
771 1653 816 1695 P.
841 1652 982 1695 Faber
1022 1652 1120 1725 piae
1154 1653 1429 1696 memoriae9.
1492 1653 1641 1724 Magni
1682 1652 1847 1695 1efer1e
1888 1653 1990 1707 puto
2029 1660 2032 1698 Ι

221 1717 273 1758 ad
310 1717 585 1759 Germaniam
619 1717 947 1769 restituendam,
981 1720 1030 1761 ut
1051 1718 1235 1773 primum
1269 1721 1314 1761 et
1346 1718 1543 1761 ultimum
1576 1718 1618 1760 in
1651 1718 1727 1761 illa
1749 1717 1989 1771 collegium,
2028 1707 2031 1742 ¹

223 1781 467 1824 Viennense
507 1782 673 1826 scilicet
715 1786 846 1837 atque
879 1783 1145 1836 Coloniense,
1189 1783 1421 1838 diligenter
1458 1786 1768 1827 conseruentur
1810 1797 1860 1826 ac
1892 1796 1988 1838 pro-

222 1850 492 1890 moueantur.
639 1860 642 1862 ’

338 1913 438 1954 Jam
470 1913 738 1957 intellexerit
769 1915 819 1957 R.
841 1915 887 1957 T.
924 1917 1087 1968 quanta
1119 1914 1177 1958 sit
1208 1914 1328 1958 facta
1360 1915 1482 1957 nobis
1513 1913 1698 1958 mutatio
1731 1914 1775 1957 in
1806 1916 1989 1968 utroque

222 1978 416 2031 collegio,
459 1979 657 2021 Hallensi
699 1983 743 2023 et
788 1980 1104 2035 Oenipontano.
1168 1981 1214 2024 P.
1250 1980 1466 2023 Pastelius
1507 1980 1622 2023 haud
1664 1979 1791 2022 dubie
1824 1979 2028 2027 Viennaci

221 2043 408 2097 scripsit,
444 2045 656 2097 quomodo
690 2044 789 2088 hinc
822 2045 957 2088 fuerit
988 2060 1014 2088 a
1047 2046 1092 2089 P.
1113 2045 1369 2089 Prouintiali
1402 2047 1625 2098 auocatus,
1660 2047 1704 2088 et
1734 2041 2027 2088 Austriacae
2018 2065 2027 2093 ι

221 2108 405 2151 donatus
443 2109 687 2164 prouintiae
727 2111 805 2153 sub
845 2125 894 2153 eo
940 2114 1186 2166 praetextu,
1230 2111 1343 2165 quod
1377 2111 1577 2154 Grazium
1618 2111 1879 2162 mitteretur,
1920 2106 2027 2175 ubil

219 2176 367 2216 tamen
390 2174 566 2217 melio1e
589 2175 843 2229 indigebunt
866 2177 1139 2220 contionatm
1143 2190 1178 2227 e,
1202 2179 1251 2219 ut
1273 2191 1354 2230 ego
1376 2176 1504 2232 plane
1527 2176 1727 2220 arbitror
1772 2176 1989 2218 Habemus

220 2253 332 2281 nunc
365 2240 410 2282 P.
437 2240 740 2283 Wendelinum
776 2241 856 2284 hoc
878 2243 972 2284 loco
996 2243 1239 2294 Rectmem,
1275 2256 1401 2296 quem
1425 2255 1549 2297 spelo
1574 2241 1740 2284 muneri
1763 2255 1839 2284 suo
1862 2241 1987 2284 satis-

221 2304 450 2356 facturum,
485 2308 533 2348 ut
566 2309 610 2349 et
632 2306 860 2360 Augustae
892 2307 998 2350 fecit
1014 2308 1058 2350 ¹⁰.
1109 2308 1270 2350 Reotor
1292 2307 1512 2350 Hallensis
1544 2321 1749 2361 magnum
1782 2306 1848 2349 sui
1880 2305 1989 2349 desi·
2021 2338 2023 2356 ,

2021 1869 2030 1979 vanu-
2026 1753 2031 1859 -..,-.-.

339 2397 367 2429 a)
388 2398 457 2422 Vide
479 2398 570 2429 infra,
591 2400 689 2424 adnot.
710 2402 734 2425 1.

343 2519 353 2538 ¹
381 2519 612 2554 scribendum
640 2521 731 2556 fuit:
762 2522 860 2564 „23“.
905 2522 995 2557 Vide
1022 2534 1132 2568 supra
1158 2534 1192 2568 p.
1214 2523 1270 2558 90.

341 2571 352 2591 ²
380 2572 418 2606 P.
440 2573 684 2608 Hermannum
712 2575 929 2621 Thyraeum.

343 2626 354 2643 ³
381 2625 572 2661 Balthasar
598 2640 618 2662 a
647 2628 833 2664 Dernhach
862 2629 902 2664 O.
923 2629 957 2664 S.
977 2630 1037 2671 B.;
1067 2641 1100 2664 V.
1129 2641 1237 2675 supra
1264 2641 1296 2675 p.
1319 2630 1364 2666 50
1378 2629 1400 2664 ⁹.

342 2679 353 2697 *¹
382 2678 660 2723 P1·iscianensis;
690 2683 782 2723 vide,
811 2694 901 2727 quae
928 2683 994 2717 sub
1022 2684 1119 2728 ipsas
1145 2683 1211 2718 has
1237 2683 1379 2718 litteras
1406 2683 1579 2718 dicentur.

342 2732 354 2749 ⁵
383 2731 618 2769 Hermanntii.
735 2737 747 2755 ⁶
773 2737 932 2771 Baibara
961 2736 1022 2780 (cf.
1050 2748 1159 2782 supra
1185 2748 1217 2781 p.
1237 2736 1299 2780 5⁹)
1328 2739 1468 2771 mortua
1494 2740 1571 2771 erat
1597 2736 1703 2782 paulo
1730 2739 1824 2770 ante.

342 2785 354 2804 ⁷
382 2785 544 2821 Elde1e11.
669 2790 681 2809 ⁸
714 2790 863 2831 Ioanna3
893 2791 994 2825 cuius
1021 2790 1266 2825 confessarius
1292 2790 1431 2832 fuera3t
1459 2802 1491 2825 v.
1519 2801 1629 2836 supra
1656 2801 1688 2835 p.
1709 2789 1755 2823 5²
1781 2789 1836 2824 20.

342 2840 355 2857 ⁹
383 2838 516 2874 Βεὶῒυδ
543 2842 672 2876 Petlus
701 2843 894 2884 F·11›e1·;v.
926 2844 1047 2878 Can.I
1075 2844 1145 2878 931
1172 2844 1252 2879 669.

331 2892 356 2910 ¹⁰
382 2892 433 2925 De
462 2893 499 2927 P.
520 2894 732 2930 wendelino
752 2897 865 2931 Volck
895 2897 956 2941 (cf.
980 2900 1066 2932 Cm
1087 2897 1135 2931 VI
1161 2896 1246 2941 403)
1276 2898 1450 2941 Hoffsaeu
1475 2895 1640 2932 Natali*
1652 2896 1798 2942 scripsit
1824 2896 1987 2940 Augusta

228 2944 278 2978 l3.
300 2943 519 2989 Septembiis
549 2948 658 2983 1572:
690 2950 890 2991 „Proximis
917 2951 1042 2985 dicbus
1069 2951 1208 2985 mittam
1230 2951 1268 2986 P.
1288 2951 1335 2985 W
1339 2951 1541 2985 endelinum
1563 2950 1814 2996 Oenipontum,
1841 2952 1883 2984 vt
1907 2950 1987 2983 anto

224 2997 422 3032 discessum
449 2999 486 3033 P.
509 2999 642 3046 C·inisij
679 3003 813 3047 ι11(μιί(1
841 3004 883 3038 de
914 3005 1174 3048 gubematione
1209 3004 1305 3039 illius
1333 3003 1482 3049 Collegij
1519 3016 1584 3039 ceu
1610 3004 1819 3040 Vicerector
1854 3002 1986 3038 discat:

282 3052 355 3086 ..P
375 3052 417 3087 V.
447 3064 581 3097 quaeso
617 3056 801 3090 confirmet
831 3058 867 3091 l'.
888 3057 1140 3092 VVendelinuni
1178 3057 1367 3092 Rectorem
1403 3058 1709 3103 Oenipontanunst
1743 3057 1803 3100 (ex
1830 3059 1985 3099 autogm
2013 3058 2017 3079 ¹

225 3078 343 3140 Geim.
371 3106 437 3140 134
464 3107 487 3140 f
515 3107 629 3151 223³.)
681 3109 768 3143 Eum
796 3112 828 3145 4.
856 3110 1023 3146 Octobiis
1058 3114 1232 3146 rectorem
1265 3112 1397 3146 factum
1427 3123 1506 3146 esse
1541 3114 1708 3146 narratur
1733 3110 1769 3144 in
1795 3108 1985 3144 *Historia

225 3158 365 3202 collegii
393 3159 621 3204 oenipontani
650 3161 750 3206 (Cod.
775 3164 888 3204 ,Hist.
917 3164 995 3199 coll.
1025 3165 1131 3199 Oen.“
1162 3176 1194 3210 p.
1217 3165 1289 3207 10).

2011 3084 2017 3241 1

2011 3247 2016 3362 1

2010 3365 2014 3433 ι
