2062 3443
240 177 343 212 2046.
371 177 537 211 Canisius
566 177 747 211 Everardo
775 177 1010 211 Mercuriano.
1053 176 1201 219 Dilinga
1231 179 1282 212 17.
1304 179 1525 223 Septembris
1554 180 1655 214 1579.
1747 185 1829 224 515

64 294 107 328 V.
126 295 388 339 prouidentiam
424 305 515 338 quae
543 295 580 329 P.
601 294 783 328 Canisium
811 295 1034 339 potissimum
1064 295 1202 328 miserit
1229 297 1284 329 cui
1313 308 1458 331 necesse
1494 300 1570 331 erat
1598 298 1667 332 cito
1695 300 1827 334 redire·

65 348 126 391 (ex
153 360 300 388 comm.;
327 347 393 381 Rh.
417 348 480 381 lnf.
503 349 532 385 1,
559 348 590 381 ΙΙ
619 348 642 382 f.
663 348 752 391 34³¹).

183 400 308 434 Altera
345 400 546 434 litterarum
575 401 708 434 Canisii
748 413 830 446 pars
858 402 900 435 ad
938 412 995 435 res
1031 401 1172 444 collegii
1207 403 1402 444 germanici
1431 407 1590 448 spectat:
1629 405 1671 438 de
1705 407 1834 449 quibus

64 453 146 487 vide
173 465 224 495 ea,
251 465 343 498 quae
370 454 618 488 Mercurianus
644 455 675 488 9.
697 453 864 488 Octobris
893 455 982 488 1579
1009 454 1151 488 Canisio
1178 456 1373 500 rescripsit.

66 555 228 592 2046.
308 557 525 593 CANISIUS
554 557 934 593 EVERARDO
963 557 1417 595 RIERCI'RIANO
1446 562 1648 606 praeposito
1675 564 1833 605 generali

255 611 446 645 Societatis
473 612 564 646 Iesu.
1190 612 1331 656 Dilinga
1362 615 1413 648 17.
1435 615 1656 659 Septembris
1687 617 1786 651 1579.

184 680 239 715 Ex
274 681 498 726 autographo
538 682 615 723 (2⁰;
656 683 720 724 1¹52
748 693 826 726 pp.;
864 682 898 715 in
928 694 958 726 p.
986 682 1008 715 4
1034 682 1141 716 inscr.
1169 687 1204 715 et
1240 684 1439 727 particulae
1465 685 1563 728 sig),
1599 687 1691 729 quod
1720 691 1773 721 est
1801 688 1834 720 in

65 734 150 768 Cod.
180 735 320 776 „Germ.
351 735 436 769 184“
468 736 489 768 f.
513 735 696 770 68³¹—69'¹.
750 735 883 777 Magna
909 734 1036 769 harum
1063 734 1265 769 litterarum
1295 749 1377 780 pars
1403 739 1609 782 putrefacta
1636 743 1692 774 est
1717 743 1753 774 et
1779 741 1835 774 de-

65 787 169 827 cidit;
197 789 231 821 in
259 799 380 822 earum
408 789 539 832 pagina
557 789 590 822 4.
613 800 719 822 manu
745 788 895 831 antiqua
915 799 1029 831 eaque
1057 800 1203 822 romana
1230 793 1393 824 notatum
1413 795 1486 826 est:
1518 794 1558 834 „†
1579 793 1623 826 79
1643 793 1808 837 Dilingae
1829 813 1834 819 ·

66 841 104 874 P.
135 840 266 874 Petrus
302 841 467 875 Canisius
508 842 548 875 17
587 841 808 885 Septemb.“;
848 852 940 885 quae.
979 847 1076 875 recte
1116 843 1251 887 scripta
1291 855 1371 878 esse
1410 846 1642 880 confirmatur
1681 848 1837 891 epistula

65 894 229 938 proxima.
257 894 307 938 (n.
328 895 452 936 2048).

186 947 340 981 Litteras
367 948 473 981 hasce
501 948 623 981 eodem
651 948 754 981 modo
791 948 904 988 edam,
941 959 1009 991 quo
1045 948 1223 993 epistulae
1250 950 1343 985 2044
1380 954 1516 995 partem
1546 952 1697 996 priorem
1729 952 1837 997 (quae

29 1032 31 1034 .
65 1000 188 1034 eadem
217 1001 353 1034 ratione
379 1004 487 1045 atque
514 1001 603 1035 haec
622 1007 678 1035 est
696 1001 840 1038 vitiata)
870 1001 982 1036 edidi:
1012 1002 1095 1036 vide
1124 1003 1233 1046 igitur
1252 1015 1361 1047 supra
1382 1017 1412 1048 p.
1439 1005 1518 1039 509.
1559 1006 1723 1050 Epistula
1752 1019 1838 1041 usus

66 1061 122 1087 cst
147 1055 298 1098 eiusque
323 1055 539 1098 particulam
567 1054 688 1099 posuit
715 1055 923 1098 Sacc-hinem,
951 1056 1036 1089 Can.
1060 1055 1249 1090 301—302
1275 1057 1355 1091 338.

185 1134 377 1171 Praefatio
403 1134 579 1171 editoris:
616 1136 687 1170 Vix
715 1136 875 1179 intellegi
904 1140 1072 1181 poterunt
1098 1137 1164 1171 hae
1190 1137 1334 1172 litterae
1361 1139 1550 1173 admodum
1579 1152 1736 1183 mancae,
1770 1143 1837 1176 nisi

65 1188 154 1222 haec
180 1188 232 1222 eis
259 1192 533 1233 praenotentur:

187 1249 217 1282 1.
237 1248 439 1283 cardinalis
469 1254 544 1282 Otto
577 1250 767 1282 Trnclesess
793 1249 834 1282 de
862 1249 1074 1292 NValdburg,
1103 1250 1292 1294 episcopus
1320 1254 1546 1293 augustanus
1575 1254 1610 1293 (†
1634 1254 1751 1296 1573),
1779 1255 1838 1298 qui

66 1301 237 1335 Societati
281 1302 448 1345 Dilingae
491 1302 679 1345 collegium
719 1302 879 1336 condidit
912 1306 947 1336 et
988 1303 1261 1337 universitatem
1302 1316 1382 1337 cum
1421 1304 1646 1339 alumnorum
1687 1311 1721 1340 et
1760 1319 1839 1341 eon-

66 1355 244 1389 victorum
272 1356 386 1394 domo,
415 1357 507 1399 quod
535 1356 765 1389 seminarium
794 1356 828 1390 S.
848 1356 1057 1400 Hieronymi
1087 1357 1294 1397 vocabatur,
1330 1369 1350 1390 a
1375 1369 1415 1391 se
1443 1359 1510 1391 iam
1538 1363 1622 1392 ante
1654 1360 1837 1394 fundatam

66 1409 261 1452 regendam
288 1415 323 1443 et
351 1409 672 1443 administrandam
707 1409 866 1450 tradidit,
902 1395 1011 1449 haec,⁸
1038 1414 1181 1454 praeter
1216 1410 1297 1449 alia,
1335 1412 1541 1446 constituit:
1589 1413 1648 1453 „ln
1676 1413 1840 1448 omuibus

66 1462 171 1496 festis
197 1462 322 1496 diebus
349 1462 437 1496 haec
464 1474 528 1496 nos
554 1474 575 1495 a
600 1463 734 1496 nostris
753 1462 909 1497 alumnis
928 1463 1110 1497 obseruari
1131 1464 1390 1508 praecipimus:
1419 1464 1578 1499 Primum
1608 1469 1647 1499 ut
1672 1468 1840 1501 intersint

67 1516 295 1550 concionibus
321 1527 413 1559 quas
439 1527 518 1550 esse
545 1517 579 1549 in
607 1517 659 1550 eis
685 1516 901 1550 curabimus,
952 1516 1088 1551 Deinde
1115 1523 1154 1551 ut
1181 1518 1215 1551 in
1243 1518 1294 1551 eis
1320 1518 1477 1551 omnium
1506 1519 1672 1553 horarum
1692 1532 1839 1564 praeces

66 1569 230 1612 integras
265 1569 457 1603 absolu-ant
500 1570 601 1603 iuxta
644 1569 937 1604 consuetudinem
975 1571 1262 1614 Augustamnn',
1306 1574 1417 1614 utque
1456 1576 1654 1606 matutinas
1692 1585 1839 1617 praeces

69 1634 148 1656 cum
177 1622 345 1656 laudibus
371 1634 475 1656 mane
501 1626 659 1660 cantent,
696 1623 931 1667 Vespertinas
969 1628 1089 1657 autem
1117 1623 1204 1657 hora
1240 1626 1347 1658 tertia
1373 1637 1441 1659 non
1479 1627 1580 1660 modo
1609 1628 1640 1660 in
1668 1627 1757 1671 ipsis
1783 1628 1839 1661 do-

72 1676 210 1710 minicis
237 1680 273 1710 et
300 1677 404 1710 festis
431 1676 566 1715 diebus,
602 1678 664 1710 sed
692 1678 800 1710 etiam
826 1676 988 1710 sabbatis
1015 1679 1051 1710 et
1077 1677 1227 1711 aliorum
1255 1679 1428 1712 festorum
1456 1679 1603 1724 uigilijs.
1654 1680 1775 1714 Tertio
1802 1686 1840 1715 ut

67 1729 182 1774 pridie
209 1730 367 1763 omnium
394 1730 656 1774 praedictorum
683 1730 856 1763 festorum
885 1734 920 1764 et
946 1730 1107 1764 sabbatis
1135 1731 1299 1765 omnibus
1326 1735 1406 1776 post
1433 1733 1704 1777 completorium
1724 1734 1838 1768 Euan-

67 1783 200 1826 gelium
234 1783 346 1817 futuri
382 1783 465 1817 festi
503 1783 656 1826 legatur.
710 1783 829 1827 thue
855 1787 973 1817 rector
1008 1784 1106 1818 breui
1143 1784 1458 1819 adhortatiuncula
1493 1788 1685 1821 admoneat
1719 1799 1843 1822 omnes

67 1836 151 1880 quid
178 1837 212 1869 in
240 1848 280 1870 eo
307 1840 370 1870 aut
398 1837 431 1870 in
458 1837 569 1870 futuri
599 1836 681 1870 festi
708 1837 919 1871 celebritate
946 1838 1171 1882 potissimum
1192 1842 1367 1879 occurrat,
1395 1839 1431 1872 in
1458 1851 1527 1883 quo
1555 1840 1840 1875 Christianorum

67 1889 253 1924 meditatio
281 1890 436 1923 maximo
463 1902 544 1924 eum
571 1891 691 1924 fructu
719 1891 833 1935 possit
859 1892 1038 1935 occupari,
1065 1894 1175 1934 atque
1201 1891 1245 1925 ad
1272 1891 1327 1925 dei
1356 1896 1389 1925 et
1409 1894 1652 1937 proximorum
1672 1906 1839 1938 amorem,

67 1943 125 1977 uel
152 1943 194 1977 ad
223 1943 376 1977 alicuius
402 1943 595 1988 peculiaris
630 1945 777 1978 uirtutis
803 1945 964 1978 studium
999 1948 1034 1978 et
1060 1944 1139 1988 uitij
1168 1945 1336 1990 contrarij
1375 1945 1650 1980 detestationem
1680 1948 1840 1982 excitari.

70 1996 148 2038 Qua
173 1996 376 2031 hortatione
401 1996 504 2030 finita
530 1997 666 2031 iubebit
692 2000 731 2030 ut
758 1998 801 2031 de
827 1997 1020 2042 propositis
1046 1997 1153 2032 rebus
1179 2009 1300 2032 secum
1329 2010 1453 2033 omnes
1479 2001 1581 2033 taciti
1608 2012 1740 2043 magno
1758 2012 1840 2035 cum

69 2049 213 2084 silentio
251 2050 489 2091 meditentur,
529 2050 688 2084 diuinam
727 2051 880 2093 gratiam
921 2051 1132 2085 ardentibus
1171 2054 1266 2085 uotis
1305 2058 1341 2085 et
1379 2052 1570 2098 desiderijs
1609 2054 1841 2098 implorando,

69 2103 207 2147 absque
234 2114 304 2147 qua
330 2114 396 2138 nec
422 2103 538 2138 solida
565 2103 756 2138 delectatio
784 2104 818 2137 in
845 2103 1084 2148 spiritualium
1122 2116 1240 2137 rerum
1277 2105 1579 2150 contemplatione
1606 2107 1743 2147 sentiri,
1778 2119 1844 2141 nec

68 2157 209 2191 fructus
234 2156 332 2190 ullus
358 2157 494 2201 percipi
522 2161 651 2201 potest.
702 2157 898 2201 Postquam
926 2161 1044 2191 autem
1073 2158 1108 2190 in
1135 2157 1203 2191 hac
1221 2158 1453 2191 meditatione
1481 2159 1718 2202 quadrantem
1741 2161 1845 2194 unius

68 2209 176 2244 horae
204 2210 502 2255 consumpserint,
530 2210 714 2255 hymnum,
741 2210 792 2244 Te
818 2211 921 2244 deum
950 2211 1140 2244 laudamus
1159 2212 1320 2254 grauiter
1346 2216 1383 2245 et
1409 2212 1537 2246 deuote
1563 2213 1692 2247 dicent.
1731 2214 1844 2259 Subij-

69 2263 183 2297 cietur
217 2263 344 2297 deinde
365 2282 372 2288 ·
392 2264 501 2298 Pater
534 2267 657 2298 noster
677 2282 683 2289 ·
700 2275 782 2298 cum
818 2263 950 2309 Chyrie
977 2267 1044 2298 etc,
1072 2267 1108 2298 et
1135 2264 1258 2298 Oratio
1295 2265 1337 2298 de
1374 2266 1466 2299 festo
1502 2265 1559 2299 uel
1587 2266 1773 2307 dominica,
1810 2268 1844 2300 iu

70 2317 173 2350 cuius
199 2316 428 2351 conclusione
455 2317 606 2362 Collegij
643 2320 680 2352 et
715 2318 826 2352 nostri
862 2318 996 2352 mentio
1022 2318 1095 2352 fiet.
1148 2318 1214 2352 His
1240 2319 1332 2352 actis
1368 2320 1403 2352 in
1429 2330 1534 2352 suum
1570 2321 1721 2363 quisque
1749 2321 1843 2354 cubi-

69 2369 187 2404 culum
215 2382 254 2404 se
281 2370 451 2415 recipiet:
492 2370 797 2412 „Constitutiones
824 2371 974 2416 Collegij
1002 2371 1195 2415 Dilinguae
1234 2373 1343 2406 erecti
1380 2384 1443 2416 per
1470 2373 1694 2407 Cardiualem
1724 2375 1845 2418 Augu-

68 2424 232 2458 stanum‘
262 2436 296 2458 n.
319 2426 362 2458 14
381 2425 441 2466 (ex
471 2424 776 2458 Constitutionum
796 2425 960 2470 exemplo
986 2425 1133 2459 saeculo
1152 2424 1246 2458 XVl.
1275 2426 1419 2469 scripto.
1449 2425 1490 2460 G.
1510 2425 1594 2471 Sup.
1615 2428 1659 2461 98
1688 2429 1710 2460 t'.
1729 2428 1845 2470 226³).

71 2475 206 2511 Deinde
232 2477 324 2511 idem
353 2478 547 2512 cardinalis
577 2480 654 2512 Otto
680 2479 715 2511 in
752 2478 910 2525 *litteris
937 2478 1159 2513 fundationis
1192 2478 1334 2521 collegii
1363 2479 1535 2523 dilingani
1568 2480 1625 2521 (de
1652 2481 1783 2524 quibus
1813 2493 1844 2514 V.

73 2532 161 2565 Can.
182 2530 231 2564 VI
258 2530 358 2574 398³)
389 2531 478 2565 haec
505 2532 708 2576 praecepit:
745 2531 783 2565 In
811 2532 1043 2566 seminarium
1080 2544 1222 2576 quoque
1249 2532 1283 2566 S.
1304 2533 1514 2577 Hieronymi
1541 2532 1712 2567 Societati
1741 2534 1848 2578 plena

70 2584 119 2617 sit
143 2586 316 2628 potestas.
361 2584 578 2625 „Manebunt
597 2587 716 2619 tamen
737 2585 772 2618 in
791 2585 942 2629 collegio
961 2590 997 2619 et
1015 2586 1169 2620 ecclesia
1186 2586 1302 2619 sancti
1322 2585 1531 2630 Hieronymi
1551 2587 1675 2620 eadem
1694 2590 1844 2628 statuta,

70 2637 360 2677 consuetudines,
387 2639 642 2678 caeremoniae,
670 2639 761 2672 ritus
779 2639 1016 2673 ecclesiastici
1044 2643 1079 2673 et
1097 2641 1251 2676 caetera,
1279 2650 1371 2682 quae
1398 2640 1493 2673 circa
1512 2640 1647 2674 cultum
1673 2641 1844 2681 divinum,

70 2693 216 2724 cantum
243 2693 279 2724 et
305 2690 544 2734 obligationes
563 2691 786 2726 alumnorum
814 2693 858 2726 ad
879 2692 1051 2726 ecclesiae
1070 2693 1306 2736 Augustanae
1326 2693 1593 2727 inserviendum
1612 2698 1697 2728 sunt
1715 2697 1845 2729 consti-

69 2745 224 2778 tuta....
263 2743 409 2777 Alumni
437 2744 606 2789 episcopi,
642 2745 771 2788 quibus
809 2745 990 2779 tenebitur
1017 2747 1206 2790 episcopus
1242 2745 1285 2778 de
1312 2746 1422 2785 victu,
1459 2747 1592 2780 amictu
1621 2750 1655 2781 et
1682 2748 1847 2782 omnibus

70 2797 286 2831 necessariis
319 2797 544 2831 sufficienter
570 2798 776 2842 providere·⁴
809 2799 939 2833 debent
969 2799 1024 2841 „in
1052 2799 1157 2832 festis
1184 2799 1319 2839 diebus,
1358 2799 1502 2842 vigiliis,
1529 2800 1690 2835 sabbatis
1717 2806 1753 2835 et
1778 2801 1844 2836 Do-

71 2850 213 2884 minicis
238 2850 343 2884 simul
381 2862 460 2885 cum
498 2850 639 2885 clericis
665 2851 788 2886 Sancti
816 2852 1024 2897 Hieronymi
1062 2851 1277 2886 clericaliter
1303 2852 1416 2886 induti
1453 2854 1583 2888 missas
1611 2858 1645 2888 et
1671 2867 1847 2900 vesperas

71 2904 267 2938 secundum
301 2915 406 2937 usum
445 2904 620 2938 ecclesiae
655 2906 892 2948 Augustanae
928 2908 1095 2946 cantare,
1133 2910 1238 2950 prout
1276 2905 1451 2941 hactenus
1486 2907 1716 2941 observatum
1753 2912 1840 2944 est!

71 2956 170 2990 Idem
197 2960 381 3001 praestare
417 2957 548 2991 debent
583 2958 809 2993 convictores
839 2959 1116 3001 „ecclesiastici“
1147 2955 1205 2993 ve‘l
1241 2959 1487 2994 ecclesiastico
1513 2962 1636 3005 generi
1663 2964 1761 2996 vitae
1787 2963 1843 2996 de-

71 3010 206 3043 stinati.
274 3009 388 3050 „Cura
415 3021 520 3054 porro
553 3010 650 3044 circa
676 3015 833 3052 cantum,
870 3012 990 3046 officia
1025 3011 1273 3046 ecclesiastica
1309 3015 1345 3046 et
1371 3015 1593 3048 ceremonias
1619 3016 1844 3059 peragendas

72 3074 142 3096 non
168 3062 373 3107 imponetur
398 3062 607 3107 societati“;
635 3065 697 3098 sed
725 3065 946 3108 gubernator
973 3065 1029 3099 vel
1058 3065 1150 3099 alius
1178 3077 1198 3098 a
1224 3066 1398 3100 societate
1424 3067 1613 3111 eligendus
1640 3080 1716 3102 eam
1745 3081 1843 3103 exer-

198 3167 206 3186 ¹
232 3166 416 3201 Dioecesis
442 3170 645 3210 augustana
671 3169 754 3203 olim
775 3181 876 3204 suam
904 3171 1081 3216 propriam
1111 3170 1265 3205 habebat
1291 3172 1494 3216 liturgiam
1524 3186 1556 3207 v.
1581 3175 1667 3209 Can.
1687 3175 1719 3209 ΙΙ
1739 3175 1806 3209 522
1824 3178 1841 3209 ¹.

1483 3233 1555 3266 33*
