2051 3433
227 195 343 219 XLVIII

276 302 364 336 1575

277 408 364 441 1575

277 514 363 547 1575

275 674 363 706 1575

277 780 364 814 1575
414 791 415 797 ¹

277 939 363 973 1575

274 1046 364 1080 1575
414 1033 416 1098 J

275 1153 363 1186 1575

274 1260 363 1293 1575

274 1419 363 1452 1575

274 1578 364 1612 1575

275 1684 364 1719 1575
414 1696 415 1703 ’

273 1792 363 1826 1575

275 1899 362 1933 1575
413 1870 414 1874 ¹

273 2112 362 2145 1575

272 2218 362 2253 1575

274 2324 362 2359 1575

273 2485 362 2519 1575

274 2591 363 2625 1575

277 2698 363 2731 1575

276 2804 364 2837 1575

277 2910 364 2944 1575
416 2883 417 2889 ¹

276 3016 365 3049 1575

278 3121 366 3155 1575

545 1417 616 1450 Ian.
640 1417 668 1451 1.

548 1577 617 1611 lan.
638 1577 668 1610 2.

545 1685 617 1719 lan.
638 1685 668 1719 6.

547 1791 619 1825 Ian.
639 1791 670 1825 9.

533 1898 606 1932 Ian.
630 1898 683 1932 16.

533 2111 605 2145 Ian.
626 2111 681 2145 23.

532 2219 604 2252 Ian.
626 2218 680 2254 30.

528 2325 630 2360 Febr.
649 2325 682 2359 2.

530 2485 628 2519 Febr.
650 2485 681 2520 6.

517 2591 616 2626 Febr.
640 2592 692 2626 13.

519 2698 617 2734 Febr.
642 2700 692 2733 16.

518 2804 618 2839 Febr.
642 2805 693 2839 18.

520 2910 619 2944 Febr.
640 2911 694 2946 20.

519 3017 619 3051 Febr.
641 3018 695 3052 24.

520 3123 620 3158 Febr.
641 3123 684 3157 25

701 182 760 216 lIl.
789 181 946 216 Tabulae
973 181 1242 225 chronologicae
1271 181 1365 215 vitae
1393 180 1523 215 Canisu

817 299 978 341 „Parca-
1003 299 1240 331 (tnta-himma
1269 296 1554 331 Catholicorum“
1585 300 1710 331 iterum
1738 298 1847 331 latine
1872 298 1989 330 editur

875 354 1089 394 Anicerpiae
1116 353 1221 393 (his),
1249 352 1417 393 Diltnyae
1444 351 1548 393 (bis),
1576 351 1775 384 Mediolani
1803 350 1916 393 (731).

817 405 852 438 S.
873 405 1088 447 Ht'eronymt'
1112 405 1293 447 Epis-telae
1319 404 1462 447 aliaque
1495 404 1629 446 scripta
1664 404 1701 436 in
1728 415 1830 437 usum
1857 403 1987 437 schola-

874 469 955 490 rum
982 469 1002 489 a
1034 458 1069 491 C.
1095 458 1217 491 selecta
1246 459 1371 489 ilerum
1399 458 1555 489 edemtur
1581 457 1737 490 Loranii
1765 456 1878 500 (735).

818 512 984 553 Dilinyae
1004 511 1203 553 „Hortalus
1222 508 1393 543 Animae“
1419 510 1564 553 latinus,
1594 512 1685 544 1563
1709 511 1849 544 canisii
1867 521 1986 553 opera,

878 570 912 597 ut
926 566 1074 607 videtur,
1094 565 1218 606 editus,
1237 565 1364 596 iterum
1380 563 1557 606 vzdyatzw,
1575 575 1652 597 cnm
1668 564 1832 607 eiusdem,
1851 564 1990 607 „Parvo

880 616 1115 651 C(‹techismo“
1147 617 1259 658 (734),

819 671 936 704 Duum·
963 671 1141 714 Epe'stolne
1167 675 1196 702 et
1223 670 1418 712 Emnyelia
1448 670 1605 703 Missalis
1630 670 1788 703 Romani
1819 681 1897 703 cum
1926 671 1989 705 Ca-

877 725 962 757 nisii
986 724 1194 756 summariis
1220 724 1374 756 eduntur
1401 722 1516 766 (735).

820 778 854 811 C.
884 782 1030 810 curante
1064 778 1179 819 ipsius
1209 777 1431 810 Precationes
1463 778 1688 819 yermcmz'cae
1714 777 1884 820 Dilinyae
1916 788 1989 810 sex-

875 835 947 863 tum
984 832 1148 872 eduntur,
1185 842 1260 863 cum
1289 830 1493 863 catechismo
1522 831 1670 863 minimo
1699 830 1898 874 („Betbuch
1922 831 1992 863 vnd

879 882 1136 917 Catevlm'smus“
1168 883 1279 926 (733).

820 938 1056 971 catechismus
1082 938 1251 970 minimus
1277 948 1353 969 cum
1380 937 1602 970 institutione
1627 937 1676 970 ad
1694 937 1943 979 confessionem
1963 942 1991 970 et

876 991 1150 1023 communionem
1180 990 1346 1033 Dilinyae
1369 992 1571 1032 yet-manica
1597 991 1715 1023 editur
1734 991 1790 1031 (ἓ)
1820 990 1935 1033 (733).

818 1044 976 1088 „Beicht-
1003 1044 1078 1076 ¹und
1099 1044 1330 1077 Communion
1351 1042 1544 1076 Bilchlei›z“
1573 1044 1742 1086 Dile'nyae
1771 1045 1895 1077 iterum
1923 1045 1991 1077 edi-

875 1103 935 1130 tm·
959 1100 1015 1137 (ἓ)
1046 1096 1159 1139 (733).

817 1151 989 1184 Melchior
1014 1151 1143 1184 Bromi
1164 1151 1346 1194 parochus
1367 1149 1579 1193 „Smnmae“
1603 1151 1811 1184 canisianae
1836 1161 1992 1194 compen-

875 1205 972 1237 dium
997 1207 1242 1246 yermant'cum
1272 1205 1439 1237 Coloniae
1465 1205 1535 1237 edit
1563 1203 1679 1247 (733).

821 1258 854 1290 C.
883 1263 1030 1290 curante
1068 1258 1103 1290 S.
1137 1258 1260 1290 Caroli
1294 1258 1507 1290 Borromaei
1543 1258 1693 1301 epistula
1725 1258 1924 1301 pastorali-s·
1953 1259 1993 1291 (Ie

874 1315 995 1343 sancto
1022 1311 1173 1343 Inbz'laei
1199 1321 1295 1343 (nmo
1322 1311 1437 1343 italice
1471 1312 1606 1354 scripta
1636 1311 1804 1354 Dilinyae
1829 1311 1939 1344 latine
1963 1316 1994 1344 et

872 1365 1071 1407 yermwn'ce
1098 1364 1217 1396 editur
1244 1363 1358 1406 (248).

815 1415 878 1450 Die
906 1415 1195 1450 Circumcisionis
1223 1415 1363 1450 Domini
1400 1417 1437 1451 C.
1466 1416 1500 1450 in
1537 1416 1690 1451 ecclesia
1725 1416 1924 1462 parochiali
1951 1416 1993 1451 de

876 1471 1017 1504 nomine
1045 1470 1125 1505 lesu
1152 1470 1238 1504 dicit
1264 1473 1300 1503 et
1325 1481 1453 1504 nomen
1477 1469 1809 1512 ,.Societatis1esu‘⁴
1834 1470 1993 1504 defendit

796 1531 797 1566 l
877 1523 963 1564 (736
992 1523 1090 1563 738).

796 1575 917 1610 'Dom.
944 1579 1025 1621 post
1051 1576 1130 1611 Oct.
1158 1576 1239 1612 Nat.
1266 1575 1398 1610 ibidem
1427 1576 1623 1611 iubilaeum
1649 1576 1716 1611 hoc
1743 1588 1834 1611 anno
1860 1576 1993 1612 Romae

873 1630 1051 1673 agendum
1078 1630 1304 1664 commendat
1332 1630 1445 1673 (718).

796 1684 880 1728 1ΙἨΘ
908 1682 1130 1728 Epiphaniae
1156 1683 1284 1718 ibidem
1312 1684 1354 1718 de
1381 1684 1499 1727 Magis
1527 1686 1773 1729 protestantes
1800 1684 1992 1718 refellenti—

796 1731 797 1737 *
875 1737 941 1771 bus
969 1740 1004 1770 et
1030 1736 1226 1771 catholicos
1254 1737 1481 1771 monentibus
1507 1737 1594 1772 dicit
1621 1737 1738 1782 (718).

796 1791 916 1835 {Dom.
946 1791 968 1824 1.
998 1803 1029 1834 p.
1057 1789 1184 1835 Epiph.
1212 1790 1341 1824 ibidem
1370 1791 1412 1824 de
1438 1790 1591 1825 iubilaeo
1627 1794 1662 1825 et
1697 1791 1812 1826 sacris
1837 1791 1992 1837 peregri-

796 1885 797 1892 *
875 1844 1079 1879 nationibus
1106 1844 1333 1878 contionatur
1361 1843 1475 1887 (718).

796 1901 797 1942 l
816 1898 917 1933 Dom.
939 1897 980 1931 ΙΙ.
1001 1909 1032 1942 p.
1054 1897 1181 1942 Epiph.
1203 1897 1333 1931 ibidem
1360 1897 1589 1941 evangelium
1616 1898 1659 1932 de
1685 1898 1820 1943 nuptiis
1845 1898 1881 1932 in
1907 1898 1994 1932 urbe

796 1950 797 1957 ¹
875 1951 973 1986 Cana
1008 1952 1100 1985 actis
1135 1950 1321 1996 explicans
1357 1951 1470 1986 falsas
1505 1952 1784 1997 protestantium
1821 1951 1993 1997 interpre-

875 2006 1029 2039 tationes
1064 2005 1166 2039 reicit
1202 2007 1237 2038 et
1268 2004 1310 2038 de
1344 2004 1480 2050 nuptiis
1517 2008 1615 2039 recte
1651 2005 1874 2040 celebrandis
1908 2005 1994 2040 dicit

796 2101 797 2147 l
817 2113 916 2147 Dom.
937 2112 999 2146 111.
1018 2123 1052 2156 p.
1072 2110 1199 2156 Epiph.
1220 2111 1257 2146 C.
1278 2112 1312 2145 in
1339 2111 1492 2147 ecclesia
1519 2112 1715 2158 parochiali
1742 2112 1785 2147 de
1811 2111 1994 2147 miraculis

874 2166 961 2200 dicit
989 2164 1104 2209 (718).

795 2219 916 2276 1Βοιῃ.
944 2219 1115 2264 ξρρῐιιεις.
1144 2218 1274 2253 ibidem
1301 2230 1430 2262 evang.
1458 2219 1527 2253 diei
1560 2223 1596 2253 et
1622 2220 1717 2254 sacri
1743 2219 1914 2265 temporis
1939 2230 1992 2254 ra-

874 2274 1006 2307 tionem
1035 2272 1194 2317 explicat
1223 2272 1336 2315 (718).

795 2326 880 2361 *Die
910 2326 1174 2361 Purificationis
1201 2326 1239 2361 Β.
1260 2326 1304 2360 M.
1326 2325 1368 2360 V.
1395 2325 1527 2360 ibidem
1566 2326 1630 2368 „de
1667 2326 1882 2360 caerimonia
1916 2337 1993 2371 pro-

875 2381 1067 2416 cessionis*
1108 2382 1155 2419 et,
1192 2391 1236 2414 ex
1272 2390 1401 2423 evang.
1429 2379 1508 2420 diei,
1545 2379 1588 2414 de
1619 2379 1795 2414 Simeonis
1830 2379 1994 2425 exemplo

875 2434 962 2468 dicit
991 2433 1105 2476 (718).

816 2486 917 2520 Dom.
937 2487 1067 2530 Sexag.
1088 2486 1215 2520 ibidem
1243 2497 1288 2520 ex
1307 2497 1436 2530 evang.
1457 2486 1526 2520 diei
1545 2487 1647 2521 varia
1665 2486 1991 2532 Oenipontanorum

875 2539 964 2574 vitia
993 2541 1178 2584 vituperat
1206 2539 1320 2583 (719).

816 2593 917 2628 Dom.
945 2592 1148 2638 Quinquag.
1176 2592 1305 2627 ibidem
1333 2592 1503 2638 populum
1531 2596 1661 2635 monet,
1688 2595 1729 2627 ut
1757 2592 1994 2628 Bacchanalia

876 2647 1058 2681 moderate
1086 2649 1172 2690 agat
1202 2646 1314 2690 (719).

817 2700 881 2734 Die
916 2700 1083 2735 Cinerum
1124 2700 1253 2734 ibidem
1289 2699 1414 2734 fideles
1449 2702 1579 2741 monet,
1615 2702 1654 2734 ut
1690 2698 1994 2744 Quadragesimae

875 2756 1034 2798 tempore
1061 2753 1254 2797 diligenter
1279 2755 1427 2787 utantur
1450 2753 1565 2797 (719).

817 2807 919 2841 Feria
937 2807 998 2842 VI.
1020 2807 1150 2841 ibidem
1171 2807 1213 2840 de
1231 2809 1369 2851 septem
1390 2806 1549 2851 peccatis
1567 2805 1784 2852 capitalibus
1808 2806 1886 2841 sive
1905 2817 1993 2840 mor-

863 2860 998 2894 talibus
1024 2859 1112 2894 dicit
1141 2858 1256 2902 (719).

796 2909 916 2948 lDom.
947 2914 972 2947 1.
1003 2912 1135 2954 Quadr.
1162 2912 1292 2947 ibidem
1328 2912 1499 2946 ieiunium
1536 2912 1596 2956 (ex
1624 2923 1754 2956 evang.
1781 2912 1867 2955 diei)
1901 2923 1993 2947 com-

875 2966 1021 3000 mendat
1047 2968 1083 3000 et
1109 2966 1152 3000 de
1178 2967 1325 3010 peccato
1351 2965 1541 3010 superbiae
1568 2965 1655 3000 dicit
1683 2965 1798 3008 (720).

797 3012 882 3065 2Die
909 3019 942 3053 S.
968 3019 1144 3053 Matthiae
1181 3019 1310 3053 ibidem
1337 3019 1380 3052 de
1415 3029 1544 3062 evang.
1571 3018 1641 3053 diei
1677 3022 1714 3053 et
1749 3019 1792 3053 de
1827 3018 1993 3064 superbia

876 3073 953 3116 agit.
981 3073 1095 3116 (720).

818 3125 853 3160 F.
883 3125 941 3160 Vl.
969 3126 1098 3160 ibidem
1127 3137 1172 3160 ex
1198 3136 1327 3168 evang.
1355 3124 1424 3158 diei
1451 3124 1494 3158 de
1521 3123 1725 3159 hominibus
1759 3124 1862 3169 gravi
1888 3123 1993 3170 culpa

876 3179 1032 3213 oneratis
1060 3179 1146 3213 dicit
1173 3177 1288 3222 (720).
