2051 3433
190 105 244 145 72
446 99 547 136 1810.
575 99 742 135 Canisius
768 99 920 133 Ernesto
946 99 1034 133 Bav.
1056 98 1178 144 princ„
1205 98 1312 143 episc.
1334 97 1474 141 frising.
1494 97 1692 132 administr.

307 218 454 272 Fingit
476 217 716 260 Heshusius
750 218 858 266 (Lib.
893 217 945 259 de
967 231 1093 259 seruo
1117 216 1330 269 arbitrio),
1365 216 1655 270 Augustinum
1690 216 1786 270 plus
1818 229 1956 269 aequo

187 284 380 327 tribuere
411 283 483 327 lib.
518 283 711 335 arbitrio,
745 297 885 336 neque
908 283 1062 325 dextre
1085 282 1193 324 satis
1217 282 1270 324 ab
1294 295 1342 323 eo
1366 281 1549 324 tractari
1579 281 1799 334 negotium
1833 280 1955 323 iusti·

189 349 403 392 ficationis
420 350 446 391 ¹.
494 349 623 390 Plura
646 348 687 390 in
712 362 762 390 eo
786 347 1035 390 desiderant
1058 347 1198 390 adhuc
1220 346 1544 389 Centuriatores
1567 346 1704 398 (Cent.
1730 347 1754 388 5
1779 360 1871 400 cap.
1896 345 1955 398 4),

190 414 391 467 quoniam
432 428 594 456 naeuos
627 427 682 456 ex
716 413 929 468 prioribus
970 412 1104 455 seculi
1137 412 1396 454 Doctoribus
1428 411 1670 461 retinuerit,
1713 413 1757 454 et
1789 411 1957 453 in.loco

189 479 241 521 de
273 478 585 521 Iustificatione
619 493 702 520 non
725 492 824 520 raro
847 491 943 519 sese
965 477 1210 527 inuoluerit,
1244 476 1452 530 bonisque
1474 476 1675 530 operibus
1707 476 1751 518 in
1783 476 1954 529 quibus-

189 545 288 586 dam
319 543 425 585 locis
448 543 625 585 nimium
648 542 941 597 adscripserit,
976 543 1088 596 quod
1112 542 1312 583 nimirum
1335 541 1467 584 etiam
1490 541 1653 595 aliquid
1684 542 1739 583 ad
1772 541 1958 583 salutem

189 609 398 663 prosint2.
448 608 610 650 Verum
643 609 863 650 enimuero
896 622 1002 661 quos
1045 607 1117 650 isti
1148 621 1312 649 naeuos
1345 607 1570 661 deputant,
1613 620 1691 648 nos
1726 606 1959 659 Augustini

188 675 376 716 virtutes
403 687 453 716 ac
477 673 678 716 veritatis
701 673 951 716 testimonia
977 687 1206 727 possumus
1237 672 1539 727 interpretari:
1573 671 1763 725 nihilque
1795 671 1961 713 referre

188 742 402 793 putemus,
447 739 548 792 quin
591 742 635 781 et
667 738 786 781 laudi
817 738 1072 789 tribuamus,
1115 737 1164 780 si*
1190 738 1400 791 quaedam
1436 738 1502 779 vir
1543 739 1693 780 tantus
1735 751 1832 779 cum
1864 736 1961 791 alijs

191 804 392 846 Patribus
424 818 643 857 nunquam
668 806 735 846 est
757 805 997 854 assecutus,
1032 816 1143 856 quae
1167 802 1222 845 ad
1245 802 1485 846 doctrinam
1516 806 1560 845 et
1582 801 1793 857 mysteria
1815 801 1961 844 istius-

189 869 304 911 modi
336 868 474 922 quinti
507 869 733 924 Euangelij
770 869 942 923 proprie
974 870 1188 923 spectant.

307 934 630 989 Repraehendit
651 935 695 976 in
719 934 870 977 eodem
894 934 1139 987 Augustino
1164 934 1458 976 Pomeranus3
1485 933 1545 986 (in
1568 933 1730 976 Ionam.
1754 933 1877 975 Rom.
1902 931 1960 984 5),

189 1000 302 1053 quod
325 1000 626 1042 commendare
649 1014 754 1042 sane
777 1000 971 1050 decebat,
1007 997 1217 1054 [iudicare
1240 997 1382 1053 eum]⁸
1405 998 1740 1041 charitatem
1766 995 1828 1052 [1³]
1854 997 1964 1039 DEI

189 1065 457 1107 diffusam
500 1065 551 1107 in
585 1065 844 1108 cordibus
877 1065 1092 1108 nostris
1126 1078 1221 1119 per
1254 1064 1523 1118 Spiritum
1557 1064 1858 1113 sanctum4,
1902 1062 1963 1104 sic

189 1145 215 1173 a
247 1131 382 1173 Paulo
415 1130 511 1185 dici,
546 1133 596 1173 vt
627 1131 867 1185 accipiatur
900 1131 952 1173 de
986 1130 1202 1172 charitate
1234 1132 1400 1181 nostra,
1435 1143 1518 1183 qua
1552 1128 1769 1183 diligimus
1795 1128 1964 1170 DEVM

188 1199 233 1239 et
266 1195 522 1250 proximum,
557 1210 668 1249 quae
700 1199 768 1238 est
800 1195 1053 1250 impletio
1088 1198 1132 1238 et
1164 1209 1296 1249 opera
1328 1194 1514 1249 legis5.

309 1260 417 1310 Quid
440 1261 496 1303 ad
518 1261 626 1304 haec
650 1261 946 1303 Pomeranus?
995 1261 1154 1317 Neyato
1173 1262 1474 1316 Auyustz'num,
1500 1259 1652 1313 inquit,
1677 1275 1728 1302 ne
1752 1260 1965 1301 Christum

190 1328 395 1369 iustitiam
429 1332 616 1369 nostram
649 1341 769 1382 messes
783 1328 812 1370 6.

310 1391 379 1435 Sic
411 1391 455 1433 in
487 1406 534 1434 re
576 1392 690 1434 seria
722 1392 790 1433 vir
830 1392 968 1434 bonus
1008 1391 1082 1434 ille
1122 1393 1326 1445 nugatur,
1370 1394 1418 1434 vt
1451 1389 1685 1444 Augustini
1726 1389 1887 1432 dictum
1920 1391 1966 1432 et

190 1456 504 1500 authoritatem
537 1457 698 1500 eludat.
762 1457 893 1507 Quasi
925 1471 1029 1498 vero
1062 1456 1099 1498 si
1130 1456 1422 1510 Augustinum
1457 1456 1608 1498 ducem
1641 1469 1885 1508 sequamur,
1920 1456 1966 1497 et

190 1522 352 1581 primas
375 1522 580 1565 charitati
602 1523 856 1573 tribuamus,
891 1536 1052 1575 negare
1075 1521 1200 1563 simul
1233 1524 1435 1576 oporteat
1457 1521 1795 1563 CHRISTVM
1818 1519 1964 1562 nobis

190 1587 398 1630 factum
433 1601 555 1630 esse
596 1587 879 1631 iustitiam
913 1587 954 1639 (l
991 1587 1091 1629 Cor
1128 1588 1211 1640 13),
1245 1587 1376 1629 immo
1418 1589 1472 1629 et
1513 1585 1877 1640 sapientiam,
1912 1587 1966 1627 et

190 1652 738 1705 sanctificationem,
783 1656 836 1696 et
868 1652 1337 1708 redeniptionern⁷
1371 1652 1412 1704 (1
1439 1652 1521 1694 Cor
1555 1652 1608 1705 1),
1643 1651 1757 1693 sicut
1788 1650 1962 1701 Paulus,

192 1719 369 1772 eiusque
401 1719 511 1761 fidus
543 1718 759 1774 interpres
793 1718 1077 1772 Augustinus,
1112 1721 1365 1761 constanter
1396 1717 1662 1772 praedicant.

309 1784 410 1827 Fuit
427 1785 598 1826 demum
618 1784 853 1837 Gregorius
869 1784 1121 1835 Massouita,
1145 1786 1235 1826 tam
1254 1786 1565 1838 praeposterae
1584 1781 1742 1824 mentis
1761 1784 1805 1824 et
1823 1780 1966 1823 insani

190 1849 335 1903 iudicij
369 1850 510 1901 homo,
555 1852 603 1892 vt
635 1850 672 1892 si
704 1850 916 1892 Stancaro
951 1849 1061 1903 (Lib.
1095 1850 1148 1892 de
1181 1849 1333 1892 Trinit.
1369 1851 1413 1891 et
1444 1846 1704 1900 mediatore)
1737 1847 1964 1898 credimus,

190 1929 322 1957 vnum
355 1915 579 1957 Caluinum
612 1915 708 1970 plus
742 1915 888 1957 valere
922 1915 1121 1966 voluerit,
1156 1929 1282 1968 quam
1318 1916 1490 1957 centum
1523 1913 1792 1967 Augustinos
1805 1913 1835 1955 8.

310 2008 338 2040 a)
359 2010 392 2034 Ut
411 2009 482 2034 haec
503 2010 545 2034 vel
564 2009 677 2034 similia
698 2009 905 2040 suppleantur,
925 2008 1041 2040 &rivere
1064 2008 1180 2033 violetur
1200 2011 1225 2033 et
1246 2010 1305 2032 tota
1325 2008 1394 2032 haec
1412 2007 1527 2032 Cani-sii
1547 2007 1641 2031 oratio
1662 2009 1688 2031 et
1707 2007 1785 2031 Iocus
1798 2005 1968 2036 Pomeram',

193 2050 243 2081 «sui
265 2050 348 2075 illius
367 2051 465 2076 animo
487 2051 698 2076 obversabalm·
725 2049 813 2083 („Per
834 2057 971 2075 errorem
992 2048 1106 2075 iudicat
1125 2049 1252 2074 Paulrm
1277 2048 1338 2074 illic
1365 2048 1466 2074 dicere
1486 2048 1523 2073 de
1546 2047 1712 2074 chaiitate‘·
1733 2051 1801 2078 etc.;
1827 2048 1862 2078 “f-
1884 2047 1968 2078 infra

198 2093 265 2117 adn.
288 2094 313 2117 5.

320 2199 329 2217 ¹
360 2197 469 2240 „Sciri
496 2209 643 2233 necesse
662 2200 728 2240 est,
756 2198 1001 2241 Augustinum
1028 2197 1171 2242 quidem
1197 2196 1231 2231 in
1259 2196 1436 2242 prioribus
1461 2196 1538 2230 suis
1563 2195 1719 2240 scriptis,
1746 2194 1827 2240 plus
1853 2206 1967 2239 aequo

195 2250 366 2285 tribuisse
393 2251 503 2286 libero
530 2252 721 2286 arbifflo‘:
749 2252 786 2287 L.
807 2264 836 2287 (·.
858 2251 898 2287 V.

314 2305 327 2325 2
352 2304 453 2339 Haec
471 2305 638 2339 dicuntur
656 2305 692 2339 in
715 2307 886 2340 Centau-la
904 2305 947 2340 V.
967 2317 996 2340 c.
1012 2305 1045 2340 4.
1084 2304 1155 2347 „De
1174 2303 1286 2338 libero
1304 2303 1471 2338 arbitrio“
1494 2304 1530 2337 et
1553 2303 1624 2346 „De
1642 2302 1744 2336 bonis
1765 2301 1963 2347 Operibus‘

193 2359 302 2402 atque
328 2370 357 2393 c.
381 2359 433 2394 10.
490 2359 644 2402 „Naeui“
679 2361 716 2401 (l.
736 2371 776 2401 c.‚
805 2371 833 2393 c.
852 2359 874 2393 4
901 2359 966 2392 col.
986 2359 1051 2393 501
1082 2359 1168 2398 507;
1198 2369 1227 2392 c.
1252 2357 1293 2392 10
1319 2357 1384 2392 col.
1408 2356 1527 2400 1133).

316 2412 329 2432 3
354 2412 506 2446 Ioannes
524 2412 771 2456 Bugenhagen
792 2412 1075 2457 (1485-1558),
1102 2411 1220 2456 patria
1240 2422 1462 2456 pomeranus,
1489 2420 1582 2444 unus
1601 2421 1646 2443 ex
1665 2408 1800 2443 intimis
1818 2407 1966 2442 Lutheri

193 2464 318 2499 amicis
347 2464 405 2507 (de
432 2477 502 2510 quo
529 2466 573 2501 cf.
597 2466 750 2500 &1le
777 2466 876 2509 8e3).
1039 2466 1051 2485 4
1078 2464 1177 2498 Rom.
1199 2465 1229 2505 5,
1258 2466 1290 2499 5.

313 2519 326 2538 ⁵
353 2519 452 2553 Rom.
475 2519 527 2561 13,
548 2520 579 2554 8.
623 2520 868 2563 Augustinum
896 2519 945 2553 ita
977 2531 1059 2564 „per
1077 2529 1233 2552 errorem
1253 2518 1430 2552 iudicare“
1453 2516 1579 2551 scribit
1599 2516 1818 2550 Pomeranus
1839 2514 1966 2558 (Jonas

194 2571 376 2616 Propheta
412 2574 598 2617 expositus
634 2585 697 2618 per
723 2574 855 2607 Johan.
885 2573 1155 2616 Bzcyenhayium
1189 2572 1438 2613 Pomm-unum,
1476 2570 1527 2611 D.,
1565 2569 1839 2612 lVittenbergae
1875 2567 1967 2603 1550

195 2624 300 2669 [liber
318 2637 384 2660 nec
402 2627 566 2671 paginas,
585 2638 649 2661 nec
668 2627 754 2661 folia
773 2627 881 2661 habet
896 2627 1054 2660 numeris
1068 2624 1239 2669 signata]
1259 2636 1324 2669 cap
1352 2624 1395 2665 3.,
1414 2624 1533 2658 Tract.
1549 2624 1591 2657 de
1606 2634 1691 2657 vera
1711 2621 1966 2664 Poenitentia).

314 2679 327 2699 ⁸
357 2679 413 2722 „Si
440 2679 607 2721 dixerint,
635 2680 861 2723 Augustinus
879 2680 991 2714 sentit
1016 2679 1133 2723 legem
1161 2679 1241 2712 fidei
1261 2690 1339 2712 esse
1366 2678 1591 2718 charitatem,
1620 2675 1818 2721 Responde,
1844 2675 1964 2718 Augu-

194 2732 310 2766 stinus
336 2744 406 2766 non
432 2734 544 2767 sentit
570 2733 783 2767 charitatem
807 2736 978 2774 nostram,
1005 2733 1039 2766 id
1067 2735 1132 2774 est,
1160 2743 1267 2777 opera
1293 2732 1386 2774 legis
1404 2742 1483 2764 esse
1503 2731 1669 2764 meritum
1689 2728 1965 2768 iustificationis,

194 2786 277 2829 quia
311 2785 369 2819 hic
396 2789 519 2831 aperte
547 2787 643 2822 dicit.
693 2787 772 2821 Non
799 2787 1038 2821 iustitio-amur
1073 2786 1250 2820 factorum
1277 2785 1424 2826 meritis,
1461 2784 1523 2818 sed
1559 2784 1718 2827 gratuita
1749 2782 1876 2826 gratia.
1928 2781 1965 2815 Si

194 2838 260 2873 hoc
297 2839 361 2873 tibi
400 2851 469 2873 non
509 2840 756 2884 permiserint,
799 2843 931 2882 negato
970 2839 1234 2882 Augustinum‚
1279 2850 1322 2872 ne
1359 2838 1542 2872 Christum
1586 2837 1765 2871 iusticiam
1805 2838 1965 2870 nostram

195 2893 347 2935 neges“:
376 2892 396 2926 1.
418 2904 446 2927 0.
467 2904 541 2938 cap.
561 2894 592 2928 3.
811 2894 823 2914 ⁷
853 2894 868 2927 l
900 2893 966 2927 Cor
997 2893 1027 2933 l,
1055 2893 1110 2927 30.

314 2946 326 2966 ⁸
354 2946 430 2980 Hoc
465 2946 508 2980 de
541 2946 714 2989 Gregorio
754 2947 976 2988 „Bi-zezinio‘
1017 2946 1208 2987 Masovita,
1248 2944 1550 2987 ,Pinczovianae“
1581 2943 1754 2978 ecclesiae
1790 2941 1964 2983 ministro,

195 3001 317 3033 narrat
351 3001 568 3033 Framnzsms
596 3002 797 3034 Stanearus
824 3000 1054 3041 Mantuanus,
1092 2999 1134 3032 de
1161 2998 1337 3032 Trinitate
1373 3000 1409 3032 et
1435 2997 1632 3032 Mediatore
1659 2996 1808 3030 Domino
1842 2996 1965 3028 nostro

193 3053 281 3086 Jesu
309 3052 463 3095 Christo,
500 3052 695 3087 Cracoviae
726 3054 814 3087 1:362
843 3053 948 3097 (liber
975 3064 1039 3087 nec
1075 3052 1227 3097 paginas
1254 3063 1319 3086 nec
1354 3051 1440 3086 folia
1474 3051 1582 3085 habet
1608 3050 1767 3084 numeris
1792 3048 1964 3092 signata),

194 3117 272 3150 cap.
297 3106 492 3149 „adversus
517 3107 565 3141 Io.
587 3106 810 3141 Culvinum‘.
