2062 3443
367 165 461 199 Mon.
486 165 730 200 1129-1130.
767 164 838 198 Sub
865 176 910 198 m.
930 163 1099 198 Martium
1131 164 1220 198 1573
1248 166 1283 197 et
1309 164 1341 198 9.
1363 164 1483 198 Martii
1514 165 1613 199 1573.
1789 168 1874 208 663

107 282 346 326 (Kntsringen)
389 280 607 315 Canonicum
647 281 919 325 Augustanum“
965 279 1145 322 Dilingam
1189 280 1232 314 ad
1272 280 1464 315 Societatis
1501 280 1687 324 theologos
1726 283 1874 321 miserat

103 335 391 371 examinandum.

222 388 306 423 Sive
332 399 417 422 vero
444 387 535 422 Socii
563 387 735 430 dilingani
764 387 868 421 aliter
894 388 1001 430 atque
1020 385 1186 420 canisius
1213 390 1403 420 senserunt
1431 386 1645 431 Fikleroque
1671 390 1874 429 suaserunt,

101 442 180 478 sive
222 441 317 476 aliud
361 441 556 474 intervenit
598 441 914 485 impedimentum.
966 439 1054 473 iuris
1096 441 1257 473 canonici
1302 440 1434 484 placita
1477 451 1544 473 non
1588 443 1796 484 comparent
1839 442 1874 475 in

103 495 235 530 Fikleri
273 494 373 528 libro.
426 493 490 534 Qui
532 494 675 527 tandem
713 505 743 528 a.
778 494 865 527 1575
904 493 1068 535 Dilingae
1104 504 1146 526 ex
1183 493 1424 538 typographia
1460 493 1650 527 Societatis
1686 494 1720 527 in
1757 495 1872 528 lucem

102 549 233 594 prodiit
276 547 512 590 („The010gia
548 547 720 587 hrridica,
763 547 833 580 Seu
869 547 928 580 Ius
965 546 1079 579 Civile
1114 545 1382 589 Theologicum.
1412 574 1418 580 .
1447 573 1455 581 .
1486 573 1492 580 .
1544 546 1704 580 Authore
1740 548 1875 581 Ioanne

101 603 263 646 Baptista
280 602 444 635 Fiet-lero
464 601 488 634 1.
506 601 547 635 V.
566 601 605 634 D.
621 604 688 635 etc.
706 627 712 634 .
729 627 736 634 .
752 627 760 634 .
801 600 888 634 Cum
909 599 1097 644 priuilegio
1114 598 1215 633 Caes.
1233 599 1372 633 Maiest.
1389 602 1424 633 et
1443 599 1616 633 facultate
1631 600 1872 644 Superiorum.

102 655 278 693 Dilingae.
319 654 531 688 Excudebat
557 653 730 687 Sebaldus
756 653 893 697 Mayer.
926 652 1266 687 ,C13.1].LXXV.“
1315 654 1402 686 Cum
1439 653 1571 686 litteris
1597 652 1827 688 dedicatoriis
1853 665 1874 688 a

100 708 264 742 Ficklero
291 707 499 750 Salisburgo
525 707 582 740 24.
601 706 758 749 Augusti
787 707 876 740 1575
904 706 948 740 ad
975 706 1261 740 Maximilianum
1291 706 1332 740 ll.
1352 707 1605 750 imperatorem
1633 706 1755 749 datis).

102 805 246 842 1129.
321 805 392 841 Sub
419 816 465 842 m.
493 805 666 841 Martium
694 804 785 841 1573.

219 866 274 900 Ex
300 865 543 910 autographo;
573 865 656 900 Cod.
684 865 797 900 colon.
830 864 918 908 „Un.
937 865 1024 900 603²
1056 865 1079 899 f.
1100 864 1206 906 226⁸;
1235 865 1419 910 complura
1445 877 1490 899 ex
1517 878 1557 899 eo
1584 869 1705 910 posuit
1724 867 1873 900 Hans-en

101 920 124 954 l.
152 931 180 954 c.
208 920 314 954 639⁰.

219 981 418 1023 Stephanus
444 979 553 1012 [male
578 979 824 1012 catechismum
855 980 994 1013 Canis-ic·
1018 979 1180 1012 hebraice
1206 980 1407 1012 vertendum
1434 980 1592 1022 suscipit.

219 1051 418 1094 Stephanus
432 1052 602 1091 Ismarius,
615 1054 721 1084 natus
735 1062 765 1084 a.
778 1050 877 1090 1542,
894 1050 1036 1083 natione
1052 1049 1238 1091 hebraeus,
1255 1051 1393 1084 loannis
1409 1050 1514 1084 Isaak
1527 1049 1670 1094 linguae
1683 1050 1872 1085 hebraicae

99 1103 134 1137 in
160 1104 398 1137 universitate
425 1103 620 1137 coloniensi
658 1103 870 1148 professoris
898 1102 1003 1141 filius,
1041 1101 1198 1143 Colonia,
1225 1103 1283 1137 ubi
1312 1103 1503 1137 canonicus
1530 1103 1573 1137 ad
1601 1103 1634 1137 S.
1655 1104 1809 1138 Ursulae
1837 1106 1872 1138 et

106 1156 307 1199 „parochus
334 1156 369 1191 S.
389 1157 524 1190 Mariae
561 1156 603 1190 ad
632 1156 897 1199 Indulgentias“
940 1158 1026 1195 erat,
1068 1156 1102 1189 P.
1126 1156 1245 1190 loanni
1273 1155 1402 1190 Rethio
1429 1157 1463 1191 S.
1491 1157 1523 1191 J.
1549 1156 1695 1191 Colonia
1722 1157 1871 1192 Romam

98 1211 208 1244 misso
245 1210 306 1252 (cf.
338 1221 447 1255 supra
483 1222 514 1255 p.
547 1210 632 1252 122)
670 1210 702 1244 3.
731 1210 851 1243 Martii
893 1210 981 1243 1573
1021 1210 1184 1254 scripsit:
1228 1210 1452 1253 „Deliberaui
1489 1221 1568 1244 cum
1608 1211 1872 1245 venerabilibus

98 1264 261 1308 patribus
288 1263 329 1298 D.
348 1263 502 1298 Doct-ore
522 1263 689 1304 Arnoldo,
716 1268 753 1297 et
780 1263 889 1297 Hasio
908 1266 925 1304 ¹,
952 1266 994 1296 vt
1020 1263 1164 1297 breuius
1191 1263 1334 1307 aliquod
1361 1275 1450 1308 opus
1477 1264 1766 1298 transferendum
1794 1266 1894 1299 sus-⁴

98 1318 263 1362 ciperem.
317 1317 441 1361 ltaque
480 1317 562 1350 dum
603 1317 863 1361 circumspiciO,
903 1316 1006 1350 video
1042 1328 1098 1350 me
1133 1316 1214 1361 plus
1250 1317 1419 1351 Vtilitatis
1458 1321 1494 1351 et
1532 1318 1673 1351 fructus
1711 1317 1869 1362 Reipub:

97 1370 323 1404 Christianae
349 1370 542 1404 allaturum
569 1370 600 1404 si
628 1382 691 1415 pro
718 1370 818 1403 initio
846 1369 1002 1404 Paruum
1029 1370 1286 1404 catechismum
1315 1370 1457 1405 Domini
1484 1370 1631 1415 Canisij,
1662 1371 1869 1405 hebraicum

99 1424 241 1458 faciam.
285 1423 424 1458 Seruiet
452 1424 544 1457 enim
572 1435 652 1457 curn
680 1423 802 1457 Iudeis
821 1423 863 1457 ad
891 1423 996 1457 fidem
1016 1423 1278 1464 conuertendis,
1304 1426 1380 1457 tum
1400 1424 1658 1458 Hebraicarum
1684 1424 1868 1459 literarum

95 1477 277 1518 studiosis,
314 1477 374 1521 qui
410 1480 553 1522 praeter
578 1478 761 1522 pietatem,
798 1478 904 1511 etiam
932 1476 1078 1520 linguae
1104 1477 1299 1511 vtilitatem
1327 1477 1407 1511 inde
1442 1477 1620 1513 haurient.
1672 1478 1798 1522 Itaque
1824 1490 1870 1512 ex

98 1530 246 1565 consilio
274 1531 564 1565 Reuerendorum
592 1531 741 1564 Patrum
778 1530 918 1564 Domini
946 1530 1156 1571 Leonardi²‚
1196 1531 1355 1572 Arnoldi,
1391 1534 1426 1564 et
1454 1531 1566 1576 Hasij,
1593 1532 1662 1565 iam
1690 1532 1787 1576 operi
1813 1543 1870 1565 me

93 1585 247 1624 accinxi,
282 1596 324 1618 ac
358 1585 474 1618 fretus
509 1584 573 1618 Dei
609 1584 745 1618 auxilio
780 1584 963 1627 negotium
999 1583 1197 1618 conficiam.
1258 1584 1294 1618 Si
1330 1586 1452 1629 potero
1488 1585 1615 1618 addam
1652 1586 1686 1618 in
1722 1585 1791 1619 fine
1824 1596 1870 1619 ex

96 1638 243 1672 consilio
271 1637 412 1672 Domini
441 1638 558 1672 Patris
585 1638 758 1672 Leonardi
779 1637 896 1671 Horas
915 1637 955 1671 Β.
975 1637 1110 1671 Mariae
1138 1637 1298 1681 Virginis
1324 1639 1424 1672 iussu
1452 1638 1500 1683 pij
1528 1639 1641 1682 quinti
1661 1639 1831 1682 vulgatas
1844 1639 1868 1673 ⁸.

97 1690 215 1725 statui
234 1691 268 1725 S.
288 1691 470 1736 pontifici*
497 1691 673 1732 dedicare,
700 1703 742 1725 ac
768 1694 890 1735 petere
917 1694 958 1724 vt
984 1691 1133 1724 eundem
1162 1691 1420 1725 catechismum
1447 1692 1500 1726 sic
1528 1692 1704 1727 Hebraice
1730 1693 1868 1726 facturn

97 1745 266 1789 dignetur
300 1745 419 1779 Iudeis
455 1744 588 1779 Romae
624 1748 660 1778 et
695 1745 780 1778 alibi
816 1745 1007 1788 agentibus
1042 1756 1258 1789 proponere:
1295 1744 1427 1786 Quodsi
1462 1746 1585 1779 videro
1621 1745 1716 1780 hunc
1750 1757 1868 1780 meum

96 1798 253 1832 laborem
289 1799 449 1843 Reipub:
487 1798 712 1832 Christianae
748 1810 828 1832 esse
865 1801 1030 1841 gratum,
1069 1799 1223 1832 conabor
1260 1809 1430 1841 magnum
1468 1798 1568 1832 illum
1609 1799 1869 1834 catechismum

98 1851 274 1886 Hebraice
301 1852 431 1887 facere.
477 1852 612 1886 Poterit
639 1864 725 1886 vero
751 1851 967 1886 Reuerentia
993 1855 1055 1884 tua
1081 1851 1148 1885 hac
1175 1852 1217 1885 de
1244 1864 1281 1885 re
1305 1853 1466 1886 conferre
1485 1864 1564 1886 cum
1592 1852 1698 1887 huius
1723 1853 1869 1896 linguae

94 1906 231 1950 peritis,
258 1917 338 1940 narn
367 1917 411 1939 ex
438 1905 534 1951 stylo
560 1905 746 1940 literarum
773 1917 931 1939 mearum
952 1905 995 1939 ad
1018 1905 1259 1939 professorem
1289 1906 1487 1940 Hebraicae
1513 1906 1658 1950 linguae
1677 1906 1869 1941 Societatis

95 1959 174 1994 Iesu
201 1960 428 2004 scriptarum,
456 1959 562 1993 facile
588 1959 814 2000 iudicabitur,
851 1959 944 1993 sitne
972 1960 1038 1992 iste
1065 1970 1166 1993 meus
1197 1958 1298 1993 labor
1324 1959 1508 1994 Ecclesiae
1535 1960 1741 1994 Catholicae
1768 1960 1868 1995 vtilis

94 2013 248 2054 futurus,
275 2012 333 2046 vel
360 2024 441 2047 non.
460 2013 621 2058 Expecto
650 2013 689 2047 R.
708 2013 749 2047 T.
768 2012 959 2046 iudicium“
990 2015 1058 2046 etc.

215 2065 319 2100 lsaak
346 2069 470 2110 postea
496 2066 576 2100 fidei
604 2067 763 2101 studium
791 2067 908 2109 magis
933 2066 1123 2110 magisque
1151 2066 1300 2106 remisit,
1338 2069 1374 2100 et
1400 2067 1544 2100 tandem
1573 2066 1868 2102 Calvinianorum

93 2119 258 2154 minister
296 2120 433 2160 factus,
472 2132 503 2153 a.
539 2120 627 2154 1586
663 2120 823 2154 libellum
860 2120 1037 2153 famosum
1075 2119 1251 2153 adversus
1287 2120 1474 2154 eeclesiam
1515 2122 1719 2163 germanice
1758 2120 1869 2155 edidit

97 2173 335 2216 (Hartzheim,
370 2173 460 2207 Bibl.
490 2172 610 2207 Colon.
640 2173 856 2216 198—199).
907 2172 1122 2206 Hebraicam
1158 2178 1277 2206 autem
1318 2173 1447 2215 „Parvi
1485 2172 1702 2208 Catechismi
1739 2173 1867 2208 Catho-

93 2225 260 2260 licomm‘
284 2227 457 2260 canisiani
477 2227 678 2261 versionem
700 2227 736 2260 P.
758 2225 935 2269 Georgius
953 2226 1059 2270 Mayr
1077 2226 1111 2260 S.
1131 2226 1162 2260 J.
1183 2226 1295 2260 edidit
1316 2226 1541 2270 (ingolstadii
1564 2227 1673 2268 162Ο;
1702 2227 1867 2271 Dilingae

96 2281 197 2320 1621,
226 2280 354 2322 1622);
381 2281 426 2314 cf.
447 2282 702 2324 Sommvri-oqel
727 2280 750 2315 l.
770 2291 799 2315 c.
820 2280 851 2313 V
878 2279 977 2322 813).

87 2363 242 2414 1130.
318 2378 350 2413 9.
378 2377 503 2414 Mar-tii
530 2378 623 2414 1573.

212 2438 267 2472 Ex
293 2438 468 2483 exemplo,
496 2439 588 2483 quod
608 2450 640 2474 a.
664 2439 755 2474 1915
783 2439 1003 2484 exscriptum
1024 2442 1080 2473 est
1106 2450 1150 2473 ex
1177 2439 1383 2484 apographo
1409 2439 1558 2483 antiquo
1579 2440 1754 2482 (eiusdem
1779 2443 1866 2475 tem-

92 2492 216 2537 poris).
244 2492 337 2535 quod
357 2495 481 2526 exstat
499 2492 700 2537 Oeniponte
718 2492 753 2526 in
773 2492 920 2526 archivo
947 2493 1207 2537 praefecturae,
1235 2492 1319 2527 Cod.
1338 2493 1407 2526 465
1432 2493 1457 2527 f.
1476 2493 1545 2527 229
1572 2493 1652 2529 230.

212 2558 450 2600 Mayistratus
474 2559 657 2591 ti’rolenses
686 2559 871 2592 Crinissum
909 2560 1052 2602 eiusque
1084 2561 1196 2592 socios
1222 2559 1372 2592 Romam
1394 2564 1548 2602 petentes
1584 2570 1653 2593 non
1680 2560 1799 2593 venire
1824 2571 1868 2593 eo:

91 2610 176 2643 locis
199 2611 398 2653 pestilentia
425 2611 673 2645 laborantibus
698 2616 876 2645 testantur
902 2623 1024 2655 eosque
1050 2612 1148 2645 valde
1175 2612 1429 2646 commendant.

210 2680 283 2714 Nos
310 2681 370 2714 n.⁵
395 2681 615 2715 serenissimi
642 2681 815 2727 principis
834 2684 870 2715 et
888 2682 1031 2721 domini,
1059 2681 1189 2715 domini
1210 2681 1435 2719 Ferdinandi.
1463 2682 1666 2716 archiducis
1684 2683 1866 2726 Austriae,

91 2733 192 2767 ducis
203 2733 434 2776 Burgundiae
448 2737 516 2768 etc.
531 2734 674 2769 comitis
684 2734 836 2780 Tymlis,
849 2735 982 2770 domini
996 2736 1109 2770 nostri
1122 2735 1391 2769 clementissimi
1404 2735 1683 2777 locumtenens⁶,
1698 2739 1867 2780 regentes

91 2793 127 2826 et
152 2791 347 2836 consiliarij
374 2793 570 2838 superioris
596 2794 766 2828 Austriae
801 2795 1061 2839 prouintiarum
1090 2794 1270 2828 vniversis
1305 2797 1341 2828 et
1375 2794 1529 2839 singulis
1563 2795 1785 2840 principibus
1811 2807 1866 2830 ec-

215 2899 221 2916 ¹
250 2897 408 2932 Arnoldo
434 2898 617 2933 Havensio
644 2902 679 2933 et
706 2899 838 2934 Ioanne
865 2900 986 2941 Hasio,
1012 2900 1046 2934 S.
1067 2900 1098 2936 J.
1245 2901 1258 2922 ²
1287 2900 1425 2942 Kessel,
1451 2902 1603 2936 rectoris
1629 2901 1783 2946 collegii.

211 2952 224 2971 ³
250 2949 303 2984 De
328 2951 385 2985 his
412 2963 447 2985 v,
470 2953 557 2986 Can.
576 2952 627 2986 VI
653 2953 735 2987 485.
882 2956 894 2974 ⁴
923 2953 1098 2997 Gregorio
1124 2953 1221 2987 XIII.

210 3004 223 3024 ⁵
249 3003 326 3042 Sic;
354 3004 389 3038 in
416 3005 581 3049 exemplo
607 3005 805 3052 archetypo
831 3019 894 3052 pro
917 3008 1002 3050 „n.,“
1032 3009 1130 3051 puto.
1160 3007 1275 3050 „infra
1300 3007 1445 3052 scripti“
1475 3008 1533 3042 vel
1559 3008 1703 3043 nomina
1729 3020 1864 3052 eorum,

89 3056 150 3101 qui
176 3056 243 3091 has
268 3057 410 3092 litteras
437 3058 581 3098 dabant,
609 3058 668 3093 vel
695 3059 782 3099 eius.
811 3061 870 3104 qui
900 3061 1116 3105 praecipuus
1142 3061 1237 3094 inter
1262 3072 1322 3094 eos
1350 3063 1437 3101 erat,
1465 3062 1582 3106 posita
1608 3065 1704 3097 sunt.

210 3111 223 3130 ⁶
249 3109 465 3145 Ferdinandi
485 3111 528 3146 ΙΙ.
552 3112 755 3148 archiducis
785 3114 1070 3156 „locumtenens“
1105 3113 1337 3158 (praefectus,
1354 3113 1644 3159 ,Statthalternj
1673 3118 1760 3150 tunc
1786 3118 1865 3150 erat

91 3162 297 3198 Swicardus
323 3175 442 3199 comes
468 3176 490 3198 a
516 3165 744 3200 Helfenstein
774 3167 890 3209 (Hirn
916 3167 939 3201 l.
959 3179 987 3201 c.
1008 3167 1020 3200 1
1049 3167 1146 3210 462),
1183 3166 1240 3200 vir
1265 3167 1447 3201 Sociorum
1483 3168 1766 3204 amantissimus.
