2051 3433
218 177 299 218 100
680 174 781 209 1825.
809 174 974 209 canisius
1000 175 1039 209 P.
1058 174 1181 209 Ioanni
1209 174 1251 208 de
1278 174 1443 210 Polanco.

215 288 368 326 1825.
452 291 668 327 CANISIUS
696 291 756 327 P.
779 290 1024 328 IOANNI
1051 291 1143 327 DE
1170 290 1488 328 POLANCO
1518 293 1650 327 vicario
1677 293 1836 337 generali
1864 294 1978 329 Socie-

404 345 491 379 tatis
519 346 609 380 Iesu.
1362 345 1561 391 Oeniponte
1587 346 1620 380 4.
1643 347 1800 381 Ianuarii
1830 347 1931 382 1573.

333 414 388 449 Ex
415 416 638 461 autographo
669 416 748 459 (2⁰;
781 417 795 450 1
825 429 875 461 p.;
905 418 939 450 in
966 429 999 461 p.
1027 417 1048 450 4
1074 417 1192 457 inser„
1220 416 1289 450 alia
1317 428 1425 450 manu
1452 415 1558 461 [quae
1585 417 1625 452 P.
1640 416 1846 452 VVendelini
1864 417 1980 452 Volck

214 479 293 502 esse
320 468 476 512 videtur]
505 470 641 514 scripta
668 473 704 503 et
729 470 901 513 reliquiae
928 470 1025 514 sig).
1070 469 1189 504 Germ.
1211 470 1278 504 183
1305 470 1580 505 122222—223&

337 535 554 569 Gratulafio.
606 535 862 569 Monastersmn
889 539 1130 575 «uque-tanum
1159 536 1326 569 Societalc’
1350 537 1588 570 tribuendum.
1644 537 1875 581 C07191·e9at1'o
1899 548 1981 580 pro·

215 588 390 621 eructans.

426 666 454 717 †
489 666 581 708 Pax
614 665 773 708 Christi
805 666 946 709 JESV
980 669 1025 708 et
1056 665 1163 708 felix
1196 671 1370 717 annusa,

743 731 988 774 Admodum
1023 732 1276 774 Reuerende
1310 732 1441 774 Pater
2046 772 2047 776 ,

332 795 518 850 Magnas
551 797 721 839 domino
754 797 921 850 gratias
955 797 1138 850 agimus,
1174 796 1246 850 qui
1267 797 1390 839 nobis
1423 797 1686 852 superiorem
1720 798 1838 842 dedit
1859 799 1908 842 R.
1934 799 1981 842 T.
2045 828 2047 834 ι

212 861 294 903 hoc
327 863 537 916 tempore,
572 866 616 905 et
638 876 855 916 rogamus,
890 865 938 905 ut
960 862 1072 904 hano
1095 863 1353 917 prudentem
1383 863 1638 906 electionem
1670 867 1897 919 prosperet
1929 865 1982 907 ad
2043 861 2046 868 ’

211 940 482 969 communem
516 930 693 970 nostrae
725 927 950 970 societatis
983 928 1218 970 utilitatem
1236 930 1261 970 ¹.

333 991 466 1035 Venit
494 993 637 1035 isthuc
660 994 712 1036 D.
735 993 945 1036 Nicolaus
958 994 988 1044 2,
1022 993 1091 1047 qui
1116 993 1388 1048 praeclarum
1422 1008 1536 1036 suae.
1559 994 1735 1037 uirtutis
1767 995 1983 1049 specimen

212 1055 280 1097 his
312 1057 531 1100 mensibus
564 1057 683 1100 dedit
714 1058 757 1100 in
790 1058 1057 1113 Episcopatu
1081 1059 1351 1112 Augustam,
1387 1059 1506 1101 cuius
1538 1059 1809 1103 uisitatorem
1844 1061 1985 1115 coepit

214 1134 360 1174 agere,
396 1137 507 1164 nunc
539 1126 712 1166 nostros
745 1124 877 1166 etiam
918 1138 1087 1165 summa
1118 1124 1202 1166 fide
1235 1124 1538 1178 complectens.
1603 1125 1730 1167 Multi
1763 1128 1807 1167 et
1838 1126 1984 1179 magni

214 1188 317 1228 sunt
338 1186 566 1240 Augustae
599 1189 693 1239 uiri,
729 1203 910 1242 quorum
944 1189 1122 1231 consilio
1153 1189 1471 1232 commendabit
1492 1190 1722 1233 Jllustriss.
1769 1190 1984 1233 Cardinali

215 1264 391 1294 causam
425 1254 708 1309 monasterij3
748 1254 792 1296 in
825 1257 997 1296 nostros
1029 1253 1335 1305 transferendi,
1380 1255 1493 1308 quod
1525 1269 1655 1297 unum
1689 1258 1733 1298 et
1765 1256 1986 1310 Dilingani

216 1318 261 1359 et
284 1316 531 1371 Augustani
555 1319 724 1374 collegij
759 1320 888 1362 rebus
920 1320 1029 1362 bene
1063 1319 1378 1362 constituendis
1410 1320 1611 1363 sufficere
1643 1325 1804 1375 posset.
1851 1322 1985 1376 Spero
2035 1314 2041 1357 L¹

214 1381 353 1423 Deum
375 1384 551 1437 negotio
574 1384 839 1436 adfuturum,
874 1385 988 1438 quod
1009 1385 1101 1427 sine
1123 1384 1246 1427 nobis
1273 1399 1350 1439 per
1383 1385 1568 1440 optimos
1600 1386 1762 1429 amicos
1795 1390 1839 1430 et
1862 1387 2006 1429 Prin--

215 1447 332 1501 cipes
365 1463 629 1504 magnopere
653 1450 766 1493 dicto
790 1450 1008 1492 Cardinali
1034 1453 1183 1493 nostro
1207 1451 1547 1494 commendatur.
1596 1451 1743 1501 Quodb
1775 1452 1811 1494 si
1843 1452 1986 1494 nullus

215 1516 332 1555 esset
364 1528 590 1557 successus
623 1515 912 1567 consiliorum,
960 1529 1071 1568 quae
1104 1516 1242 1558 multa
1282 1516 1355 1558 ille
1395 1519 1605 1570 suggeret
1638 1531 1796 1568 coram,
1838 1520 1984 1560 tamen

216 1577 421 1621 debemus
443 1580 632 1634 gratiam
656 1580 819 1635 optimo
842 1581 948 1632 uiro,
972 1581 1045 1634 qui
1066 1585 1237 1624 nostroc
1260 1583 1304 1624 et
1326 1581 1483 1624 Christi
1506 1582 1677 1624 nomine
1699 1597 1784 1625 non
1806 1585 1985 1637 rogatus

213 1643 326 1686 hanc
358 1645 534 1699 longam
568 1648 612 1688 et
644 1646 724 1688 hoc
755 1649 951 1701 tempore
979 1646 1197 1689 difficilem
1231 1647 1624 1701 peregrinationem
1657 1648 1858 1703 suscepit.
1893 1648 1986 1699 Qua

215 1709 268 1751 de
299 1723 346 1751 re
378 1711 527 1764 paucis
559 1725 735 1754 monere
767 1712 896 1763 uolui,
930 1715 979 1755 ut
1009 1712 1178 1766 gratior
1209 1715 1326 1755 esset
1356 1712 1557 1754 Patribus
1589 1713 1692 1755 talis
1724 1714 1851 1756 amici
1885 1728 1985 1756 con·
2031 1758 2034 1771 ι

214 1776 390 1829 spectus
432 1779 564 1829 atque
605 1777 842 1829 conuictus,
886 1778 957 1831 qui
999 1792 1094 1819 cum
1137 1791 1187 1819 eo
1229 1778 1322 1831 ipso
1363 1792 1443 1820 sua
1482 1778 1612 1820 etiam
1646 1779 1826 1821 consilia
1857 1779 1984 1822 facile

215 1841 606 1886 communicabunt.
2029 1874 2032 1904 1

333 1905 578 1959 Augustam
614 1908 733 1950 breui
766 1908 1092 1963 proficiscentur
1113 1908 1264 1959 nostri,
1297 1912 1347 1950 ut
1370 1900 1753 1961 congregationem
1776 1908 1986 1963 prouinti-
2028 1921 2031 1933 ¹

215 1970 328 2012 alem
351 1972 593 2023 absoluant‚
619 1976 663 2016 et
686 1974 738 2015 de
760 1973 984 2016 mittendis
1010 1973 1284 2016 Electoribus
1306 1976 1507 2016 statuant
1521 1975 1548 2016 ⁴.
1592 1973 1800 2015 Dominus
1823 1973 1987 2017 IESVS
2026 2015 2029 2035 ,

215 2035 259 2077 in
299 2037 484 2091 gloriam
527 2039 592 2080 sui
635 2039 820 2081 nominis
862 2039 933 2081 diu
977 2039 1234 2081 incolumem
1276 2038 1400 2080 nobis
1442 2040 1618 2081 tueatur
1659 2039 1706 2081 P.
1750 2040 1797 2083 Τ.
1842 2039 1909 2082 cui
1951 2039 1988 2082 si
2021 2028 2036 2105 ‘f

216 2103 402 2144 antehae
444 2117 655 2157 unquam,
702 2119 815 2147 nunc
857 2105 926 2146 uel
966 2104 1155 2146 maxime
1197 2103 1369 2158 quidem
1411 2103 1612 2158 indignus
1654 2104 1848 2146 Canisius
1892 2118 1987 2147 sese
2018 2111 2033 2143 ,1

2024 2140 2035 2195 25

216 2169 502 2220 commendat,
528 2169 704 2223 eiusque
726 2170 926 2224 precibus
949 2170 1068 2224 cupit
1090 2169 1300 2212 adiuuari.
1336 2169 1567 2224 Oeniponti
1590 2171 1616 2210 4
1634 2169 1832 2225 Januarij
1862 2171 1985 2214 1573.
2021 2193 2034 2260 11

992 2235 1042 2277 R'
1078 2235 1122 2278 Β
1158 2235 1207 2278 Τ’
1366 2300 1499 2342 Filius
1534 2300 1625 2343 Pet.
1660 2300 1868 2345 canisius.
2020 2268 2031 2360 1

335 2371 363 2424 †
395 2371 639 2413 Admodum
684 2372 940 2414 Reuerendo
981 2372 1025 2414 in
1066 2371 1236 2415 Christo
1279 2371 1399 2414 Patri
1432 2372 1483 2414 D.
1517 2371 1674 2427 Joannj
1716 2371 1767 2413 de
1803 2372 1988 2414 Polanco
2021 2369 2029 2405 3³

217 2435 390 2478 Vicario
425 2434 665 2491 [genera]li
698 2437 930 2480 Societatis
962 2437 1090 2480 JESu
1124 2440 1206 2480 etc.
1330 2437 1506 2479 Romae.
2015 2409 2028 2515 -1

336 2522 413 2558 Has
447 2523 598 2566 litteras,
636 2527 674 2559 ut
709 2536 754 2559 ex
790 2525 879 2570 ipsis
915 2524 1149 2568 intellegitur,
1186 2535 1308 2559 secum
1336 2523 1484 2558 Romam
1517 2523 1639 2558 attulit
1664 2523 1796 2558 Ductor
1821 2523 1988 2559 Nicolaus
2018 2514 2027 2578 11

216 2574 397 2635 Elgardus
422 2576 500 2610 sive
527 2576 737 2638 Elchardus.
791 2578 835 2619 Is,
871 2578 937 2612 sub
963 2578 1261 2638 a.15·47·pro.pre
1288 2577 1463 2611 Arlunum
1490 2576 1628 2620 (Arion,
1658 2588 1752 2612 nuno
1778 2577 1862 2636 urbs
1888 2576 1988 2622 regni
2017 2581 2028 2641 11

218 2628 365 2673 belglci)
393 2631 509 2671 natus,
537 2629 689 2665 Lovanu
716 2633 751 2665 et
768 2630 931 2666 Treviris
957 2631 1090 2665 litteris
1117 2632 1318 2670 institutus,
1345 2642 1437 2664 anno
1459 2629 1558 2671 1568,
1585 2633 1753 2675 suscepto
1779 2642 1848 2664 lam
1873 2641 1988 2665 sacer·
2016 2642 2025 2678 1?

218 2681 324 2723 dotio,
359 2683 395 2716 in
422 2683 616 2727 collegium
642 2685 888 2728 germanicum
915 2685 1095 2719 admissus
1121 2687 1195 2724 est;
1232 2683 1358 2718 deinde
1385 2695 1405 2717 a
1431 2683 1605 2718 cardinali
1632 2683 1764 2718 Ottone
1790 2683 1988 2719 Truchsess
2016 2687 2024 2707 ‘³

2015 2720 2023 2750 ‘l

336 2764 364 2796 a)
385 2771 460 2791 anus
481 2769 593 2797 (ιιιίοῃν.
722 2764 752 2798 b)
773 2766 821 2792 Sic
841 2767 869 2791 C.
892 2766 952 2797 ipse
979 2766 1107 2791 correoeit
1135 2773 1171 2791 er
1190 2765 1242 2791 Ac.
1372 2766 1398 2796 c)
1420 2767 1484 2790 Duo
1507 2774 1546 2791 ιϊ.
1566 2774 1624 2797 sqq.
1646 2775 1662 2789 α
1685 2768 1712 2790 ι’.
1736 2766 1763 2790 iu
1786 2766 1917 2797 maraine
1935 2765 1990 2790 ud·
2014 2765 2031 2807 114

218 2805 281 2829 <lita
299 2809 376 2830 sunl.
2014 2808 2022 2852 ξ1

344 2915 350 2934 ¹
379 2913 468 2948 Vide
495 2926 604 2959 supra
630 2927 662 2960 p.
682 2915 739 2951 97.
838 2915 851 2936 ²
879 2914 1075 2958 Elgardus;
1104 2913 1196 2955 vide,
1224 2925 1315 2957 quae
1333 2913 1401 2947 sub
1428 2913 1528 2958 ipsas
1553 2914 1618 2948 has
1646 2913 1788 2947 litteras
1814 2912 1986 2947 dicentur.
2013 2887 2042 2967 1

339 2968 352 2987 ³
378 2966 412 3002 S.
433 2967 578 3007 Crucis;
605 2969 648 3002 de
675 2980 744 3013 quo
772 2968 874 3013 plura
900 2968 966 3002 sub
993 2968 1092 3013 ipsas
1118 2966 1184 3001 has
1209 2966 1350 3001 litteras
1377 2966 1552 3001 dicentur.
2016 2982 2020 3000 ι

338 3022 350 3040 ⁴
378 3020 432 3054 Ex
461 3020 765 3055 Constitutionum
793 3021 986 3055 Societatis
1021 3020 1242 3066 praescripto
1278 3019 1371 3054 hanc
1398 3020 1714 3063 congregationem
1740 3018 1864 3053 haberi
1889 3028 1987 3063 opor·
2010 3019 2019 3070 11

218 3074 319 3107 tebat
345 3074 390 3108 ad
417 3075 506 3109 duos
541 3074 734 3118 eligendos,
772 3075 832 3119 qui
859 3086 940 3109 cum
977 3074 1180 3119 praeposito
1211 3073 1423 3118 provinciali
1451 3073 1599 3107 Romam
1626 3072 1670 3107 ad
1697 3071 1902 3116 generalem
1929 3069 1987 3105 eli·
2009 3071 2035 3092 ¹*

219 3127 375 3170 gendum
411 3129 448 3162 et
481 3127 553 3162 alia
589 3127 779 3162 Societatis
816 3128 960 3171 negotia
996 3127 1031 3160 in
1068 3127 1346 3170 congregatione
1383 3125 1542 3170 generali
1577 3125 1767 3160 tractanda
1806 3124 1986 3164 venirent3
2008 3099 2037 3179 1

2008 3181 2015 3204 Ι;

220 3191 254 3213 v.
285 3179 371 3215 Can.
399 3180 450 3215 IV
478 3180 556 3215 788.

2011 3243 2016 3292 i

2004 3359 2014 3433 k
2040 3365 2044 3390 t
