2062 3443
1199 175 1217 180 ..
1274 176 1313 186 ,,.

501 179 669 221 Augusta
688 177 954 212 vindelicorum
982 176 1038 210 24.
1064 176 1218 209 Ianuarii
1250 176 1349 210 1:218.
1726 177 1810 217 433

39 299 172 340 talem
200 298 371 340 Patrem
406 311 482 339 suo
515 299 712 351 tempore
746 295 1011 338 admonitum
1046 293 1230 348 cupiam,
1269 294 1331 335 uti
1366 308 1431 336 me
1466 306 1635 346 quoque
1669 292 1721 334 ob
1754 292 1812 333 si-

41 363 184 405 milem
219 377 394 405 causam
430 364 475 404 et
506 361 729 404 admoneri
762 363 807 403 et
839 360 999 413 corrigi
1032 360 1187 401 uellem
1222 373 1248 401 a
1281 359 1555 401 lnaioribus'.

160 428 322 482 Scripsi
362 441 500 481 nuper
532 427 584 469 de
617 426 696 477 his,
740 440 850 479 quae
891 426 944 468 ad
980 425 1025 468 P.
1050 425 1329 466 Prouintialis
1371 437 1598 478 personam
1634 422 1811 464 faciunt.

41 493 165 535 Addo
207 507 319 534 nunc
361 493 478 541 illud,
522 492 635 545 quod
676 491 788 533 idem
833 504 962 544 egere
1003 489 1204 532 uideatur
1244 490 1287 531 in
1330 488 1480 542 quouis
1520 488 1703 540 collegio
1738 487 1813 529 ad-

41 558 265 607 monitore,
300 557 500 599 nimirum
534 557 649 598 circa
681 557 841 599 uictum
877 568 1110 608 curamque
1143 554 1347 608 corporis,
1387 554 1500 596 sicut
1532 556 1576 595 et
1609 553 1717 594 alias
1750 552 1812 593 in-

39 623 194 666 dicaui.
258 623 494 665 Praeterea
539 621 734 664 desidero
778 621 921 663 caueri
960 621 1002 662 in
1044 619 1166 661 nouis
1204 619 1468 672 ‚Jngolstadij
1512 621 1556 660 et
1597 617 1812 668 Monachij

39 688 303 742 seminarijs,
337 690 385 730 ut
417 687 666 742 praefectus
699 701 721 728 e
755 686 915 728 nostris
946 700 1031 728 non
1065 685 1311 739 implicetur
1343 684 1518 737 negotio
1552 682 1814 737 pecuniario,

39 754 115 795 sed
149 756 377 795 externum
412 753 574 795 habeat
597 752 902 802 Oeoenomum,
937 751 1008 804 qui
1041 751 1254 793 rationem
1289 750 1379 791 dati
1403 751 1447 791 et
1469 748 1637 802 accepti
1662 747 1816 790 reddat

39 832 118 861 suo
150 822 358 873 tempore.
405 818 584 860 Vtinam
616 818 729 860 idem
762 817 964 870 Dilingae
997 816 1266 866 obseruetur‚
1302 815 1442 856 minus
1474 814 1610 856 nostri
1644 814 1816 855 labora—

41 887 152 935 rent,
187 886 345 937 atqueR
377 883 630 926 tenacitatis
663 885 810 925 notam
845 882 925 924 sibi
959 896 1043 923 non
1079 882 1334 931 conflarent,
1369 881 1423 922 ad
1461 879 1628 933 reliqua
1662 878 1817 921 etiamb

40 949 186 992 officia
219 948 526 1003 expeditiores.

160 1015 366 1056 Fortasse
399 1013 618 1068 prouintia
640 1016 792 1056 nostra
813 1026 936 1054 suum
960 1011 1136 1054 tandem
1164 1010 1349 1065 accipiet
1373 1010 1671 1059 Visitatorem‚
1705 1008 1815 1051 sicut

41 1079 194 1121 uicinis
227 1079 452 1132 contigit2.
499 1079 545 1122 P.
570 1078 779 1120 Lanoium
812 1078 894 1119 huc
927 1077 1042 1120 mitti
1076 1090 1160 1118 non
1195 1075 1419 1126 suaserim,
1463 1076 1499 1117 si
1532 1074 1670 1116 dicam
1705 1074 1816 1127 quod

39 1144 196 1195 sentio,
219 1145 294 1186 sed
318 1145 440 1186 saluo
463 1158 634 1198 semper
657 1144 702 1186 P.
728 1143 775 1186 T.
799 1143 969 1185 iudicio.
1025 1141 1164 1183 Huius
1187 1141 1386 1195 precibus
1409 1155 1476 1182 me
1500 1140 1624 1195 cupio
1647 1152 1819 1194 semper

43 1209 224 1251 Domino
258 1209 563 1252 commendari.
606 1210 834 1261 Augustae
868 1210 923 1250 24
955 1207 1153 1261 Januarij
1192 1208 1318 1249 1578.

1179 1271 1395 1325 Jndignus
1427 1271 1475 1314 P.
1500 1270 1552 1313 V.
1586 1270 1700 1312 filius

1248 1337 1403 1379 Petrus
1435 1335 1644 1378 Canisius.

220 1418 248 1469 †
280 1417 525 1459 Admodum
566 1416 824 1458 Reuerendo
865 1415 908 1457 in
950 1414 1120 1457 Christo
1154 1414 1275 1456 Patri
1316 1415 1480 1463 nostro,
1524 1412 1570 1456 P.
1595 1410 1819 1454 Euerardo

41 1482 329 1534 Mercuriano,
364 1482 595 1524 Societatis
628 1481 761 1524 IESV
794 1480 1048 1535 Praeposito
1082 1479 1290 1534 generali.

162 1548 231 1590 Ad
263 1561 416 1590 manus
449 1547 648 1602 proprias
1521 1543 1699 1585 Romae.

165 1629 330 1663 Canisius
356 1631 438 1674 post
464 1640 588 1663 sacros
614 1629 690 1662 dies
717 1627 903 1662 natalitios
928 1627 1117 1661 Hoffaeum
1145 1625 1403 1670 provincialem
1430 1624 1570 1659 adiuvit
1604 1624 1759 1668 primum
1786 1624 1820 1656 in

43 1682 226 1717 visitando
252 1683 405 1726 collegio
431 1683 638 1716 monacensi
667 1681 718 1725 (v.
738 1692 848 1726 supra
873 1692 906 1726 p.
926 1681 1024 1723 426),
1060 1679 1187 1714 deinde
1222 1680 1257 1713 in
1284 1678 1466 1713 visitanda
1501 1678 1604 1712 domo
1631 1676 1823 1711 Societatis

42 1739 259 1779 augustana.
310 1738 479 1781 Augusta
513 1736 569 1770 27.
603 1736 762 1770 Ianuarii
791 1734 881 1770 1578
917 1734 956 1769 P.
995 1735 1193 1778 (ἰνεῃονίιιε
1226 1733 1424 1776 Rosephius
1459 1731 1493 1766 S.
1524 1732 1557 1766 J.
1596 1730 1822 1764 Mercuriano

42 1790 237 1835 *sm-ipsit:
274 1790 381 1834 „Agit
407 1790 591 1824 nobiscum
619 1789 687 1823 hoc
712 1791 874 1833 tempore
900 1788 1134 1822 Reuerendus
1165 1790 1288 1821 noster
1313 1798 1346 1831 p.
1365 1784 1609 1831 proufflcialis,
1645 1784 1706 1828 qui
1732 1795 1823 1828 pene

41 1843 199 1877 absoluit
224 1843 467 1877 visitationem
496 1847 688 1888 postquam
715 1843 817 1877 nobis
845 1841 1037 1876 restitutus
1064 1841 1138 1874 est“
1173 1840 1235 1883 (ex
1254 1842 1415 1883 autogr.;
1443 1838 1563 1874 Germ.
1585 1838 1652 1872 158
1678 1837 1703 1871 f.
1723 1836 1821 1879 258).

164 1897 330 1932 Canisius
356 1897 391 1931 in
418 1897 474 1931 his
500 1897 633 1930 litteris
660 1895 878 1930 cardinalem
907 1894 1139 1929 Guilielmum
1168 1893 1338 1927 Sirletum
1364 1893 1556 1926 vaticanae
1586 1890 1824 1925 bibliothecae

42 1951 265 1996 praefectum
295 1951 371 1995 (qui
400 1951 656 1985 bibliothecam
683 1949 807 1984 multis
834 1949 1028 1989 codicibus,
1065 1947 1227 1992 inprimis
1253 1946 1405 1990 graecis,
1441 1946 1656 1980 instructam
1684 1946 1720 1978 et
1745 1944 1824 1989 ipse

42 2005 212 2047 habebat)
234 2005 377 2039 nomine
405 2005 443 2039 P.
464 2004 643 2039 Theodori
661 2003 802 2038 Peltani
822 2003 855 2038 S.
875 2004 907 2038 J.
926 2001 1222 2044 interrogandum
1242 2003 1356 2042 curat,
1374 2011 1457 2034 num
1473 1999 1607 2033 Romae
1621 1998 1761 2033 Alberti
1780 1997 1824 2032 V.

162 2082 189 2105 al
213 2081 353 2112 Sequitur
372 2080 412 2111 in,
433 2081 524 2105 oblitt.
599 2078 629 2111 b)
654 2081 712 2104 Hoc
735 2087 756 2103 r.
777 2087 870 2110 supra
894 2086 1008 2103 versum
1029 2078 1171 2109 scriptum
1194 2080 1245 2101 est.

167 2171 175 2190 ¹
202 2169 380 2214 'Scripsit
395 2169 620 2203 Mercuriano
636 2168 837 2214 Oeniponte
851 2168 907 2202 25.
920 2166 1129 2201 Decembris
1147 2166 1236 2200 1577
1252 2165 1288 2199 P.
1302 2166 1515 2199 Rabenstein
1532 2162 1674 2205 collegii
1688 2163 1823 2195 rector:

47 2223 169 2265 ,Nm-it
196 2223 235 2257 P.
264 2223 308 2257 V.
337 2223 550 2257 Reuerenda
575 2234 632 2256 me
659 2234 679 2256 a
706 2222 745 2256 P.
773 2221 929 2255 Antonio
956 2220 1153 2254 Posseuino
1188 2218 1294 2253 ualde
1319 2221 1487 2261 rogatum
1523 2228 1603 2250 esse
1628 2218 1669 2249 ut
1694 2214 1824 2249 saltem

43 2277 112 2312 :200
146 2277 292 2310 florenis
318 2276 572 2310 Rhenensibus
607 2275 848 2315 subuenirem‚
886 2285 955 2318 quo
988 2274 1057 2307 iter
1094 2276 1260 2317 coeptum
1295 2272 1340 2306 ad
1368 2271 1432 2315 Dej
1469 2270 1621 2314 gloriam
1657 2267 1826 2313 prosequi

42 2332 175 2375 posset.
227 2330 426 2365 Sollicitaui
463 2341 549 2374 ergo
585 2329 720 2363 amicos
756 2331 910 2365 nostros.
947 2332 982 2361 et
1018 2338 1098 2360 cum
1137 2326 1205 2360 iam
1236 2325 1467 2370 desperatum
1495 2321 1756 2367 quodammodo
1782 2321 1825 2354 de

42 2384 105 2420 illa
130 2384 282 2429 pecunia
308 2383 474 2417 habenda
501 2385 607 2423 esset,
635 2382 863 2425 significatur
890 2380 976 2415 mihi
1004 2392 1024 2414 a
1043 2380 1194 2424 quodam
1216 2379 1341 2419 amico,
1369 2389 1408 2412 se
1429 2378 1462 2411 in
1481 2377 1543 2410 illa
1570 2376 1658 2410 hora
1676 2374 1746 2409 200
1763 2374 1827 2408 fio-

43 2448 148 2471 renos
183 2437 366 2482 accepisse
393 2438 595 2480 Augustam
624 2435 830 2476 mittendos,
867 2445 957 2478 quos
991 2433 1146 2467 libenter
1176 2433 1206 2466 si
1233 2431 1364 2466 uellem
1398 2432 1496 2465 esset
1521 2430 1682 2463 daturus.
1734 2427 1826 2462 Jllos

42 2491 180 2535 accipio
216 2493 251 2525 et
279 2491 318 2525 P.
347 2490 503 2524 Antonio
539 2490 652 2531 trado,
687 2491 836 2534 accepto
872 2488 916 2522 ab
952 2499 992 2521 eo
1028 2485 1268 2529 chirographo
1304 2484 1396 2528 quod
1425 2486 1628 2526 Augustam
1664 2481 1745 2515 misi
1782 2480 1826 2515 ad

43 2544 236 2578 Consulem
255 2547 422 2578 uocatum
442 2543 704 2586 wolfgangum
726 2542 865 2576 Paler“.
910 2541 956 2574 Et
974 2541 1141 2584 Augusta
1168 2539 1224 2573 27.
1244 2538 1400 2572 Ianuarii
1427 2537 1518 2571 1578
1545 2536 1610 2571 *P.
1630 2535 1828 2578 Rosephius

43 2599 171 2631 domus
198 2600 424 2640 augustanae
451 2596 486 2631 S.
507 2597 539 2630 J.
559 2597 743 2640 superior:
783 2594 990 2637 „Transiuit
1025 2594 1092 2627 hac
1120 2592 1280 2635 Legatus
1307 2590 1417 2633 Regis
1444 2589 1583 2624 suetiae
1611 2588 1671 2632 qui
1698 2587 1827 2621 famili-

43 2650 209 2685 arissime
240 2661 380 2685 mecum
417 2650 503 2693 egit,
539 2649 671 2683 accidit
697 2661 729 2694 p.
758 2648 948 2693 posseuino
984 2646 1165 2691 oeniponti
1193 2657 1250 2679 res
1276 2644 1384 2678 valde
1411 2642 1646 2682 incommoda,
1681 2643 1829 2686 propter

44 2704 187 2738 illorum
223 2707 344 2738 tamen
377 2703 640 2747 negligentiam
677 2714 784 2746 quam
812 2714 881 2735 non
909 2700 1175 2735 animaduertet
1201 2699 1313 2733 donec
1339 2697 1462 2731 veniat
1489 2697 1522 2729 in
1547 2695 1720 2730 Suetiam.
1763 2693 1829 2728 Est

45 2760 165 2791 autem
200 2757 300 2798 haec,
339 2757 528 2802 praemisit
555 2757 716 2799 Legatus
751 2766 836 2789 suas
871 2765 1090 2797 suorumque
1126 2752 1296 2785 comitum
1324 2750 1485 2785 sarcinas
1512 2760 1557 2783 ex
1585 2748 1697 2783 Jtalia
1723 2746 1827 2782 Oeni-

45 2813 205 2855 pontum,
233 2811 326 2844 inter
353 2821 443 2854 quas
470 2813 506 2844 et
532 2822 566 2855 p.
586 2809 799 2854 posseuinus
826 2808 983 2842 habebat
1009 2818 1094 2840 suas
1113 2808 1149 2839 et
1167 2817 1232 2839 suo
1250 2805 1394 2838 nomine
1412 2803 1618 2847 inscriptas.
1658 2802 1700 2836 Js
1726 2803 1829 2846 pater

44 2875 126 2898 cum
153 2865 402 2909 praeuenisset
429 2863 602 2897 Nuntium
630 2874 694 2897 seu
721 2862 898 2905 Legatum
925 2862 1024 2905 regis
1051 2861 1087 2893 et
1113 2870 1193 2893 cum
1222 2857 1305 2901 alijs
1324 2857 1526 2891 dantiscum
1547 2866 1676 2889 versus
1703 2865 1830 2899 prope-

45 2919 152 2957 raret,
190 2917 322 2951 accidit
347 2919 389 2950 vt
424 2928 525 2951 suam
555 2916 733 2950 sarcinam
761 2915 948 2960 reliquerit
983 2912 1176 2957 oeniponti.
1212 2911 1246 2944 in
1275 2921 1346 2954 qua
1381 2909 1508 2943 literae
1534 2908 1727 2953 pontificis,
1754 2919 1829 2941 car-

44 2970 217 3004 dinalium
245 2974 314 3004 etc.
340 2973 453 3011 erant,
489 2970 671 3014 acceperit
705 2972 825 3003 autem
862 2968 970 3002 aliam
1006 2966 1184 3000 sarcinam
1221 2963 1372 2997 alterius
1408 2962 1468 3006 qui
1497 2962 1646 2996 veniens
1681 2961 1827 2995 tandem

45 3035 127 3058 cum
153 3023 291 3067 Legato
327 3023 556 3068 ocnipontum
584 3022 684 3056 videt
715 3033 817 3056 suam
853 3021 1032 3055 sarcinam
1070 3017 1226 3052 ablatam
1267 3029 1299 3061 p.
1318 3015 1501 3061 posseuini
1526 3027 1614 3049 vero
1640 3014 1824 3049 relictam*

0 3095 1 3122 ᾗ
50 3078 110 3120 (ex
138 3077 393 3121 autographis:
423 3075 542 3110 Germ.
564 3075 631 3110 138
659 3075 684 3109 f.
706 3076 807 3116 191⁸;
837 3075 957 3109 Germ.
980 3073 1046 3106 156
1074 3072 1098 3106 f.
1119 3071 1217 3112 258).

0 3130 1 3139 ¹
167 3130 180 3151 ²
206 3130 422 3164 Provinciae
441 3129 622 3163 rhenanae
641 3140 671 3162 a.
694 3129 784 3162 1576
805 3128 973 3162 visitator
992 3125 1212 3160 constitutus
1231 3125 1309 3157 erat
1328 3123 1367 3157 P.
1387 3122 1586 3156 Balduinus
1605 3121 1649 3155 ab
1668 3120 1828 3163 Angelo;

46 3183 265 3218 austriae-am
294 3194 325 3217 a.
348 3183 436 3217 1577
466 3183 504 3217 P.
524 3182 695 3216 Nicolaus
721 3181 878 3215 Lanoius
904 3180 1071 3214 visitavit
1099 3178 1232 3219 (chhr,
1259 3176 1366 3210 Jes.I
1394 3175 1612 3218 596—597).

118 3247 143 3273 Β
154 3255 168 3273 r
176 3255 193 3273 a
201 3255 219 3273 u
228 3255 246 3273 n
255 3255 269 3273 s
278 3247 296 3273 b
305 3255 321 3273 e
329 3255 344 3273 r
352 3255 370 3280 g
379 3254 394 3272 e
403 3254 418 3272 r
427 3266 432 3277 ‚
454 3246 565 3272 Canisii
586 3245 743 3279 Epistulae
764 3246 794 3271 ct
816 3245 903 3271 Acta.
930 3243 995 3268 VII.
1496 3233 1539 3268 28
