<?xml version="1.0" encoding="UTF-8"?>
<!DOCTYPE html PUBLIC "-//W3C//DTD XHTML 1.0 Transitional//EN"
    "http://www.w3.org/TR/xhtml1/DTD/xhtml1-transitional.dtd">
<html xmlns="http://www.w3.org/1999/xhtml" xml:lang="en" lang="en">
 <head>
  <title>
</title>
<meta http-equiv="Content-Type" content="text/html;charset=utf-8" />
  <meta name='ocr-system' content='tesseract 3.04.00' />
  <meta name='ocr-capabilities' content='ocr_page ocr_carea ocr_par ocr_line ocrx_word'/>
</head>
<body>
  <div class='ocr_page' id='page_1' title='image "beatipetricanisi07cani_0850.png"; bbox 0 0 2051 3433; ppageno 0'>
   <div class='ocr_carea' id='block_1_1' title="bbox 183 176 1586 220">
    <p class='ocr_par' dir='ltr' id='par_1_1' title="bbox 183 176 1586 220">
     <span class='ocr_line' id='line_1_1' title="bbox 183 176 1586 220; baseline 0.001 -10"><span class='ocrx_word' id='word_1_1' title='bbox 183 179 266 220; x_wconf 82' lang='lat'>756</span> <span class='ocrx_word' id='word_1_2' title='bbox 550 177 646 210; x_wconf 89' lang='lat' dir='ltr'>Mon.</span> <span class='ocrx_word' id='word_1_3' title='bbox 672 176 916 211; x_wconf 71' lang='lat'>1199-1200.</span> <span class='ocrx_word' id='word_1_4' title='bbox 963 177 1064 210; x_wconf 87' lang='grc'><strong>1576.</strong></span> <span class='ocrx_word' id='word_1_5' title='bbox 1119 177 1279 210; x_wconf 83' lang='lat'>11.-19.</span> <span class='ocrx_word' id='word_1_6' title='bbox 1301 176 1454 210; x_wconf 85' lang='lat' dir='ltr'>Ianuarii</span> <span class='ocrx_word' id='word_1_7' title='bbox 1483 178 1586 212; x_wconf 88' lang='grc'><strong>1576.</strong></span> 
     </span>
    </p>
   </div>
   <div class='ocr_carea' id='block_1_2' title="bbox 179 294 1956 1067">
    <p class='ocr_par' dir='ltr' id='par_1_2' title="bbox 179 294 1956 1067">
     <span class='ocr_line' id='line_1_2' title="bbox 181 294 1949 349; baseline -0.001 -11"><span class='ocrx_word' id='word_1_8' title='bbox 181 297 341 338; x_wconf 89' lang='lat' dir='ltr'>Demas</span> <span class='ocrx_word' id='word_1_9' title='bbox 374 296 497 338; x_wconf 84' lang='lat' dir='ltr'>desto</span> <span class='ocrx_word' id='word_1_10' title='bbox 532 295 571 336; x_wconf 95' lang='lat' dir='ltr'>lo</span> <span class='ocrx_word' id='word_1_11' title='bbox 606 309 688 348; x_wconf 90' lang='lat' dir='ltr'>que</span> <span class='ocrx_word' id='word_1_12' title='bbox 721 297 866 337; x_wconf 88' lang='lat' dir='ltr'>tracta</span> <span class='ocrx_word' id='word_1_13' title='bbox 899 295 1015 337; x_wconf 91' lang='lat' dir='ltr'>tiene</span> <span class='ocrx_word' id='word_1_14' title='bbox 1048 294 1203 336; x_wconf 89' lang='lat' dir='ltr'>mucha</span> <span class='ocrx_word' id='word_1_15' title='bbox 1225 295 1475 337; x_wconf 85' lang='lat' dir='ltr'>autoridad:</span> <span class='ocrx_word' id='word_1_16' title='bbox 1511 310 1673 349; x_wconf 87' lang='lat' dir='ltr'>porque</span> <span class='ocrx_word' id='word_1_17' title='bbox 1706 297 1747 337; x_wconf 85' lang='lat' dir='ltr'>la</span> <span class='ocrx_word' id='word_1_18' title='bbox 1780 296 1949 338; x_wconf 78' lang='lat' dir='ltr'>dotrina</span> 
     </span>
     <span class='ocr_line' id='line_1_3' title="bbox 181 360 1949 415; baseline -0.001 -12"><span class='ocrx_word' id='word_1_19' title='bbox 181 375 227 403; x_wconf 91' lang='lat' dir='ltr'>es</span> <span class='ocrx_word' id='word_1_20' title='bbox 259 361 437 403; x_wconf 88' lang='lat' dir='ltr'>tomada</span> <span class='ocrx_word' id='word_1_21' title='bbox 479 360 531 402; x_wconf 89' lang='lat' dir='ltr'>de</span> <span class='ocrx_word' id='word_1_22' title='bbox 572 360 615 401; x_wconf 91' lang='lat' dir='ltr'>la</span> <span class='ocrx_word' id='word_1_23' title='bbox 657 360 845 412; x_wconf 83' lang='lat' dir='ltr'>sagrada</span> <span class='ocrx_word' id='word_1_24' title='bbox 890 360 1124 410; x_wconf 86' lang='lat' dir='ltr'>escritura,</span> <span class='ocrx_word' id='word_1_25' title='bbox 1169 360 1432 402; x_wconf 86' lang='lat' dir='ltr'>confirmada</span> <span class='ocrx_word' id='word_1_26' title='bbox 1475 375 1552 402; x_wconf 91' lang='lat' dir='ltr'>con</span> <span class='ocrx_word' id='word_1_27' title='bbox 1594 361 1636 402; x_wconf 89' lang='lat' dir='ltr'>la</span> <span class='ocrx_word' id='word_1_28' title='bbox 1677 361 1887 403; x_wconf 87' lang='lat' dir='ltr'>tradicion</span> <span class='ocrx_word' id='word_1_29' title='bbox 1922 376 1949 415; x_wconf 70' lang='lat' dir='ltr'>y</span> 
     </span>
     <span class='ocr_line' id='line_1_4' title="bbox 181 425 1949 480; baseline 0 -12"><span class='ocrx_word' id='word_1_30' title='bbox 181 440 261 468; x_wconf 87' lang='lat' dir='ltr'>vso</span> <span class='ocrx_word' id='word_1_31' title='bbox 295 427 347 468; x_wconf 90' lang='lat' dir='ltr'>de</span> <span class='ocrx_word' id='word_1_32' title='bbox 379 426 422 467; x_wconf 87' lang='lat' dir='ltr'>la</span> <span class='ocrx_word' id='word_1_33' title='bbox 454 425 624 480; x_wconf 82' lang='lat' dir='ltr'>yglesia</span> <span class='ocrx_word' id='word_1_34' title='bbox 656 425 891 475; x_wconf 88' lang='lat' dir='ltr'>vniuersal,</span> <span class='ocrx_word' id='word_1_35' title='bbox 936 440 1015 467; x_wconf 90' lang='lat' dir='ltr'>con</span> <span class='ocrx_word' id='word_1_36' title='bbox 1048 426 1113 467; x_wconf 91' lang='lat' dir='ltr'>los</span> <span class='ocrx_word' id='word_1_37' title='bbox 1145 439 1294 467; x_wconf 87' lang='lat' dir='ltr'>sacros</span> <span class='ocrx_word' id='word_1_38' title='bbox 1327 426 1543 473; x_wconf 64' lang='lat' dir='ltr'>(meinos,</span> <span class='ocrx_word' id='word_1_39' title='bbox 1578 440 1656 468; x_wconf 88' lang='lat' dir='ltr'>con</span> <span class='ocrx_word' id='word_1_40' title='bbox 1690 426 1949 468; x_wconf 88' lang='lat' dir='ltr'>determina-</span> 
     </span>
     <span class='ocr_line' id='line_1_5' title="bbox 180 490 1948 545; baseline 0 -12"><span class='ocrx_word' id='word_1_41' title='bbox 180 493 326 533; x_wconf 87' lang='lat' dir='ltr'>ciones</span> <span class='ocrx_word' id='word_1_42' title='bbox 351 492 402 533; x_wconf 90' lang='lat' dir='ltr'>de</span> <span class='ocrx_word' id='word_1_43' title='bbox 428 491 657 533; x_wconf 86' lang='lat' dir='ltr'>Pontifices</span> <span class='ocrx_word' id='word_1_44' title='bbox 680 491 911 541; x_wconf 87' lang='lat' dir='ltr'>Romanos,</span> <span class='ocrx_word' id='word_1_45' title='bbox 945 506 973 545; x_wconf 86' lang='lat' dir='ltr'>y</span> <span class='ocrx_word' id='word_1_46' title='bbox 997 504 1176 544; x_wconf 84' lang='lat' dir='ltr'>parecer</span> <span class='ocrx_word' id='word_1_47' title='bbox 1198 490 1250 531; x_wconf 88' lang='lat' dir='ltr'>de</span> <span class='ocrx_word' id='word_1_48' title='bbox 1271 491 1482 544; x_wconf 85' lang='lat' dir='ltr'>sagrados</span> <span class='ocrx_word' id='word_1_49' title='bbox 1515 491 1700 534; x_wconf 84' lang='lat' dir='ltr'>dotores,</span> <span class='ocrx_word' id='word_1_50' title='bbox 1745 491 1948 533; x_wconf 89' lang='lat' dir='ltr'>Tambien</span> 
     </span>
     <span class='ocr_line' id='line_1_6' title="bbox 181 556 1951 610; baseline -0.001 -11"><span class='ocrx_word' id='word_1_51' title='bbox 181 557 356 600; x_wconf 88' lang='lat' dir='ltr'>entendi</span> <span class='ocrx_word' id='word_1_52' title='bbox 389 570 471 610; x_wconf 89' lang='lat' dir='ltr'>que</span> <span class='ocrx_word' id='word_1_53' title='bbox 504 557 543 598; x_wconf 89' lang='lat' dir='ltr'>el</span> <span class='ocrx_word' id='word_1_54' title='bbox 577 556 846 610; x_wconf 85' lang='lat' dir='ltr'>Emperador</span> <span class='ocrx_word' id='word_1_55' title='bbox 869 556 1141 598; x_wconf 84' lang='lat' dir='ltr'>Ferdinando</span> <span class='ocrx_word' id='word_1_56' title='bbox 1175 556 1274 597; x_wconf 89' lang='lat' dir='ltr'>auia</span> <span class='ocrx_word' id='word_1_57' title='bbox 1307 557 1521 598; x_wconf 88' lang='lat' dir='ltr'>mandado</span> <span class='ocrx_word' id='word_1_58' title='bbox 1554 571 1608 598; x_wconf 93' lang='grc' dir='ltr'>ηο</span> <span class='ocrx_word' id='word_1_59' title='bbox 1641 570 1687 598; x_wconf 87' lang='lat' dir='ltr'>se</span> <span class='ocrx_word' id='word_1_60' title='bbox 1720 564 1951 599; x_wconf 76' lang='lat' dir='ltr'>ensenasse</span> 
     </span>
     <span class='ocr_line' id='line_1_7' title="bbox 179 621 1952 676; baseline 0 -12"><span class='ocrx_word' id='word_1_61' title='bbox 179 636 232 664; x_wconf 87' lang='lat' dir='ltr'>en</span> <span class='ocrx_word' id='word_1_62' title='bbox 275 623 490 664; x_wconf 81' lang='lat' dir='ltr'>Alemana</span> <span class='ocrx_word' id='word_1_63' title='bbox 532 621 850 676; x_wconf 89' lang='lat' dir='ltr'>publicamente</span> <span class='ocrx_word' id='word_1_64' title='bbox 893 624 991 664; x_wconf 90' lang='lat' dir='ltr'>otra</span> <span class='ocrx_word' id='word_1_65' title='bbox 1034 621 1205 663; x_wconf 81' lang='lat' dir='ltr'>dotrina</span> <span class='ocrx_word' id='word_1_66' title='bbox 1245 621 1490 663; x_wconf 86' lang='lat' dir='ltr'>Christiana</span> <span class='ocrx_word' id='word_1_67' title='bbox 1531 622 1623 663; x_wconf 88' lang='lat' dir='ltr'>sino</span> <span class='ocrx_word' id='word_1_68' title='bbox 1665 625 1801 671; x_wconf 84' lang='lat' dir='ltr'>esta‘‚</span> <span class='ocrx_word' id='word_1_69' title='bbox 1841 636 1952 676; x_wconf 87' lang='lat' dir='ltr'>cuyo</span> 
     </span>
     <span class='ocr_line' id='line_1_8' title="bbox 180 685 1952 742; baseline -0.001 -12"><span class='ocrx_word' id='word_1_70' title='bbox 180 702 362 742; x_wconf 88' lang='lat' dir='ltr'>parecer</span> <span class='ocrx_word' id='word_1_71' title='bbox 392 702 525 742; x_wconf 85' lang='lat' dir='ltr'>pocos</span> <span class='ocrx_word' id='word_1_72' title='bbox 559 692 665 729; x_wconf 77' lang='lat' dir='ltr'>asios</span> <span class='ocrx_word' id='word_1_73' title='bbox 698 687 884 741; x_wconf 89' lang='lat' dir='ltr'>despues</span> <span class='ocrx_word' id='word_1_74' title='bbox 908 687 1112 728; x_wconf 88' lang='lat' dir='ltr'>confirmo</span> <span class='ocrx_word' id='word_1_75' title='bbox 1146 687 1185 728; x_wconf 92' lang='lat' dir='ltr'>el</span> <span class='ocrx_word' id='word_1_76' title='bbox 1209 687 1302 740; x_wconf 72' lang='lat' dir='ltr'>Rey</span> <span class='ocrx_word' id='word_1_77' title='bbox 1335 691 1510 729; x_wconf 88' lang='lat' dir='ltr'>nuestro</span> <span class='ocrx_word' id='word_1_78' title='bbox 1534 685 1673 738; x_wconf 76' lang='lat' dir='ltr'>senor,</span> <span class='ocrx_word' id='word_1_79' title='bbox 1710 687 1952 729; x_wconf 89' lang='lat' dir='ltr'>mandando</span> 
     </span>
     <span class='ocr_line' id='line_1_9' title="bbox 179 751 1952 806; baseline 0 -12"><span class='ocrx_word' id='word_1_80' title='bbox 179 767 234 794; x_wconf 94' lang='lat' dir='ltr'>no</span> <span class='ocrx_word' id='word_1_81' title='bbox 277 767 324 795; x_wconf 92' lang='lat' dir='ltr'>se</span> <span class='ocrx_word' id='word_1_82' title='bbox 365 753 536 806; x_wconf 88' lang='lat' dir='ltr'>leyesse</span> <span class='ocrx_word' id='word_1_83' title='bbox 578 756 675 795; x_wconf 87' lang='lat' dir='ltr'>otra</span> <span class='ocrx_word' id='word_1_84' title='bbox 718 766 771 793; x_wconf 91' lang='lat' dir='ltr'>en</span> <span class='ocrx_word' id='word_1_85' title='bbox 803 767 876 794; x_wconf 92' lang='lat' dir='ltr'>sus</span> <span class='ocrx_word' id='word_1_86' title='bbox 919 753 1094 794; x_wconf 89' lang='lat' dir='ltr'>estados</span> <span class='ocrx_word' id='word_1_87' title='bbox 1128 753 1179 793; x_wconf 89' lang='lat' dir='ltr'>de</span> <span class='ocrx_word' id='word_1_88' title='bbox 1212 751 1440 801; x_wconf 80' lang='lat' dir='ltr'>Flandes2‚</span> <span class='ocrx_word' id='word_1_89' title='bbox 1484 766 1512 805; x_wconf 89' lang='lat' dir='ltr'><strong>y</strong></span> <span class='ocrx_word' id='word_1_90' title='bbox 1551 766 1636 793; x_wconf 90' lang='lat' dir='ltr'>aun</span> <span class='ocrx_word' id='word_1_91' title='bbox 1677 753 1952 805; x_wconf 87' lang='lat' dir='ltr'>encargando</span> 
     </span>
     <span class='ocr_line' id='line_1_10' title="bbox 181 817 1951 871; baseline 0 -12"><span class='ocrx_word' id='word_1_92' title='bbox 181 819 335 860; x_wconf 80' lang='lat' dir='ltr'>muclio</span> <span class='ocrx_word' id='word_1_93' title='bbox 369 833 394 860; x_wconf 92' lang='lat' dir='ltr'>a</span> <span class='ocrx_word' id='word_1_94' title='bbox 426 819 492 860; x_wconf 95' lang='lat' dir='ltr'>los</span> <span class='ocrx_word' id='word_1_95' title='bbox 527 831 609 870; x_wconf 88' lang='lat' dir='ltr'>que</span> <span class='ocrx_word' id='word_1_96' title='bbox 642 817 683 858; x_wconf 95' lang='lat' dir='ltr'>lo</span> <span class='ocrx_word' id='word_1_97' title='bbox 716 817 873 871; x_wconf 90' lang='lat' dir='ltr'>podian</span> <span class='ocrx_word' id='word_1_98' title='bbox 907 817 1049 868; x_wconf 83' lang='lat' dir='ltr'>hazer,</span> <span class='ocrx_word' id='word_1_99' title='bbox 1092 818 1135 859; x_wconf 82' lang='lat' dir='ltr'>la</span> <span class='ocrx_word' id='word_1_100' title='bbox 1177 817 1465 859; x_wconf 83' lang='lat' dir='ltr'>traduxessen</span> <span class='ocrx_word' id='word_1_101' title='bbox 1501 831 1553 858; x_wconf 90' lang='lat' dir='ltr'>en</span> <span class='ocrx_word' id='word_1_102' title='bbox 1597 821 1716 859; x_wconf 87' lang='lat' dir='ltr'>otras</span> <span class='ocrx_word' id='word_1_103' title='bbox 1758 818 1951 870; x_wconf 88' lang='lat' dir='ltr'>lenguas,</span> 
     </span>
     <span class='ocr_line' id='line_1_11' title="bbox 180 882 1953 937; baseline 0 -12"><span class='ocrx_word' id='word_1_104' title='bbox 180 898 289 937; x_wconf 89' lang='lat' dir='ltr'>para</span> <span class='ocrx_word' id='word_1_105' title='bbox 322 897 404 937; x_wconf 88' lang='lat' dir='ltr'>que</span> <span class='ocrx_word' id='word_1_106' title='bbox 446 897 540 925; x_wconf 90' lang='lat' dir='ltr'>mas</span> <span class='ocrx_word' id='word_1_107' title='bbox 582 885 737 936; x_wconf 78' lang='lat' dir='ltr'>gentes</span> <span class='ocrx_word' id='word_1_108' title='bbox 779 883 1009 937; x_wconf 90' lang='lat' dir='ltr'>pudiessen</span> <span class='ocrx_word' id='word_1_109' title='bbox 1050 896 1182 935; x_wconf 86' lang='lat' dir='ltr'>gozar</span> <span class='ocrx_word' id='word_1_110' title='bbox 1225 883 1346 924; x_wconf 86' lang='lat' dir='ltr'>deste</span> <span class='ocrx_word' id='word_1_111' title='bbox 1388 882 1647 925; x_wconf 88' lang='lat' dir='ltr'>thesoro....</span> <span class='ocrx_word' id='word_1_112' title='bbox 1700 883 1865 924; x_wconf 90' lang='lat' dir='ltr'>Viendo</span> <span class='ocrx_word' id='word_1_113' title='bbox 1898 897 1953 937; x_wconf 89' lang='lat' dir='ltr'>yo</span> 
     </span>
     <span class='ocr_line' id='line_1_12' title="bbox 181 947 1956 1002; baseline -0.001 -12"><span class='ocrx_word' id='word_1_114' title='bbox 181 951 277 991; x_wconf 86' lang='lat' dir='ltr'>esto</span> <span class='ocrx_word' id='word_1_115' title='bbox 309 964 337 1002; x_wconf 90' lang='lat' dir='ltr'>y</span> <span class='ocrx_word' id='word_1_116' title='bbox 371 948 612 990; x_wconf 88' lang='lat' dir='ltr'>desseando</span> <span class='ocrx_word' id='word_1_117' title='bbox 653 948 924 1002; x_wconf 87' lang='lat' dir='ltr'>aprouechar</span> <span class='ocrx_word' id='word_1_118' title='bbox 967 962 992 990; x_wconf 86' lang='lat' dir='ltr'>a</span> <span class='ocrx_word' id='word_1_119' title='bbox 1025 947 1081 988; x_wconf 91' lang='lat' dir='ltr'>mi</span> <span class='ocrx_word' id='word_1_120' title='bbox 1116 948 1284 997; x_wconf 88' lang='lat' dir='ltr'>naci0n‚</span> <span class='ocrx_word' id='word_1_121' title='bbox 1328 962 1355 1000; x_wconf 81' lang='lat' dir='ltr'><strong>y</strong></span> <span class='ocrx_word' id='word_1_122' title='bbox 1389 961 1441 989; x_wconf 92' lang='lat' dir='ltr'>en</span> <span class='ocrx_word' id='word_1_123' title='bbox 1475 950 1572 990; x_wconf 87' lang='lat' dir='ltr'>esta</span> <span class='ocrx_word' id='word_1_124' title='bbox 1612 951 1736 1001; x_wconf 84' lang='lat' dir='ltr'>parte</span> <span class='ocrx_word' id='word_1_125' title='bbox 1775 947 1956 1002; x_wconf 86' lang='lat' dir='ltr'>cumplir</span> 
     </span>
     <span class='ocr_line' id='line_1_13' title="bbox 181 1013 1869 1067; baseline 0.001 -13"><span class='ocrx_word' id='word_1_126' title='bbox 181 1013 224 1055; x_wconf 87' lang='lat' dir='ltr'>la</span> <span class='ocrx_word' id='word_1_127' title='bbox 256 1014 465 1056; x_wconf 89' lang='lat' dir='ltr'>voluntad</span> <span class='ocrx_word' id='word_1_128' title='bbox 501 1013 553 1054; x_wconf 91' lang='lat' dir='ltr'>de</span> <span class='ocrx_word' id='word_1_129' title='bbox 585 1013 641 1054; x_wconf 88' lang='lat' dir='ltr'>mi</span> <span class='ocrx_word' id='word_1_130' title='bbox 677 1013 785 1067; x_wconf 84' lang='lat' dir='ltr'>Rey,</span> <span class='ocrx_word' id='word_1_131' title='bbox 819 1013 1008 1055; x_wconf 83' lang='lat' dir='ltr'>traduxe</span> <span class='ocrx_word' id='word_1_132' title='bbox 1041 1014 1137 1055; x_wconf 86' lang='lat' dir='ltr'>esta</span> <span class='ocrx_word' id='word_1_133' title='bbox 1170 1013 1344 1055; x_wconf 77' lang='lat' dir='ltr'><strong>dotrina</strong></span> <span class='ocrx_word' id='word_1_134' title='bbox 1376 1027 1429 1054; x_wconf 90' lang='lat' dir='ltr'>en</span> <span class='ocrx_word' id='word_1_135' title='bbox 1461 1016 1642 1054; x_wconf 87' lang='lat' dir='ltr'>nuestra</span> <span class='ocrx_word' id='word_1_136' title='bbox 1675 1013 1869 1066; x_wconf 80' lang='lat' dir='ltr'>lengua.“</span> 
     </span>
    </p>
   </div>
   <div class='ocr_carea' id='block_1_3' title="bbox 180 1127 494 1164">
    <p class='ocr_par' dir='ltr' id='par_1_3' title="bbox 180 1127 494 1164">
     <span class='ocr_line' id='line_1_14' title="bbox 180 1127 494 1164; baseline 0.003 -1"><span class='ocrx_word' id='word_1_137' title='bbox 180 1127 325 1164; x_wconf 73' lang='lat'>1199.</span> <span class='ocrx_word' id='word_1_138' title='bbox 401 1128 494 1164; x_wconf 79' lang='lat'>1576.</span> 
     </span>
    </p>
   </div>
   <div class='ocr_carea' id='block_1_4' title="bbox 299 1194 1299 1298">
    <p class='ocr_par' dir='ltr' id='par_1_4' title="bbox 299 1194 1299 1298">
     <span class='ocr_line' id='line_1_15' title="bbox 299 1194 1016 1240; baseline -0.001 -11"><span class='ocrx_word' id='word_1_139' title='bbox 299 1195 353 1229; x_wconf 78' lang='lat' dir='ltr'>Ex</span> <span class='ocrx_word' id='word_1_140' title='bbox 380 1195 622 1240; x_wconf 85' lang='lat' dir='ltr'>autographo;</span> <span class='ocrx_word' id='word_1_141' title='bbox 661 1194 780 1229; x_wconf 85' lang='lat' dir='ltr'>Germ.</span> <span class='ocrx_word' id='word_1_142' title='bbox 805 1195 870 1229; x_wconf 87' lang='grc'>137</span> <span class='ocrx_word' id='word_1_143' title='bbox 899 1195 923 1228; x_wconf 88' lang='lat' dir='ltr'>f.</span> <span class='ocrx_word' id='word_1_144' title='bbox 945 1196 1016 1229; x_wconf 68' lang='lat'>912.</span> 
     </span>
     <span class='ocr_line' id='line_1_16' title="bbox 301 1255 1299 1298; baseline 0 -10"><span class='ocrx_word' id='word_1_145' title='bbox 301 1256 351 1288; x_wconf 83' lang='lat' dir='ltr'>De</span> <span class='ocrx_word' id='word_1_146' title='bbox 377 1255 635 1298; x_wconf 75' lang='lat' dir='ltr'>approbatione</span> <span class='ocrx_word' id='word_1_147' title='bbox 661 1266 806 1298; x_wconf 71' lang='lat' dir='ltr'>operum</span> <span class='ocrx_word' id='word_1_148' title='bbox 837 1256 903 1289; x_wconf 87' lang='lat' dir='ltr'>PP.</span> <span class='ocrx_word' id='word_1_149' title='bbox 929 1256 1069 1288; x_wconf 69' lang='lat' dir='ltr'>Cam&#39;sii</span> <span class='ocrx_word' id='word_1_150' title='bbox 1093 1260 1122 1287; x_wconf 78' lang='lat' dir='ltr'>et</span> <span class='ocrx_word' id='word_1_151' title='bbox 1148 1255 1299 1288; x_wconf 75' lang='lat' dir='ltr'>Peltani.</span> 
     </span>
    </p>
   </div>
   <div class='ocr_carea' id='block_1_5' title="bbox 178 1324 1959 2225">
    <p class='ocr_par' dir='ltr' id='par_1_5' title="bbox 178 1324 1958 1907">
     <span class='ocr_line' id='line_1_17' title="bbox 299 1324 1956 1371; baseline -0.002 -11"><span class='ocrx_word' id='word_1_152' title='bbox 299 1326 337 1360; x_wconf 92' lang='lat' dir='ltr'>P.</span> <span class='ocrx_word' id='word_1_153' title='bbox 365 1327 541 1369; x_wconf 76' lang='lat' dir='ltr'>Hoffaeus</span> <span class='ocrx_word' id='word_1_154' title='bbox 578 1326 812 1371; x_wconf 82' lang='lat' dir='ltr'>provincialis</span> <span class='ocrx_word' id='word_1_155' title='bbox 848 1325 1069 1369; x_wconf 84' lang='lat' dir='ltr'>Ingolstadio</span> <span class='ocrx_word' id='word_1_156' title='bbox 1097 1326 1153 1359; x_wconf 79' lang='lat'>24.</span> <span class='ocrx_word' id='word_1_157' title='bbox 1174 1324 1341 1359; x_wconf 82' lang='lat' dir='ltr'><strong>Octobris</strong></span> <span class='ocrx_word' id='word_1_158' title='bbox 1370 1326 1459 1359; x_wconf 91' lang='grc'><strong>1576</strong></span> <span class='ocrx_word' id='word_1_159' title='bbox 1486 1326 1529 1359; x_wconf 84' lang='lat' dir='ltr'>ad</span> <span class='ocrx_word' id='word_1_160' title='bbox 1557 1325 1821 1360; x_wconf 82' lang='lat' dir='ltr'>Mercurianum</span> <span class='ocrx_word' id='word_1_161' title='bbox 1854 1336 1956 1369; x_wconf 81' lang='lat' dir='ltr'>prae-</span> 
     </span>
     <span class='ocr_line' id='line_1_18' title="bbox 179 1377 1956 1424; baseline -0.001 -11"><span class='ocrx_word' id='word_1_162' title='bbox 179 1379 336 1424; x_wconf 87' lang='lat' dir='ltr'>positum</span> <span class='ocrx_word' id='word_1_163' title='bbox 363 1380 569 1424; x_wconf 79' lang='lat' dir='ltr'>generalem</span> <span class='ocrx_word' id='word_1_164' title='bbox 596 1379 685 1413; x_wconf 88' lang='lat' dir='ltr'>haec</span> <span class='ocrx_word' id='word_1_165' title='bbox 720 1379 862 1413; x_wconf 85' lang='lat' dir='ltr'>rettulit</span> <span class='ocrx_word' id='word_1_166' title='bbox 888 1379 931 1413; x_wconf 87' lang='lat' dir='ltr'>de</span> <span class='ocrx_word' id='word_1_167' title='bbox 957 1378 996 1413; x_wconf 87' lang='lat' dir='ltr'>P.</span> <span class='ocrx_word' id='word_1_168' title='bbox 1016 1378 1191 1412; x_wconf 86' lang='lat' dir='ltr'>Theodori</span> <span class='ocrx_word' id='word_1_169' title='bbox 1220 1379 1361 1413; x_wconf 89' lang='lat' dir='ltr'>Peltani</span> <span class='ocrx_word' id='word_1_170' title='bbox 1393 1380 1638 1421; x_wconf 83' lang='lat' dir='ltr'>„Sacrosancti</span> <span class='ocrx_word' id='word_1_171' title='bbox 1667 1378 1815 1412; x_wconf 91' lang='lat' dir='ltr'>Concilii</span> <span class='ocrx_word' id='word_1_172' title='bbox 1843 1377 1956 1422; x_wconf 85' lang='lat' dir='ltr'>Ephe-</span> 
     </span>
     <span class='ocr_line' id='line_1_19' title="bbox 178 1431 1956 1477; baseline -0.002 -10"><span class='ocrx_word' id='word_1_173' title='bbox 178 1434 249 1467; x_wconf 88' lang='lat' dir='ltr'>sini</span> <span class='ocrx_word' id='word_1_174' title='bbox 276 1433 412 1472; x_wconf 80' lang='lat' dir='ltr'>Actis“,</span> <span class='ocrx_word' id='word_1_175' title='bbox 448 1445 539 1477; x_wconf 91' lang='lat' dir='ltr'>quae</span> <span class='ocrx_word' id='word_1_176' title='bbox 575 1433 788 1477; x_wconf 83' lang='lat' dir='ltr'>lngolstadii</span> <span class='ocrx_word' id='word_1_177' title='bbox 815 1445 856 1466; x_wconf 90' lang='lat' dir='ltr'>eo</span> <span class='ocrx_word' id='word_1_178' title='bbox 883 1445 975 1466; x_wconf 90' lang='lat' dir='ltr'>anno</span> <span class='ocrx_word' id='word_1_179' title='bbox 1011 1433 1107 1467; x_wconf 83' lang='lat' dir='ltr'>edita</span> <span class='ocrx_word' id='word_1_180' title='bbox 1139 1436 1224 1466; x_wconf 85' lang='lat' dir='ltr'>sunt</span> <span class='ocrx_word' id='word_1_181' title='bbox 1261 1434 1322 1474; x_wconf 90' lang='lat' dir='ltr'>(cf.</span> <span class='ocrx_word' id='word_1_182' title='bbox 1354 1436 1441 1466; x_wconf 75' lang='lat' dir='ltr'>Gan.</span> <span class='ocrx_word' id='word_1_183' title='bbox 1471 1433 1519 1466; x_wconf 88' lang='grc' dir='ltr'>ΙΙΙ</span> <span class='ocrx_word' id='word_1_184' title='bbox 1545 1433 1645 1475; x_wconf 83' lang='grc'><strong>403).</strong></span> <span class='ocrx_word' id='word_1_185' title='bbox 1682 1434 1717 1466; x_wconf 88' lang='lat' dir='ltr'>et</span> <span class='ocrx_word' id='word_1_186' title='bbox 1753 1432 1795 1465; x_wconf 90' lang='lat' dir='ltr'>de</span> <span class='ocrx_word' id='word_1_187' title='bbox 1823 1431 1956 1466; x_wconf 84' lang='lat' dir='ltr'>Canisii</span> 
     </span>
     <span class='ocr_line' id='line_1_20' title="bbox 180 1485 1956 1532; baseline -0.001 -12"><span class='ocrx_word' id='word_1_188' title='bbox 180 1487 297 1532; x_wconf 86' lang='lat' dir='ltr'>Opere</span> <span class='ocrx_word' id='word_1_189' title='bbox 324 1487 467 1521; x_wconf 73' lang='lat' dir='ltr'>Mariali</span> <span class='ocrx_word' id='word_1_190' title='bbox 494 1487 626 1520; x_wconf 82' lang='lat' dir='ltr'>ibidem</span> <span class='ocrx_word' id='word_1_191' title='bbox 653 1486 751 1532; x_wconf 88' lang='lat' dir='ltr'>typis</span> <span class='ocrx_word' id='word_1_192' title='bbox 778 1487 934 1520; x_wconf 76' lang='lat' dir='ltr'>exscribi</span> <span class='ocrx_word' id='word_1_193' title='bbox 961 1491 1107 1531; x_wconf 85' lang='lat' dir='ltr'>coepto:</span> <span class='ocrx_word' id='word_1_194' title='bbox 1144 1487 1381 1529; x_wconf 78' lang='lat' dir='ltr'>„Procurator</span> <span class='ocrx_word' id='word_1_195' title='bbox 1406 1487 1546 1520; x_wconf 71' lang='lat' dir='ltr'>noster&#39;*</span> <span class='ocrx_word' id='word_1_196' title='bbox 1578 1486 1615 1519; x_wconf 88' lang='lat' dir='ltr'>P.</span> <span class='ocrx_word' id='word_1_197' title='bbox 1644 1487 1793 1519; x_wconf 90' lang='lat' dir='ltr'>loannes</span> <span class='ocrx_word' id='word_1_198' title='bbox 1819 1485 1956 1519; x_wconf 82' lang='lat' dir='ltr'>Raben-</span> 
     </span>
     <span class='ocr_line' id='line_1_21' title="bbox 179 1538 1957 1585; baseline -0.002 -11"><span class='ocrx_word' id='word_1_199' title='bbox 179 1541 272 1575; x_wconf 87' lang='lat' dir='ltr'>stein</span> <span class='ocrx_word' id='word_1_200' title='bbox 299 1540 400 1574; x_wconf 89' lang='lat' dir='ltr'>initio</span> <span class='ocrx_word' id='word_1_201' title='bbox 427 1552 458 1574; x_wconf 88' lang='lat' dir='ltr'>a.</span> <span class='ocrx_word' id='word_1_202' title='bbox 488 1541 578 1574; x_wconf 87' lang='grc'><strong>1576</strong></span> <span class='ocrx_word' id='word_1_203' title='bbox 612 1552 632 1574; x_wconf 90' lang='lat' dir='ltr'>a</span> <span class='ocrx_word' id='word_1_204' title='bbox 659 1540 843 1585; x_wconf 86' lang='lat' dir='ltr'>provincia</span> <span class='ocrx_word' id='word_1_205' title='bbox 870 1539 1017 1573; x_wconf 83' lang='lat' dir='ltr'>Romam</span> <span class='ocrx_word' id='word_1_206' title='bbox 1047 1540 1090 1574; x_wconf 82' lang='lat' dir='ltr'>ad</span> <span class='ocrx_word' id='word_1_207' title='bbox 1119 1541 1360 1584; x_wconf 84' lang='lat' dir='ltr'>praepositum</span> <span class='ocrx_word' id='word_1_208' title='bbox 1388 1540 1593 1583; x_wconf 80' lang='lat' dir='ltr'>generalem</span> <span class='ocrx_word' id='word_1_209' title='bbox 1621 1540 1753 1573; x_wconf 88' lang='lat' dir='ltr'>missus</span> <span class='ocrx_word' id='word_1_210' title='bbox 1781 1539 1831 1582; x_wconf 90' lang='lat' dir='ltr'>(v.</span> <span class='ocrx_word' id='word_1_211' title='bbox 1853 1538 1957 1578; x_wconf 83' lang='lat' dir='ltr'>infra,</span> 
     </span>
     <span class='ocr_line' id='line_1_22' title="bbox 179 1591 1956 1637; baseline -0.002 -9"><span class='ocrx_word' id='word_1_212' title='bbox 179 1606 334 1629; x_wconf 88' lang='lat' dir='ltr'>monum.</span> <span class='ocrx_word' id='word_1_213' title='bbox 354 1595 459 1637; x_wconf 81' lang='grc'><strong>1200)</strong></span> <span class='ocrx_word' id='word_1_214' title='bbox 484 1594 710 1636; x_wconf 80' lang='lat' dir='ltr'>„affirmauit‚</span> <span class='ocrx_word' id='word_1_215' title='bbox 732 1593 992 1627; x_wconf 84' lang='lat' dir='ltr'>Paternitatem</span> <span class='ocrx_word' id='word_1_216' title='bbox 1012 1593 1055 1628; x_wconf 86' lang='lat' dir='ltr'>V.</span> <span class='ocrx_word' id='word_1_217' title='bbox 1075 1593 1243 1627; x_wconf 87' lang='lat' dir='ltr'>demirari</span> <span class='ocrx_word' id='word_1_218' title='bbox 1262 1605 1325 1627; x_wconf 90' lang='lat' dir='ltr'>cur</span> <span class='ocrx_word' id='word_1_219' title='bbox 1344 1593 1423 1627; x_wconf 89' lang='lat' dir='ltr'>libri</span> <span class='ocrx_word' id='word_1_220' title='bbox 1444 1593 1482 1627; x_wconf 88' lang='lat' dir='ltr'>P.</span> <span class='ocrx_word' id='word_1_221' title='bbox 1497 1593 1630 1637; x_wconf 85' lang='lat' dir='ltr'>Canisij</span> <span class='ocrx_word' id='word_1_222' title='bbox 1650 1595 1686 1626; x_wconf 86' lang='lat' dir='ltr'>et</span> <span class='ocrx_word' id='word_1_223' title='bbox 1705 1593 1742 1626; x_wconf 91' lang='lat' dir='ltr'>P.</span> <span class='ocrx_word' id='word_1_224' title='bbox 1766 1591 1904 1626; x_wconf 85' lang='lat' dir='ltr'>Peltani</span> <span class='ocrx_word' id='word_1_225' title='bbox 1922 1591 1956 1625; x_wconf 89' lang='lat' dir='ltr'>in</span> 
     </span>
     <span class='ocr_line' id='line_1_23' title="bbox 179 1646 1955 1691; baseline -0.002 -10"><span class='ocrx_word' id='word_1_226' title='bbox 179 1649 305 1682; x_wconf 90' lang='lat' dir='ltr'>vrbem</span> <span class='ocrx_word' id='word_1_227' title='bbox 342 1648 443 1681; x_wconf 89' lang='lat' dir='ltr'>missi</span> <span class='ocrx_word' id='word_1_228' title='bbox 479 1659 548 1681; x_wconf 92' lang='lat' dir='ltr'>non</span> <span class='ocrx_word' id='word_1_229' title='bbox 585 1647 658 1681; x_wconf 90' lang='lat' dir='ltr'>sint</span> <span class='ocrx_word' id='word_1_230' title='bbox 694 1647 904 1691; x_wconf 90' lang='lat' dir='ltr'>priusquam</span> <span class='ocrx_word' id='word_1_231' title='bbox 941 1647 1242 1691; x_wconf 84' lang='lat' dir='ltr'>imprimerentur.</span> <span class='ocrx_word' id='word_1_232' title='bbox 1295 1647 1370 1690; x_wconf 83' lang='lat' dir='ltr'>Ego</span> <span class='ocrx_word' id='word_1_233' title='bbox 1406 1659 1492 1680; x_wconf 93' lang='lat' dir='ltr'>vero</span> <span class='ocrx_word' id='word_1_234' title='bbox 1528 1646 1662 1680; x_wconf 79' lang='lat' dir='ltr'>nullam</span> <span class='ocrx_word' id='word_1_235' title='bbox 1699 1646 1955 1680; x_wconf 74' lang='lat' dir='ltr'>ordinationem</span> 
     </span>
     <span class='ocr_line' id='line_1_24' title="bbox 179 1699 1958 1745; baseline -0.002 -10"><span class='ocrx_word' id='word_1_236' title='bbox 179 1701 325 1735; x_wconf 86' lang='lat' dir='ltr'>memini</span> <span class='ocrx_word' id='word_1_237' title='bbox 351 1713 443 1745; x_wconf 88' lang='lat' dir='ltr'>quae</span> <span class='ocrx_word' id='word_1_238' title='bbox 470 1701 537 1735; x_wconf 89' lang='lat' dir='ltr'>hoc</span> <span class='ocrx_word' id='word_1_239' title='bbox 555 1713 650 1734; x_wconf 82' lang='lat' dir='ltr'>ame</span> <span class='ocrx_word' id='word_1_240' title='bbox 676 1700 886 1745; x_wconf 80' lang='lat' dir='ltr'>postularet.</span> <span class='ocrx_word' id='word_1_241' title='bbox 926 1700 1062 1735; x_wconf 85' lang='lat' dir='ltr'>Deinde</span> <span class='ocrx_word' id='word_1_242' title='bbox 1089 1702 1147 1735; x_wconf 85' lang='lat' dir='ltr'>isti</span> <span class='ocrx_word' id='word_1_243' title='bbox 1176 1701 1245 1734; x_wconf 92' lang='lat' dir='ltr'>duo</span> <span class='ocrx_word' id='word_1_244' title='bbox 1264 1701 1392 1734; x_wconf 84' lang='lat' dir='ltr'>Patres</span> <span class='ocrx_word' id='word_1_245' title='bbox 1410 1701 1453 1734; x_wconf 91' lang='lat' dir='ltr'>de</span> <span class='ocrx_word' id='word_1_246' title='bbox 1479 1701 1554 1734; x_wconf 89' lang='lat' dir='ltr'>suis</span> <span class='ocrx_word' id='word_1_247' title='bbox 1580 1700 1682 1733; x_wconf 89' lang='lat' dir='ltr'>libris</span> <span class='ocrx_word' id='word_1_248' title='bbox 1708 1711 1771 1744; x_wconf 90' lang='lat' dir='ltr'>per</span> <span class='ocrx_word' id='word_1_249' title='bbox 1795 1699 1958 1744; x_wconf 83' lang='lat' dir='ltr'>proprias</span> 
     </span>
     <span class='ocr_line' id='line_1_25' title="bbox 180 1753 1958 1800; baseline -0.002 -12"><span class='ocrx_word' id='word_1_250' title='bbox 180 1754 306 1789; x_wconf 87' lang='lat' dir='ltr'>literas</span> <span class='ocrx_word' id='word_1_251' title='bbox 332 1755 425 1800; x_wconf 88' lang='lat' dir='ltr'>apud</span> <span class='ocrx_word' id='word_1_252' title='bbox 454 1755 494 1788; x_wconf 91' lang='lat' dir='ltr'>P.</span> <span class='ocrx_word' id='word_1_253' title='bbox 513 1754 556 1789; x_wconf 91' lang='lat' dir='ltr'>V.</span> <span class='ocrx_word' id='word_1_254' title='bbox 584 1756 746 1798; x_wconf 83' lang='lat' dir='ltr'>egerunt,</span> <span class='ocrx_word' id='word_1_255' title='bbox 783 1757 819 1787; x_wconf 84' lang='lat' dir='ltr'>et</span> <span class='ocrx_word' id='word_1_256' title='bbox 845 1754 953 1788; x_wconf 87' lang='lat' dir='ltr'>etiam</span> <span class='ocrx_word' id='word_1_257' title='bbox 986 1754 1102 1788; x_wconf 85' lang='lat' dir='ltr'>literis</span> <span class='ocrx_word' id='word_1_258' title='bbox 1128 1754 1169 1789; x_wconf 83' lang='lat' dir='ltr'>P.</span> <span class='ocrx_word' id='word_1_259' title='bbox 1191 1754 1233 1789; x_wconf 95' lang='lat' dir='ltr'>V.</span> <span class='ocrx_word' id='word_1_260' title='bbox 1261 1754 1304 1788; x_wconf 81' lang='lat' dir='ltr'>ad</span> <span class='ocrx_word' id='word_1_261' title='bbox 1332 1754 1560 1788; x_wconf 86' lang='lat' dir='ltr'>scribendum</span> <span class='ocrx_word' id='word_1_262' title='bbox 1587 1758 1624 1788; x_wconf 88' lang='lat' dir='ltr'>et</span> <span class='ocrx_word' id='word_1_263' title='bbox 1650 1753 1893 1797; x_wconf 83' lang='lat' dir='ltr'>euulganduin</span> <span class='ocrx_word' id='word_1_264' title='bbox 1919 1763 1958 1786; x_wconf 89' lang='lat' dir='ltr'>se</span> 
     </span>
     <span class='ocr_line' id='line_1_26' title="bbox 181 1806 1957 1852; baseline -0.002 -10"><span class='ocrx_word' id='word_1_265' title='bbox 181 1809 343 1849; x_wconf 84' lang='lat' dir='ltr'>animari,</span> <span class='ocrx_word' id='word_1_266' title='bbox 369 1809 441 1842; x_wconf 89' lang='lat' dir='ltr'>imo</span> <span class='ocrx_word' id='word_1_267' title='bbox 467 1811 503 1842; x_wconf 89' lang='lat' dir='ltr'>et</span> <span class='ocrx_word' id='word_1_268' title='bbox 531 1809 652 1852; x_wconf 86' lang='lat' dir='ltr'>vrgeri</span> <span class='ocrx_word' id='word_1_269' title='bbox 679 1807 767 1841; x_wconf 86' lang='lat' dir='ltr'>mibi</span> <span class='ocrx_word' id='word_1_270' title='bbox 794 1808 883 1842; x_wconf 86' lang='lat' dir='ltr'>fassi</span> <span class='ocrx_word' id='word_1_271' title='bbox 911 1812 1004 1849; x_wconf 89' lang='lat' dir='ltr'>sunt,</span> <span class='ocrx_word' id='word_1_272' title='bbox 1033 1811 1073 1842; x_wconf 92' lang='lat' dir='ltr'>vt</span> <span class='ocrx_word' id='word_1_273' title='bbox 1099 1820 1166 1852; x_wconf 88' lang='lat' dir='ltr'>ego</span> <span class='ocrx_word' id='word_1_274' title='bbox 1194 1808 1237 1842; x_wconf 90' lang='lat' dir='ltr'>de</span> <span class='ocrx_word' id='word_1_275' title='bbox 1264 1808 1421 1852; x_wconf 88' lang='lat' dir='ltr'>ipsorum</span> <span class='ocrx_word' id='word_1_276' title='bbox 1449 1807 1550 1842; x_wconf 89' lang='lat' dir='ltr'>libris</span> <span class='ocrx_word' id='word_1_277' title='bbox 1577 1808 1695 1841; x_wconf 87' lang='lat' dir='ltr'>minus</span> <span class='ocrx_word' id='word_1_278' title='bbox 1721 1806 1807 1840; x_wconf 89' lang='lat' dir='ltr'>mihi</span> <span class='ocrx_word' id='word_1_279' title='bbox 1834 1817 1957 1840; x_wconf 86' lang='lat' dir='ltr'>curan-</span> 
     </span>
     <span class='ocr_line' id='line_1_27' title="bbox 182 1862 481 1907; baseline 0.003 -12"><span class='ocrx_word' id='word_1_280' title='bbox 182 1862 265 1896; x_wconf 91' lang='lat' dir='ltr'>dum</span> <span class='ocrx_word' id='word_1_281' title='bbox 293 1863 481 1907; x_wconf 86' lang='lat' dir='ltr'>putarim.“</span> 
     </span>
    </p>

    <p class='ocr_par' dir='ltr' id='par_1_6' title="bbox 179 1913 1959 2225">
     <span class='ocr_line' id='line_1_28' title="bbox 299 1913 1957 1959; baseline -0.001 -10"><span class='ocrx_word' id='word_1_282' title='bbox 299 1916 377 1949; x_wconf 88' lang='lat' dir='ltr'>Hoc</span> <span class='ocrx_word' id='word_1_283' title='bbox 403 1916 547 1959; x_wconf 89' lang='lat' dir='ltr'>quidem</span> <span class='ocrx_word' id='word_1_284' title='bbox 566 1915 757 1950; x_wconf 84' lang='lat' dir='ltr'>Societatis</span> <span class='ocrx_word' id='word_1_285' title='bbox 780 1916 1100 1949; x_wconf 74' lang='lat' dir='ltr'>Constitutiom&#39;bns</span> <span class='ocrx_word' id='word_1_286' title='bbox 1126 1918 1270 1949; x_wconf 87' lang='lat' dir='ltr'>cautum</span> <span class='ocrx_word' id='word_1_287' title='bbox 1291 1918 1379 1954; x_wconf 83' lang='lat' dir='ltr'>erat,</span> <span class='ocrx_word' id='word_1_288' title='bbox 1406 1927 1450 1948; x_wconf 90' lang='lat' dir='ltr'>ne</span> <span class='ocrx_word' id='word_1_289' title='bbox 1477 1914 1573 1948; x_wconf 89' lang='lat' dir='ltr'>ullus</span> <span class='ocrx_word' id='word_1_290' title='bbox 1592 1914 1682 1948; x_wconf 89' lang='lat' dir='ltr'>liber</span> <span class='ocrx_word' id='word_1_291' title='bbox 1704 1914 1800 1956; x_wconf 84' lang='lat' dir='ltr'>„sine</span> <span class='ocrx_word' id='word_1_292' title='bbox 1826 1913 1957 1947; x_wconf 84' lang='lat' dir='ltr'>exami-</span> 
     </span>
     <span class='ocr_line' id='line_1_29' title="bbox 179 1967 1957 2014; baseline -0.001 -12"><span class='ocrx_word' id='word_1_293' title='bbox 179 1969 324 2003; x_wconf 85' lang='lat' dir='ltr'>natione</span> <span class='ocrx_word' id='word_1_294' title='bbox 361 1972 397 2003; x_wconf 90' lang='lat' dir='ltr'>et</span> <span class='ocrx_word' id='word_1_295' title='bbox 430 1969 688 2014; x_wconf 82' lang='lat' dir='ltr'>approbatione</span> <span class='ocrx_word' id='word_1_296' title='bbox 724 1969 874 2013; x_wconf 86' lang='lat' dir='ltr'>speciali</span> <span class='ocrx_word' id='word_1_297' title='bbox 905 1969 1104 2013; x_wconf 80' lang='lat' dir='ltr'>Praepositi</span> <span class='ocrx_word' id='word_1_298' title='bbox 1133 1968 1340 2002; x_wconf 70' lang='lat' dir='ltr'>Generalis⁴⁴</span> <span class='ocrx_word' id='word_1_299' title='bbox 1372 1968 1407 2002; x_wconf 92' lang='lat' dir='ltr'>in</span> <span class='ocrx_word' id='word_1_300' title='bbox 1443 1968 1557 2002; x_wconf 86' lang='lat' dir='ltr'>lucem</span> <span class='ocrx_word' id='word_1_301' title='bbox 1585 1969 1810 2001; x_wconf 82' lang='lat' dir='ltr'>emitteretur</span> <span class='ocrx_word' id='word_1_302' title='bbox 1843 1967 1898 2009; x_wconf 84' lang='lat' dir='ltr'>(P.</span> <span class='ocrx_word' id='word_1_303' title='bbox 1925 1969 1957 2001; x_wconf 87' lang='lat'>4,</span> 
     </span>
     <span class='ocr_line' id='line_1_30' title="bbox 179 2020 1949 2067; baseline -0.002 -10"><span class='ocrx_word' id='word_1_304' title='bbox 179 2034 209 2057; x_wconf 87' lang='lat' dir='ltr'>c.</span> <span class='ocrx_word' id='word_1_305' title='bbox 229 2023 260 2060; x_wconf 93' lang='grc'>6,</span> <span class='ocrx_word' id='word_1_306' title='bbox 288 2023 336 2063; x_wconf 87' lang='lat' dir='ltr'>O;</span> <span class='ocrx_word' id='word_1_307' title='bbox 364 2024 409 2058; x_wconf 89' lang='lat' dir='ltr'>cf.</span> <span class='ocrx_word' id='word_1_308' title='bbox 438 2024 476 2057; x_wconf 91' lang='lat' dir='ltr'>P.</span> <span class='ocrx_word' id='word_1_309' title='bbox 501 2024 532 2062; x_wconf 84' lang='lat'>3,</span> <span class='ocrx_word' id='word_1_310' title='bbox 560 2035 588 2057; x_wconf 90' lang='lat' dir='ltr'>c.</span> <span class='ocrx_word' id='word_1_311' title='bbox 611 2025 640 2063; x_wconf 84' lang='lat'>1,</span> <span class='ocrx_word' id='word_1_312' title='bbox 667 2022 800 2065; x_wconf 79' lang='lat' dir='ltr'>n.18);</span> <span class='ocrx_word' id='word_1_313' title='bbox 836 2023 905 2056; x_wconf 82' lang='lat' dir='ltr'>iam</span> <span class='ocrx_word' id='word_1_314' title='bbox 943 2026 1063 2056; x_wconf 89' lang='lat' dir='ltr'>autem</span> <span class='ocrx_word' id='word_1_315' title='bbox 1099 2025 1246 2067; x_wconf 88' lang='lat' dir='ltr'>propter</span> <span class='ocrx_word' id='word_1_316' title='bbox 1279 2022 1449 2056; x_wconf 89' lang='lat' dir='ltr'>librorum</span> <span class='ocrx_word' id='word_1_317' title='bbox 1486 2021 1752 2055; x_wconf 77' lang='lat' dir='ltr'>multitudinem</span> <span class='ocrx_word' id='word_1_318' title='bbox 1788 2020 1949 2064; x_wconf 82' lang='lat' dir='ltr'>aliasque</span> 
     </span>
     <span class='ocr_line' id='line_1_31' title="bbox 179 2075 1959 2121; baseline -0.002 -11"><span class='ocrx_word' id='word_1_319' title='bbox 179 2076 415 2111; x_wconf 88' lang='lat' dir='ltr'>difficultates</span> <span class='ocrx_word' id='word_1_320' title='bbox 442 2089 484 2110; x_wconf 89' lang='lat' dir='ltr'>ea</span> <span class='ocrx_word' id='word_1_321' title='bbox 519 2077 739 2121; x_wconf 86' lang='lat' dir='ltr'>approbandi</span> <span class='ocrx_word' id='word_1_322' title='bbox 778 2076 935 2110; x_wconf 76' lang='lat' dir='ltr'>facultas</span> <span class='ocrx_word' id='word_1_323' title='bbox 963 2088 983 2110; x_wconf 89' lang='lat' dir='ltr'>a</span> <span class='ocrx_word' id='word_1_324' title='bbox 1010 2076 1225 2120; x_wconf 82' lang='lat' dir='ltr'>praepositis</span> <span class='ocrx_word' id='word_1_325' title='bbox 1261 2075 1490 2118; x_wconf 80' lang='lat' dir='ltr'>generalibus</span> <span class='ocrx_word' id='word_1_326' title='bbox 1526 2075 1647 2118; x_wconf 76' lang='lat' dir='ltr'>aliqua</span> <span class='ocrx_word' id='word_1_327' title='bbox 1683 2087 1727 2108; x_wconf 87' lang='lat' dir='ltr'>ex</span> <span class='ocrx_word' id='word_1_328' title='bbox 1754 2077 1856 2119; x_wconf 82' lang='lat' dir='ltr'>parte</span> <span class='ocrx_word' id='word_1_329' title='bbox 1883 2086 1959 2119; x_wconf 90' lang='lat' dir='ltr'>pro-</span> 
     </span>
     <span class='ocr_line' id='line_1_32' title="bbox 181 2127 1958 2175; baseline -0.002 -10"><span class='ocrx_word' id='word_1_330' title='bbox 181 2131 394 2165; x_wconf 91' lang='lat' dir='ltr'>vincialibus</span> <span class='ocrx_word' id='word_1_331' title='bbox 421 2130 579 2173; x_wconf 83' lang='lat' dir='ltr'>delegari</span> <span class='ocrx_word' id='word_1_332' title='bbox 599 2134 726 2175; x_wconf 87' lang='lat' dir='ltr'>coepta</span> <span class='ocrx_word' id='word_1_333' title='bbox 745 2133 840 2165; x_wconf 82' lang='lat' dir='ltr'>erat:</span> <span class='ocrx_word' id='word_1_334' title='bbox 869 2130 914 2163; x_wconf 84' lang='lat' dir='ltr'>cf.</span> <span class='ocrx_word' id='word_1_335' title='bbox 935 2132 984 2164; x_wconf 88' lang='lat' dir='ltr'>M.</span> <span class='ocrx_word' id='word_1_336' title='bbox 1004 2130 1224 2163; x_wconf 57' lang='lat' dir='ltr'>Remmiam</span> <span class='ocrx_word' id='word_1_337' title='bbox 1244 2129 1275 2163; x_wconf 78' lang='lat' dir='ltr'>S.</span> <span class='ocrx_word' id='word_1_338' title='bbox 1297 2130 1340 2167; x_wconf 71' lang='lat' dir='ltr'>J..</span> <span class='ocrx_word' id='word_1_339' title='bbox 1365 2128 1688 2170; x_wconf 74' lang='lat' dir='ltr'>„Ordenszensu1·“,</span> <span class='ocrx_word' id='word_1_340' title='bbox 1709 2130 1741 2162; x_wconf 92' lang='lat' dir='ltr'>in</span> <span class='ocrx_word' id='word_1_341' title='bbox 1765 2127 1958 2170; x_wconf 79' lang='lat' dir='ltr'>„Stimmen</span> 
     </span>
     <span class='ocr_line' id='line_1_33' title="bbox 179 2183 1478 2225; baseline -0.003 -6"><span class='ocrx_word' id='word_1_342' title='bbox 179 2196 244 2219; x_wconf 85' lang='lat' dir='ltr'>aus</span> <span class='ocrx_word' id='word_1_343' title='bbox 272 2183 546 2218; x_wconf 78' lang='lat' dir='ltr'>Maria-Laacl1“</span> <span class='ocrx_word' id='word_1_344' title='bbox 579 2183 791 2223; x_wconf 76' lang='lat' dir='ltr'>LXXXVII,</span> <span class='ocrx_word' id='word_1_345' title='bbox 819 2183 993 2225; x_wconf 85' lang='lat' dir='ltr'>Freiburg</span> <span class='ocrx_word' id='word_1_346' title='bbox 1021 2183 1041 2216; x_wconf 90' lang='lat' dir='ltr'>i.</span> <span class='ocrx_word' id='word_1_347' title='bbox 1062 2183 1120 2216; x_wconf 86' lang='lat' dir='ltr'>Br.</span> <span class='ocrx_word' id='word_1_348' title='bbox 1151 2183 1252 2218; x_wconf 78' lang='lat'>1914.</span> <span class='ocrx_word' id='word_1_349' title='bbox 1282 2183 1478 2216; x_wconf 75' lang='lat'>151—154.</span> 
     </span>
    </p>
   </div>
   <div class='ocr_carea' id='block_1_6' title="bbox 181 2287 864 2325">
    <p class='ocr_par' dir='ltr' id='par_1_7' title="bbox 181 2287 864 2325">
     <span class='ocr_line' id='line_1_34' title="bbox 181 2287 864 2325; baseline 0 -1"><span class='ocrx_word' id='word_1_350' title='bbox 181 2289 340 2325; x_wconf 73' lang='lat'>1200.</span> <span class='ocrx_word' id='word_1_351' title='bbox 417 2288 556 2324; x_wconf 78' lang='lat' dir='ltr'>ll.—-l!).</span> <span class='ocrx_word' id='word_1_352' title='bbox 578 2287 742 2324; x_wconf 85' lang='lat' dir='ltr'>Ianuarii</span> <span class='ocrx_word' id='word_1_353' title='bbox 773 2288 864 2324; x_wconf 78' lang='lat'>1576.</span> 
     </span>
    </p>
   </div>
   <div class='ocr_carea' id='block_1_7' title="bbox 179 2353 1959 2719">
    <p class='ocr_par' dir='ltr' id='par_1_8' title="bbox 179 2353 1959 2719">
     <span class='ocr_line' id='line_1_35' title="bbox 300 2353 1958 2398; baseline -0.002 -10"><span class='ocrx_word' id='word_1_354' title='bbox 300 2355 355 2388; x_wconf 86' lang='lat' dir='ltr'>Ex</span> <span class='ocrx_word' id='word_1_355' title='bbox 383 2354 677 2398; x_wconf 86' lang='lat' dir='ltr'>congregationis</span> <span class='ocrx_word' id='word_1_356' title='bbox 695 2355 799 2388; x_wconf 87' lang='lat' dir='ltr'>Actis</span> <span class='ocrx_word' id='word_1_357' title='bbox 825 2353 1056 2395; x_wconf 85' lang='lat' dir='ltr'>authenticis,</span> <span class='ocrx_word' id='word_1_358' title='bbox 1083 2353 1232 2387; x_wconf 83' lang='lat' dir='ltr'>Romam</span> <span class='ocrx_word' id='word_1_359' title='bbox 1261 2354 1303 2388; x_wconf 85' lang='lat' dir='ltr'>ad</span> <span class='ocrx_word' id='word_1_360' title='bbox 1328 2353 1547 2387; x_wconf 81' lang='lat' dir='ltr'>Everarduni</span> <span class='ocrx_word' id='word_1_361' title='bbox 1569 2353 1833 2387; x_wconf 85' lang='lat' dir='ltr'>Mercurianum</span> <span class='ocrx_word' id='word_1_362' title='bbox 1861 2362 1958 2396; x_wconf 83' lang='lat' dir='ltr'>prae-</span> 
     </span>
     <span class='ocr_line' id='line_1_36' title="bbox 180 2405 1958 2452; baseline -0.002 -11"><span class='ocrx_word' id='word_1_363' title='bbox 180 2408 337 2452; x_wconf 86' lang='lat' dir='ltr'>positum</span> <span class='ocrx_word' id='word_1_364' title='bbox 365 2407 572 2451; x_wconf 85' lang='lat' dir='ltr'>generalem</span> <span class='ocrx_word' id='word_1_365' title='bbox 600 2408 761 2452; x_wconf 77' lang='lat' dir='ltr'>perlatis,</span> <span class='ocrx_word' id='word_1_366' title='bbox 790 2419 881 2452; x_wconf 90' lang='lat' dir='ltr'>quae</span> <span class='ocrx_word' id='word_1_367' title='bbox 909 2409 1056 2441; x_wconf 83' lang='lat' dir='ltr'>exstant</span> <span class='ocrx_word' id='word_1_368' title='bbox 1082 2407 1116 2440; x_wconf 93' lang='lat' dir='ltr'>in</span> <span class='ocrx_word' id='word_1_369' title='bbox 1137 2407 1267 2441; x_wconf 87' lang='lat' dir='ltr'>Codice</span> <span class='ocrx_word' id='word_1_370' title='bbox 1290 2408 1439 2449; x_wconf 60' lang='lat' dir='ltr'>„Congu</span> <span class='ocrx_word' id='word_1_371' title='bbox 1460 2407 1525 2441; x_wconf 63' lang='lat'>42*</span> <span class='ocrx_word' id='word_1_372' title='bbox 1557 2409 1580 2440; x_wconf 82' lang='lat' dir='ltr'>t&#39;.</span> <span class='ocrx_word' id='word_1_373' title='bbox 1604 2406 1828 2440; x_wconf 57' lang='lat'>1762—1792.</span> <span class='ocrx_word' id='word_1_374' title='bbox 1868 2405 1958 2439; x_wconf 82' lang='lat' dir='ltr'>Acta</span> 
     </span>
     <span class='ocr_line' id='line_1_37' title="bbox 179 2460 1958 2504; baseline -0.002 -9"><span class='ocrx_word' id='word_1_375' title='bbox 179 2461 269 2495; x_wconf 80' lang='lat' dir='ltr'>haec</span> <span class='ocrx_word' id='word_1_376' title='bbox 295 2461 334 2495; x_wconf 92' lang='lat' dir='ltr'>P.</span> <span class='ocrx_word' id='word_1_377' title='bbox 360 2461 605 2495; x_wconf 84' lang='lat' dir='ltr'>Theodoricus</span> <span class='ocrx_word' id='word_1_378' title='bbox 633 2462 810 2501; x_wconf 77' lang='lat' dir='ltr'>Canisius,</span> <span class='ocrx_word' id='word_1_379' title='bbox 838 2461 1130 2504; x_wconf 81' lang='lat' dir='ltr'>congregationis</span> <span class='ocrx_word' id='word_1_380' title='bbox 1156 2460 1373 2494; x_wconf 81' lang='lat' dir='ltr'>secretarius</span> <span class='ocrx_word' id='word_1_381' title='bbox 1400 2461 1444 2494; x_wconf 85' lang='lat' dir='ltr'>ab</span> <span class='ocrx_word' id='word_1_382' title='bbox 1471 2461 1549 2504; x_wconf 82' lang='lat' dir='ltr'>ipsa</span> <span class='ocrx_word' id='word_1_383' title='bbox 1576 2460 1724 2498; x_wconf 83' lang='lat' dir='ltr'>electus,</span> <span class='ocrx_word' id='word_1_384' title='bbox 1760 2471 1824 2493; x_wconf 80' lang='lat' dir='ltr'>sua</span> <span class='ocrx_word' id='word_1_385' title='bbox 1851 2469 1958 2492; x_wconf 77' lang='lat' dir='ltr'>manu</span> 
     </span>
     <span class='ocr_line' id='line_1_38' title="bbox 179 2512 1958 2559; baseline -0.001 -12"><span class='ocrx_word' id='word_1_386' title='bbox 179 2515 338 2559; x_wconf 85' lang='lat' dir='ltr'>scripsit,</span> <span class='ocrx_word' id='word_1_387' title='bbox 365 2514 593 2559; x_wconf 85' lang='lat' dir='ltr'>subscripsit,</span> <span class='ocrx_word' id='word_1_388' title='bbox 621 2514 740 2557; x_wconf 85' lang='lat' dir='ltr'>sigillo</span> <span class='ocrx_word' id='word_1_389' title='bbox 768 2514 979 2556; x_wconf 77' lang='lat' dir='ltr'>„societatis</span> <span class='ocrx_word' id='word_1_390' title='bbox 1006 2515 1083 2548; x_wconf 89' lang='lat' dir='ltr'>lesu</span> <span class='ocrx_word' id='word_1_391' title='bbox 1111 2514 1145 2547; x_wconf 89' lang='lat' dir='ltr'>in</span> <span class='ocrx_word' id='word_1_392' title='bbox 1172 2514 1346 2558; x_wconf 86' lang='lat' dir='ltr'>superiori</span> <span class='ocrx_word' id='word_1_393' title='bbox 1375 2512 1586 2547; x_wconf 46' lang='lat' dir='ltr'>Germania*</span> <span class='ocrx_word' id='word_1_394' title='bbox 1617 2513 1781 2546; x_wconf 83' lang='lat' dir='ltr'>munivit.</span> <span class='ocrx_word' id='word_1_395' title='bbox 1826 2512 1958 2545; x_wconf 79' lang='lat' dir='ltr'>Eadem</span> 
     </span>
     <span class='ocr_line' id='line_1_39' title="bbox 179 2565 1956 2612; baseline -0.002 -11"><span class='ocrx_word' id='word_1_396' title='bbox 179 2567 271 2601; x_wconf 84' lang='lat' dir='ltr'>Acta</span> <span class='ocrx_word' id='word_1_397' title='bbox 290 2579 322 2602; x_wconf 89' lang='lat' dir='ltr'>a.</span> <span class='ocrx_word' id='word_1_398' title='bbox 345 2568 435 2602; x_wconf 80' lang='lat'>1587</span> <span class='ocrx_word' id='word_1_399' title='bbox 464 2580 526 2612; x_wconf 89' lang='lat' dir='ltr'>pro</span> <span class='ocrx_word' id='word_1_400' title='bbox 554 2568 740 2612; x_wconf 83' lang='lat' dir='ltr'>provincia</span> <span class='ocrx_word' id='word_1_401' title='bbox 760 2568 978 2602; x_wconf 84' lang='lat' dir='ltr'>Germaniae</span> <span class='ocrx_word' id='word_1_402' title='bbox 1004 2568 1200 2612; x_wconf 88' lang='lat' dir='ltr'>superioris</span> <span class='ocrx_word' id='word_1_403' title='bbox 1227 2567 1408 2611; x_wconf 85' lang='lat' dir='ltr'>descripta</span> <span class='ocrx_word' id='word_1_404' title='bbox 1429 2570 1513 2600; x_wconf 86' lang='lat' dir='ltr'>sunt</span> <span class='ocrx_word' id='word_1_405' title='bbox 1532 2567 1592 2606; x_wconf 75' lang='lat' dir='ltr'>ita,</span> <span class='ocrx_word' id='word_1_406' title='bbox 1621 2572 1661 2600; x_wconf 85' lang='lat' dir='ltr'>ut</span> <span class='ocrx_word' id='word_1_407' title='bbox 1687 2565 1857 2599; x_wconf 82' lang='lat' dir='ltr'>nonnulla</span> <span class='ocrx_word' id='word_1_408' title='bbox 1884 2565 1956 2598; x_wconf 84' lang='lat' dir='ltr'>bre-</span> 
     </span>
     <span class='ocr_line' id='line_1_40' title="bbox 179 2619 1959 2665; baseline -0.001 -12"><span class='ocrx_word' id='word_1_409' title='bbox 179 2621 260 2654; x_wconf 89' lang='lat' dir='ltr'>vius</span> <span class='ocrx_word' id='word_1_410' title='bbox 287 2621 501 2663; x_wconf 83' lang='lat' dir='ltr'>dicerentur,</span> <span class='ocrx_word' id='word_1_411' title='bbox 529 2626 565 2655; x_wconf 84' lang='lat' dir='ltr'>et</span> <span class='ocrx_word' id='word_1_412' title='bbox 591 2621 746 2664; x_wconf 81' lang='lat' dir='ltr'>singulis</span> <span class='ocrx_word' id='word_1_413' title='bbox 766 2622 1038 2665; x_wconf 87' lang='lat' dir='ltr'>quaestionibus</span> <span class='ocrx_word' id='word_1_414' title='bbox 1061 2621 1117 2654; x_wconf 94' lang='lat' dir='ltr'>vel</span> <span class='ocrx_word' id='word_1_415' title='bbox 1140 2621 1452 2665; x_wconf 83' lang='lat' dir='ltr'>propositionibus,</span> <span class='ocrx_word' id='word_1_416' title='bbox 1480 2620 1562 2663; x_wconf 82' lang='lat' dir='ltr'>quid</span> <span class='ocrx_word' id='word_1_417' title='bbox 1586 2632 1606 2653; x_wconf 77' lang='lat' dir='ltr'>a</span> <span class='ocrx_word' id='word_1_418' title='bbox 1626 2619 1828 2664; x_wconf 84' lang='lat' dir='ltr'>praeposito</span> <span class='ocrx_word' id='word_1_419' title='bbox 1854 2628 1959 2662; x_wconf 88' lang='lat' dir='ltr'>gene-</span> 
     </span>
     <span class='ocr_line' id='line_1_41' title="bbox 180 2670 1959 2719; baseline -0.001 -13"><span class='ocrx_word' id='word_1_420' title='bbox 180 2674 245 2707; x_wconf 90' lang='lat' dir='ltr'>rali</span> <span class='ocrx_word' id='word_1_421' title='bbox 261 2685 471 2718; x_wconf 85' lang='lat' dir='ltr'>responsum</span> <span class='ocrx_word' id='word_1_422' title='bbox 488 2677 594 2714; x_wconf 83' lang='lat' dir='ltr'>esset,</span> <span class='ocrx_word' id='word_1_423' title='bbox 615 2675 917 2717; x_wconf 85' lang='lat' dir='ltr'>subiungeretur;</span> <span class='ocrx_word' id='word_1_424' title='bbox 936 2675 1027 2718; x_wconf 87' lang='lat' dir='ltr'>quod</span> <span class='ocrx_word' id='word_1_425' title='bbox 1045 2674 1292 2719; x_wconf 83' lang='lat' dir='ltr'>apographum</span> <span class='ocrx_word' id='word_1_426' title='bbox 1309 2677 1432 2707; x_wconf 80' lang='lat' dir='ltr'>exstat</span> <span class='ocrx_word' id='word_1_427' title='bbox 1447 2674 1481 2706; x_wconf 89' lang='lat' dir='ltr'>in</span> <span class='ocrx_word' id='word_1_428' title='bbox 1497 2673 1581 2707; x_wconf 85' lang='lat' dir='ltr'>Cod.</span> <span class='ocrx_word' id='word_1_429' title='bbox 1601 2674 1659 2715; x_wconf 75' lang='lat' dir='ltr'>„B.</span> <span class='ocrx_word' id='word_1_430' title='bbox 1680 2673 1740 2706; x_wconf 85' lang='lat' dir='ltr'>lO“</span> <span class='ocrx_word' id='word_1_431' title='bbox 1760 2684 1791 2716; x_wconf 94' lang='lat' dir='ltr'>p.</span> <span class='ocrx_word' id='word_1_432' title='bbox 1808 2670 1959 2705; x_wconf 78' lang='lat'>25—33.</span> 
     </span>
    </p>
   </div>
   <div class='ocr_carea' id='block_1_8' title="bbox 178 2736 1960 2878">
    <p class='ocr_par' dir='ltr' id='par_1_9' title="bbox 178 2736 1960 2878">
     <span class='ocr_line' id='line_1_42' title="bbox 303 2736 1960 2783; baseline -0.002 -11"><span class='ocrx_word' id='word_1_433' title='bbox 303 2742 537 2782; x_wconf 67' lang='lat' dir='ltr'>Conqreqatio</span> <span class='ocrx_word' id='word_1_434' title='bbox 560 2742 800 2782; x_wconf 66' lang='lat' dir='ltr'>provincialis</span> <span class='ocrx_word' id='word_1_435' title='bbox 830 2742 1022 2783; x_wconf 74' lang='lat' dir='ltr'>Oem&#39;ponte</span> <span class='ocrx_word' id='word_1_436' title='bbox 1047 2741 1207 2773; x_wconf 71' lang='lat' dir='ltr'>hahetur.</span> <span class='ocrx_word' id='word_1_437' title='bbox 1252 2740 1396 2773; x_wconf 75' lang='lat' dir='ltr'>Natalis</span> <span class='ocrx_word' id='word_1_438' title='bbox 1422 2744 1451 2772; x_wconf 78' lang='lat' dir='ltr'>et</span> <span class='ocrx_word' id='word_1_439' title='bbox 1481 2740 1652 2773; x_wconf 75' lang='lat' dir='ltr'>Canise&#39;us</span> <span class='ocrx_word' id='word_1_440' title='bbox 1677 2739 1724 2771; x_wconf 80' lang='lat' dir='ltr'>ad</span> <span class='ocrx_word' id='word_1_441' title='bbox 1748 2736 1960 2771; x_wconf 73' lang='lat' dir='ltr'>secernenda</span> 
     </span>
     <span class='ocr_line' id='line_1_43' title="bbox 178 2791 1960 2836; baseline -0.002 -11"><span class='ocrx_word' id='word_1_442' title='bbox 178 2794 355 2834; x_wconf 68' lang='lat' dir='ltr'>postulata</span> <span class='ocrx_word' id='word_1_443' title='bbox 383 2794 602 2835; x_wconf 46' lang='lat' dir='ltr'>‹lctl12q1121t11›·.</span> <span class='ocrx_word' id='word_1_444' title='bbox 639 2794 862 2827; x_wconf 69' lang='lat' dir='ltr'>Procuralor</span> <span class='ocrx_word' id='word_1_445' title='bbox 879 2795 1032 2836; x_wconf 68' lang='lat' dir='ltr'>eliffl&#39;tur.</span> <span class='ocrx_word' id='word_1_446' title='bbox 1071 2795 1122 2826; x_wconf 83' lang='lat' dir='ltr'>De</span> <span class='ocrx_word' id='word_1_447' title='bbox 1141 2795 1286 2835; x_wconf 49' lang='lat' dir='ltr'>›nqqole&#39;is</span> <span class='ocrx_word' id='word_1_448' title='bbox 1310 2794 1510 2835; x_wconf 72' lang='lat' dir='ltr'>praeposito</span> <span class='ocrx_word' id='word_1_449' title='bbox 1535 2793 1696 2834; x_wconf 58' lang='lat' dir='ltr'>,aenei-als</span> <span class='ocrx_word' id='word_1_450' title='bbox 1715 2791 1960 2834; x_wconf 75' lang='lat' dir='ltr'>proponendis</span> 
     </span>
     <span class='ocr_line' id='line_1_44' title="bbox 179 2848 359 2878; baseline 0.006 -1"><span class='ocrx_word' id='word_1_451' title='bbox 179 2848 359 2878; x_wconf 73' lang='lat' dir='ltr'>statuitur.</span> 
     </span>
    </p>
   </div>
   <div class='ocr_carea' id='block_1_9' title="bbox 182 2960 1958 3061">
    <p class='ocr_par' dir='ltr' id='par_1_10' title="bbox 182 2960 1958 3061">
     <span class='ocr_line' id='line_1_45' title="bbox 307 2960 1958 3008; baseline 0 -14"><span class='ocrx_word' id='word_1_452' title='bbox 307 2964 311 2980; x_wconf 90' lang='lat'>¹</span> <span class='ocrx_word' id='word_1_453' title='bbox 342 2962 588 2996; x_wconf 78' lang='lat' dir='ltr'>Ferdinandus</span> <span class='ocrx_word' id='word_1_454' title='bbox 618 2963 641 2996; x_wconf 85' lang='lat' dir='ltr'>i.</span> <span class='ocrx_word' id='word_1_455' title='bbox 670 2964 815 2997; x_wconf 74' lang='lat' dir='ltr'>a.1554</span> <span class='ocrx_word' id='word_1_456' title='bbox 843 2964 1036 3008; x_wconf 81' lang='lat' dir='ltr'>praecepit,</span> <span class='ocrx_word' id='word_1_457' title='bbox 1073 2966 1111 2997; x_wconf 91' lang='lat' dir='ltr'>ut</span> <span class='ocrx_word' id='word_1_458' title='bbox 1144 2963 1278 2997; x_wconf 85' lang='lat' dir='ltr'>Canisii</span> <span class='ocrx_word' id='word_1_459' title='bbox 1312 2962 1554 2997; x_wconf 84' lang='lat' dir='ltr'>catechismus</span> <span class='ocrx_word' id='word_1_460' title='bbox 1589 2962 1687 2995; x_wconf 84' lang='lat' dir='ltr'>solus</span> <span class='ocrx_word' id='word_1_461' title='bbox 1724 2962 1756 2994; x_wconf 89' lang='lat' dir='ltr'>in</span> <span class='ocrx_word' id='word_1_462' title='bbox 1790 2960 1958 2994; x_wconf 81' lang='lat' dir='ltr'>Austriae</span> 
     </span>
     <span class='ocr_line' id='line_1_46' title="bbox 182 3014 1956 3061; baseline 0 -15"><span class='ocrx_word' id='word_1_463' title='bbox 182 3014 363 3050; x_wconf 84' lang='lat' dir='ltr'>inferioris</span> <span class='ocrx_word' id='word_1_464' title='bbox 391 3019 425 3048; x_wconf 89' lang='lat' dir='ltr'>et</span> <span class='ocrx_word' id='word_1_465' title='bbox 453 3018 645 3050; x_wconf 84' lang='lat' dir='ltr'>comitatus</span> <span class='ocrx_word' id='word_1_466' title='bbox 673 3016 833 3050; x_wconf 78' lang='lat' dir='ltr'>Goritiae</span> <span class='ocrx_word' id='word_1_467' title='bbox 866 3016 1018 3058; x_wconf 80' lang='lat' dir='ltr'>„scholis</span> <span class='ocrx_word' id='word_1_468' title='bbox 1045 3016 1186 3061; x_wconf 86' lang='lat' dir='ltr'>publice</span> <span class='ocrx_word' id='word_1_469' title='bbox 1213 3018 1275 3049; x_wconf 84' lang='lat' dir='ltr'>aut</span> <span class='ocrx_word' id='word_1_470' title='bbox 1302 3016 1493 3059; x_wconf 81' lang='lat' dir='ltr'>privatim“</span> <span class='ocrx_word' id='word_1_471' title='bbox 1525 3015 1646 3059; x_wconf 87' lang='lat' dir='ltr'>pueris</span> <span class='ocrx_word' id='word_1_472' title='bbox 1682 3018 1956 3059; x_wconf 83' lang='lat' dir='ltr'>proponeretur;</span> 
     </span>
    </p>
   </div>
   <div class='ocr_carea' id='block_1_10' title="bbox 181 3065 2025 3167">
    <p class='ocr_par' dir='ltr' id='par_1_11' title="bbox 181 3065 2025 3167">
     <span class='ocr_line' id='line_1_47' title="bbox 181 3065 2025 3114; baseline 0 -15"><span class='ocrx_word' id='word_1_473' title='bbox 181 3066 308 3100; x_wconf 84' lang='lat' dir='ltr'>deinde</span> <span class='ocrx_word' id='word_1_474' title='bbox 347 3079 376 3101; x_wconf 85' lang='lat' dir='ltr'>a.</span> <span class='ocrx_word' id='word_1_475' title='bbox 413 3068 499 3101; x_wconf 85' lang='grc'><strong>1560</strong></span> <span class='ocrx_word' id='word_1_476' title='bbox 536 3069 601 3103; x_wconf 88' lang='lat' dir='ltr'>hoc</span> <span class='ocrx_word' id='word_1_477' title='bbox 639 3075 871 3114; x_wconf 83' lang='lat' dir='ltr'>praeceptum</span> <span class='ocrx_word' id='word_1_478' title='bbox 909 3070 952 3103; x_wconf 86' lang='lat' dir='ltr'>ad</span> <span class='ocrx_word' id='word_1_479' title='bbox 993 3081 1116 3103; x_wconf 87' lang='lat' dir='ltr'>omnes</span> <span class='ocrx_word' id='word_1_480' title='bbox 1152 3070 1357 3113; x_wconf 81' lang='lat' dir='ltr'>provincias</span> <span class='ocrx_word' id='word_1_481' title='bbox 1396 3080 1482 3102; x_wconf 82' lang='lat' dir='ltr'>suas</span> <span class='ocrx_word' id='word_1_482' title='bbox 1523 3068 1760 3101; x_wconf 80' lang='lat' dir='ltr'>hereditarias</span> <span class='ocrx_word' id='word_1_483' title='bbox 1795 3065 1959 3100; x_wconf 81' lang='lat' dir='ltr'>extendit</span> <span class='ocrx_word' id='word_1_484' title='bbox 2023 3071 2025 3099; x_wconf 65' lang='grc' dir='ltr'>ἶ</span> 
     </span>
     <span class='ocr_line' id='line_1_48' title="bbox 184 3119 2023 3167; baseline -0.003 -10"><span class='ocrx_word' id='word_1_485' title='bbox 184 3120 290 3157; x_wconf 75' lang='lat' dir='ltr'>(Gan.</span> <span class='ocrx_word' id='word_1_486' title='bbox 320 3121 327 3152; x_wconf 91' lang='lat' dir='ltr'>l</span> <span class='ocrx_word' id='word_1_487' title='bbox 368 3121 591 3164; x_wconf 63' lang='lat'><strong>752—75›4):</strong></span> <span class='ocrx_word' id='word_1_488' title='bbox 629 3134 743 3165; x_wconf 87' lang='lat' dir='ltr'>neque</span> <span class='ocrx_word' id='word_1_489' title='bbox 780 3126 942 3167; x_wconf 80' lang='lat' dir='ltr'>potestas</span> <span class='ocrx_word' id='word_1_490' title='bbox 979 3123 1010 3156; x_wconf 90' lang='lat' dir='ltr'>ei</span> <span class='ocrx_word' id='word_1_491' title='bbox 1046 3122 1263 3167; x_wconf 75' lang='lat' dir='ltr'>suppetebat</span> <span class='ocrx_word' id='word_1_492' title='bbox 1297 3121 1538 3166; x_wconf 81' lang='lat' dir='ltr'>praecipiendi</span> <span class='ocrx_word' id='word_1_493' title='bbox 1579 3121 1669 3154; x_wconf 88' lang='lat' dir='ltr'>idem</span> <span class='ocrx_word' id='word_1_494' title='bbox 1709 3120 1774 3154; x_wconf 87' lang='lat' dir='ltr'>toti</span> <span class='ocrx_word' id='word_1_495' title='bbox 1812 3119 1958 3164; x_wconf 85' lang='lat' dir='ltr'>imperio</span> <span class='ocrx_word' id='word_1_496' title='bbox 2021 3124 2023 3129; x_wconf 84' lang='grc'>’</span> 
     </span>
    </p>
   </div>
   <div class='ocr_carea' id='block_1_11' title="bbox 189 3173 1736 3220">
    <p class='ocr_par' dir='ltr' id='par_1_12' title="bbox 189 3173 1736 3220">
     <span class='ocr_line' id='line_1_49' title="bbox 189 3173 1736 3220; baseline 0.001 -15"><span class='ocrx_word' id='word_1_497' title='bbox 189 3173 405 3215; x_wconf 80' lang='lat' dir='ltr'>germanico,</span> <span class='ocrx_word' id='word_1_498' title='bbox 539 3176 551 3194; x_wconf 71' lang='lat'>‘³</span> <span class='ocrx_word' id='word_1_499' title='bbox 578 3174 628 3208; x_wconf 88' lang='lat' dir='ltr'>De</span> <span class='ocrx_word' id='word_1_500' title='bbox 655 3176 721 3209; x_wconf 83' lang='lat' dir='ltr'>hoc</span> <span class='ocrx_word' id='word_1_501' title='bbox 750 3176 906 3220; x_wconf 78' lang='lat' dir='ltr'>Philippi</span> <span class='ocrx_word' id='word_1_502' title='bbox 935 3176 978 3209; x_wconf 84' lang='grc' dir='ltr'>ΙΙ.</span> <span class='ocrx_word' id='word_1_503' title='bbox 1006 3177 1174 3209; x_wconf 82' lang='lat' dir='ltr'>mandato</span> <span class='ocrx_word' id='word_1_504' title='bbox 1201 3186 1234 3208; x_wconf 90' lang='grc' dir='ltr'>ν.</span> <span class='ocrx_word' id='word_1_505' title='bbox 1257 3176 1343 3208; x_wconf 73' lang='lat' dir='ltr'>Can.</span> <span class='ocrx_word' id='word_1_506' title='bbox 1366 3174 1411 3207; x_wconf 83' lang='lat' dir='ltr'>lv</span> <span class='ocrx_word' id='word_1_507' title='bbox 1444 3174 1551 3209; x_wconf 81' lang='lat'>1006:</span> <span class='ocrx_word' id='word_1_508' title='bbox 1581 3174 1628 3206; x_wconf 82' lang='lat' dir='ltr'>Vl</span> <span class='ocrx_word' id='word_1_509' title='bbox 1657 3173 1736 3208; x_wconf 77' lang='lat'>706.</span> 
     </span>
    </p>
   </div>
   <div class='ocr_carea' id='block_1_12' title="bbox 2006 0 2051 3433">
    <p class='ocr_par' dir='ltr' id='par_1_13' title="bbox 2006 0 2051 3433">
     <span class='ocr_line' id='line_1_50' title="bbox 2006 0 2051 3433; baseline 0 0"><span class='ocrx_word' id='word_1_510' title='bbox 2006 0 2051 3433; x_wconf 95' lang='lat' dir='ltr'> </span> 
     </span>
    </p>
   </div>
  </div>
 </body>
</html>
