2062 3443
539 126 632 160 Mon.
657 125 758 160 1261.
797 125 829 159 A
857 125 911 160 13.
933 124 977 159 ad
1006 125 1059 159 19.
1080 123 1301 169 Septembris
1329 125 1430 159 1580.
1783 129 1868 169 833

103 243 274 285 (Astraia
299 242 321 276 l.
351 254 379 278 c.
410 243 440 276 lI
466 242 552 283 436)
589 243 767 277 mentione
803 253 866 287 per
891 241 1073 276 Canisium
1110 242 1224 282 facta;
1263 253 1417 276 excusae
1453 242 1545 276 enim
1577 246 1660 276 sunt
1691 242 1871 286 „Regi-lae

103 294 294 330 Societatis
331 296 423 330 Iesv.
476 296 619 330 Romae.
670 296 709 330 ln
747 294 906 339 Collegio
942 294 1098 329 eiusdem
1137 294 1338 330 Societatis.
1388 295 1623 330 MDLXXX.“
1680 296 1872 330 Praeterea

102 352 253 390 constat,
282 348 462 383 Canisium
500 350 600 383 initio
626 361 672 384 m.
702 349 857 392 Augusti
886 348 978 384 1580
1004 348 1151 382 Hoffaeo
1186 348 1398 393 provinciali
1433 350 1468 382 in
1496 349 1703 383 visitatione
1730 349 1871 392 collegii

102 402 329 447 oenipontani
366 403 540 441 adfuisse:
578 402 798 437 visitationis
832 404 950 436 autem
987 404 1148 446 tempore
1182 412 1290 446 saepe
1325 402 1511 436 renovatio
1541 414 1681 446 quoque
1709 405 1870 436 votorum

102 456 230 496 fiebat;
266 467 381 499 neque
408 459 489 501 post
515 468 546 490 a.
578 456 668 491 1580
701 455 867 490 Canisius
902 466 1057 499 unquam
1087 454 1322 499 Oenipontem
1358 455 1474 490 rediit.
1525 456 1675 490 Accedit
1709 456 1871 500 denique.

102 509 194 553 quod
222 520 313 543 anno
341 509 432 544 1580
459 509 534 544 dies
560 511 592 546 5.
621 509 777 553 Augusti
803 511 882 543 erat
907 508 982 542 dies
1008 507 1179 547 Veneris;
1216 508 1272 542 his
1299 510 1416 542 autem
1454 508 1578 543 diebus
1605 508 1873 543 exhortationes

103 563 322 597 domesticae
350 562 472 597 haberi
499 563 664 598 solebant
693 564 799 606 (Can.
818 561 867 596 VI
896 561 988 603 584).
1038 561 1096 596 Sic
1123 561 1234 604 igitur
1259 562 1470 605 corrigenda
1496 564 1592 605 sunt,
1618 574 1710 606 quae
1736 562 1778 596 de
1805 562 1871 597 hac

107 615 359 650 exhortatione
386 616 481 650 dicta
507 619 590 657 sunt
621 617 706 650 Can.
726 616 776 650 VI
803 616 880 651 602.

220 668 351 703 Mirum
378 681 449 703 non
475 672 542 711 est,
578 669 670 703 hanc
705 669 990 704 exhortationem
1027 668 1231 712 germanice
1258 669 1498 714 conscriptam
1526 680 1624 709 esse;
1661 679 1743 702 nam
1780 669 1873 702 inter

105 721 423 766 „*Resolutiones“
454 734 545 757 anno
576 723 665 758 1579
698 723 741 757 ab
769 724 954 757 Everardo
982 723 1214 756 Meroen-iano
1250 723 1454 766 praeposito
1482 721 1640 765 generali
1672 721 1735 763 „ad
1763 722 1871 767 parti-

102 776 243 811 culares
280 776 509 821 quaestiones
546 776 665 810 Patris
702 776 858 811 Hoffaei‘
898 775 1130 821 provincialis
1166 775 1381 810 Germaniae
1415 776 1611 820 superioris
1647 776 1749 811 datas
1784 775 1873 810 haec

101 832 302 874 comparet:
346 829 579 872 „Exhortatio
617 830 794 864 ordinarie
833 830 957 873 lingua
995 828 1189 863 uernacula
1224 831 1260 863 et
1297 829 1476 864 communi
1515 829 1691 863 habeatur
1728 831 1873 874 propter

103 883 355 918 Coadffltores‘
385 883 463 917 sive
499 884 630 917 fratres
665 883 776 917 laicos
805 883 866 925 (ex
893 894 1014 928 apogr.
1035 882 1126 917 eiud.
1145 882 1220 916 fere
1246 883 1420 927 temporis
1446 883 1481 916 in
1507 882 1660 926 collegio
1690 883 1872 927 dilingano

101 948 123 972 a
148 936 250 971 Socio
277 936 396 980 aliquo
421 937 576 981 script0;
604 936 686 971 Cod.
707 936 764 978 „C.
787 937 825 970 1⁸
856 949 888 982 p.
909 937 983 981 79).

101 1029 244 1066 1261.
319 1030 349 1065 A
376 1029 422 1066 13.
450 1029 495 1065 ad
522 1029 570 1066 19.
598 1029 825 1077 Septembris
852 1029 950 1066 1580.

221 1090 274 1124 Ex
295 1091 465 1124 Actorum
485 1091 776 1134 congregationis
795 1091 971 1136 exemplo,
999 1102 1030 1125 a.
1052 1091 1140 1125 1587
1160 1103 1223 1136 pro
1243 1091 1427 1136 provincia
1446 1090 1660 1125 Germaniae
1679 1090 1872 1136 superioris

103 1146 164 1183 (ex
191 1145 304 1184 Actis,
331 1147 428 1189 puto,
459 1144 693 1188 authenticis)
722 1144 868 1189 scripto,
904 1144 997 1188 quod
1023 1146 1080 1178 est
1105 1144 1141 1178 in
1168 1145 1253 1179 Cod.
1285 1145 1344 1187 „R
1374 1145 1437 1179 10⁸
1478 1156 1509 1189 p.
1538 1143 1688 1179 38-42.
1740 1143 1873 1188 Aliqua

101 1209 146 1231 ex
173 1197 280 1231 huius
315 1197 606 1241 congregationis
633 1198 736 1232 Actis
767 1199 887 1242 posuit
915 1198 1151 1241 (germanice)
1182 1198 1298 1241 Dnhr,
1329 1198 1402 1232 Jes.
1430 1209 1473 1231 an
1503 1197 1691 1232 Fttrstenh.
1718 1198 1810 1231 4—5
1838 1199 1874 1231 et

102 1252 177 1286 Jes.
207 1251 219 1285 Ι
247 1251 326 1286 688.

224 1312 390 1345 Canisius
414 1313 554 1345 interest
578 1312 842 1354 conyreqationi
864 1312 1081 1344 Germaniae
1105 1312 1303 1353 superioris
1321 1312 1368 1344 (αἱ
1386 1312 1545 1344 electores
1570 1312 1653 1344 ηοεί
1673 1311 1873 1353 praepositi

97 1365 276 1409 ¹qeneralis
301 1365 501 1407 deliqendos
520 1365 704 1398 Monac-hii
729 1365 881 1398 habitae.
921 1365 1080 1407 Elissz'tm·
1109 1366 1180 1408 ipse
1199 1362 1505 1408 „wbdstuenduffl
1536 1366 1570 1397 in
1598 1375 1719 1397 eornm
1737 1364 1872 1405 locum,·

101 1419 268 1460 ‹laliqitm-
294 1419 342 1450 ad
366 1419 579 1458 seliyendum
609 1430 664 1451 res
693 1419 952 1461 proponendas.
1010 1419 1231 1459 Confessarii
1252 1420 1472 1461 principum,
1508 1423 1672 1461 reyentes,
1703 1417 1871 1460 professi,

99 1473 187 1504 socii
212 1473 420 1504 nuntiorum
449 1472 723 1514 aposlolicorum
750 1477 808 1505 etc.

221 1536 312 1570 Acta
339 1535 471 1570 Sextae
498 1535 796 1579 Congregationis
820 1535 1052 1569 Prouincialis
1071 1534 1271 1580 Superioris
1290 1535 1503 1570 Germaniae
1521 1534 1701 1579 Monachij
1729 1533 1872 1568 habitae

103 1590 158 1624 14.
186 1588 407 1634 Septembris
432 1590 536 1623 Anno
563 1592 629 1623 etc.
658 1588 757 1623 M.D.
772 1588 910 1631 LXXX,
937 1589 981 1623 ad
1009 1588 1211 1632 eligendum
1243 1588 1416 1623 electores
1444 1587 1644 1632 Praepositj
1673 1587 1870 1622 Generalis.

223 1642 363 1677 Indicia
398 1645 454 1676 est
487 1642 575 1676 haec
612 1642 851 1686 Congregatio
886 1655 906 1677 a
933 1642 975 1677 R..
1009 1642 1047 1676 P.
1076 1642 1188 1676 Paulo
1224 1641 1371 1676 Hoffaeo
1406 1641 1623 1686 Prouincialj
1660 1640 1873 1675 Germaniae

101 1695 314 1741 Superioris,
341 1695 385 1730 ad
404 1695 496 1729 diem
519 1695 598 1731 13.¹¹¹
617 1695 849 1740 Septembris,
876 1695 1089 1730 celebranda
1108 1695 1300 1741 Monarchij.
1335 1694 1411 1736 Quo
1429 1695 1485 1730 die
1504 1695 1636 1739 elapso,
1663 1694 1872 1738 congregati

101 1752 186 1784 sunt
217 1749 274 1784 die
306 1749 482 1794 sequennj,
518 1749 578 1793 qui
614 1750 683 1783 fuit
712 1750 755 1784 14
782 1749 1014 1794 Septembris,
1050 1760 1182 1790 omnes,
1220 1750 1280 1793 qui
1315 1749 1510 1783 secundum
1546 1748 1736 1783 formulam
1772 1758 1870 1793 prae-

101 1803 275 1848 scriptam
303 1802 580 1847 congregationi
607 1803 824 1849 Prouincialj
861 1804 1035 1837 interesse
1071 1802 1210 1843 debent,
1246 1803 1412 1846 dictoque
1447 1802 1580 1847 hymno
1606 1802 1698 1836 Veni
1724 1801 1873 1836 Creator

102 1856 268 1902 Spiritus,
304 1857 544 1890 consederunt
577 1857 620 1890 ad
648 1858 836 1891 dexteram
862 1857 903 1890 R.
924 1857 963 1891 P.
983 1856 1219 1891 Prouincialis
1247 1855 1404 1901 Professj
1432 1859 1602 1900 quattuor
1628 1860 1792 1890 votorum
1819 1865 1871 1888 se-

101 1913 253 1955 quentes
271 1927 278 1934 ·
300 1910 338 1944 P.
358 1910 489 1944 Petrus
516 1910 694 1944 canisius.
738 1910 776 1945 P.
796 1910 1038 1945 Theodoricus
1064 1910 1229 1945 Canisius
1256 1909 1386 1944 Rector
1412 1909 1636 1953 Dilinganus.
1689 1909 1728 1944 P.
1747 1909 1870 1943 Hiero-

100 1974 231 2008 nymus
249 1963 446 1998 Torrensis.
484 1963 523 1998 P.
544 1965 741 2006 Gregorius
768 1964 969 2009 Rosephius
988 1963 1118 1998 Rector
1136 1963 1381 2006 Augustanus.
1419 1962 1458 1997 P.
1479 1963 1658 2007 Casparus
1677 1962 1870 1996 Heiuodus.

101 2017 141 2052 P.
156 2017 364 2051 Theodorus
384 2017 568 2052 Peltanus.
604 2017 642 2052 P.
664 2018 840 2052 Heni-icus
858 2018 1040 2053 Arboreus
1058 2017 1188 2051 Rector
1208 2016 1386 2051 Halensis.
1423 2017 1462 2051 P.
1482 2017 1633 2051 loannes
1652 2015 1871 2050 Rabenstain

100 2070 232 2105 Rector
266 2070 548 2116 Oenipontanus.
600 2072 639 2105 P.
668 2071 847 2105 Martinus
882 2071 1122 2106 Leubenstain
1149 2070 1280 2104 Rector
1306 2070 1555 2105 Lucernensis.
1607 2070 1659 2104 Ad
1688 2070 1870 2105 sinistram

101 2136 185 2159 uero
213 2124 371 2159 eiusdem
399 2124 436 2158 P.
457 2124 696 2159 Prouincialis
723 2125 964 2159 consederunt
983 2143 990 2150 ·
1010 2124 1048 2159 P.
1072 2125 1320 2158 Bonauentura
1345 2124 1543 2158 Paradinas
1569 2123 1701 2158 Rector
1720 2123 1870 2169 Collegij

102 2178 420 2223 Landspergensis
472 2178 511 2213 P.
536 2177 776 2212 Wendelinus
803 2178 978 2213 Volckius
1005 2179 1135 2212 Rector
1162 2177 1478 2220 Jngolstadiensis‚
1505 2180 1541 2211 et
1568 2177 1606 2212 P.
1626 2177 1871 2211 Ferdinandus

100 2231 212 2266 Alber
235 2232 366 2266 Rector
384 2231 661 2266 Monachiensis.
697 2232 851 2267 Habitus
869 2234 950 2277 post
968 2232 1057 2266 haec
1075 2234 1130 2266 est
1147 2242 1265 2266 sermo
1283 2231 1403 2265 breuis
1422 2243 1442 2265 a
1460 2230 1501 2265 R.
1517 2230 1554 2265 P.
1571 2231 1798 2276 Prouincialj.
1816 2257 1823 2265 .
1839 2258 1846 2265 .
1863 2258 1870 2266 .

100 2285 155 2319 Ad
191 2285 294 2330 plura
328 2285 454 2319 deinde
490 2285 669 2329 Suffragia
705 2285 843 2320 electus
879 2288 935 2320 est
970 2285 1269 2328 congregationis
1304 2284 1529 2319 Secretarius
1564 2285 1602 2319 P.
1630 2284 1872 2319 Tlieodoricus

94 2337 284 2373 Canisius:
319 2337 434 2383 Eique
469 2338 660 2373 adiunctus
685 2342 740 2372 est
766 2338 805 2373 P.
834 2339 1087 2373 Bonauentura
1114 2338 1321 2378 Paradinas,
1359 2337 1482 2372 eodem
1509 2338 1613 2371 modo
1639 2337 1814 2372 electus..
1835 2364 1842 2372 .
1863 2365 1870 2372 .

219 2391 286 2426 Die
317 2393 369 2427 16.
389 2394 472 2426 ante
498 2392 682 2426 meridiem
704 2420 710 2427 .
731 2420 738 2426 .
759 2420 766 2427 .
793 2393 906 2437 primo
933 2392 1020 2434 loco,
1048 2392 1090 2426 ad
1119 2391 1222 2437 plura
1241 2391 1434 2426 medietate
1459 2391 1632 2434 suffragia
1651 2391 1787 2426 electus
1805 2394 1871 2432 est,

102 2448 232 2489 quarto
251 2445 435 2487 scrutinio,
463 2445 506 2480 R.
525 2446 564 2480 P.
585 2446 782 2489 Gregorius
800 2446 1012 2491 Rosephius
1033 2473 1039 2480 .
1061 2473 1067 2480 .
1089 2473 1095 2480 .
1125 2446 1286 2480 Secundo
1305 2445 1431 2480 deinde
1458 2445 1533 2479 loco
1551 2445 1717 2478 similiter
1735 2445 1871 2480 electus

41 2518 44 2522 ·
100 2501 156 2533 est
190 2498 226 2533 in
257 2499 414 2534 secundo
448 2499 622 2533 scrutinio
648 2498 689 2534 R.
720 2499 757 2534 P.
787 2499 965 2534 Martinus
995 2499 1247 2534 Leubenstain.
1268 2526 1274 2533 .
1295 2526 1301 2533 .
1323 2527 1330 2533 .
1366 2499 1486 2532 Tertio
1521 2498 1598 2532 loco
1617 2525 1624 2533 .
1646 2525 1652 2533 .
1672 2524 1680 2533 .
1715 2499 1870 2533 secundo

99 2552 283 2592 scrutinio,
311 2553 349 2587 P.
369 2552 613 2587 Theodoricus
640 2553 805 2587 Canisius
826 2581 832 2588 .
854 2580 861 2587 .
881 2581 900 2593 .,
928 2553 987 2597 qui
1014 2553 1119 2587 simul
1143 2564 1163 2586 a
1189 2552 1231 2586 R.
1259 2551 1298 2588 P.
1326 2551 1542 2597 Prouincialj
1570 2551 1780 2596 designatus
1806 2555 1870 2593 est,

98 2608 139 2639 ut
165 2605 242 2640 eius
276 2606 353 2640 loco
380 2606 724 2652 Viceprouincialem
762 2607 798 2641 in
826 2606 1112 2650 Congregatione
1140 2605 1307 2650 Generalj
1336 2606 1469 2640 Romae
1495 2608 1591 2649 agat.
1627 2606 1657 2639 si
1684 2605 1760 2650 ipse
1788 2605 1870 2640 Pro—

99 2659 266 2693 uincialis
292 2659 455 2704 legitime
481 2660 684 2705 impeditus,
712 2661 762 2694 ire
789 2660 910 2694 forsan
938 2672 978 2694 eo
1004 2672 1074 2694 non
1100 2662 1232 2705 posset.
1276 2658 1409 2700 Quarto
1436 2659 1512 2693 loco
1539 2658 1707 2693 similiter
1733 2659 1870 2694 electus

101 2715 157 2746 est
191 2713 305 2757 primo
341 2713 516 2747 scrutinio
552 2713 593 2748 R.
622 2713 660 2748 P.
690 2714 848 2748 Joannes
885 2713 1116 2748 Rabenstain.
1136 2740 1143 2748 .
1164 2740 1170 2747 .
1191 2739 1198 2747 .
1238 2711 1369 2753 Quinto
1405 2712 1560 2757 denique
1594 2712 1672 2747 loco
1706 2712 1871 2746 similiter

100 2766 237 2800 electus
263 2767 320 2800 est
355 2767 469 2811 primo
495 2767 668 2801 scrutinio
695 2767 736 2801 R.
766 2767 804 2801 P.
834 2768 1014 2813 Casparus
1040 2766 1254 2811 Heyuodus:
1291 2765 1426 2800 Verum
1452 2777 1531 2800 cum
1559 2766 1589 2800 is
1615 2766 1871 2811 impedimenta.

101 2819 276 2863 quaedam
302 2820 488 2865 proferret,
516 2831 585 2864 quo
610 2821 728 2855 minus
754 2821 798 2855 ad
818 2820 1143 2864 Congregationem
1170 2819 1383 2854 Gener-alem
1409 2819 1592 2853 commode
1617 2820 1739 2854 uenire
1765 2831 1871 2865 posse

99 2872 293 2914 uideretur,
329 2873 568 2917 Congregatio
596 2873 831 2908 Prouincialis
866 2886 929 2919 per
964 2876 1048 2908 uota
1082 2876 1221 2907 secreta
1256 2874 1385 2907 statuit
1410 2873 1454 2907 ad
1490 2872 1592 2918 plura
1617 2873 1802 2916 suffragia,
1829 2885 1871 2908 ea

101 2925 356 2970 impedimenta
394 2926 509 2961 uideri
546 2927 720 2971 legitima.
771 2928 858 2962 Eius
898 2939 982 2971 ergo
1020 2926 1096 2961 loco
1123 2927 1245 2961 statim
1283 2925 1419 2960 electus
1454 2928 1508 2960 est
1547 2926 1660 2971 primo
1697 2927 1870 2961 scrutinio

100 2978 143 3013 R.
163 2978 200 3013 P.
220 2978 260 3014 P.
289 2979 453 3014 Canisius
470 2981 489 3014 ¹.
540 2980 628 3015 Post
662 2980 751 3015 haec
787 2981 855 3014 duo
883 2993 928 3015 ex
955 2979 1122 3014 Patribus
1149 2979 1191 3013 ad
1227 2978 1330 3024 plura
1355 2979 1527 3023 suffragia
1553 2979 1658 3014 electi
1684 2982 1778 3021 sunt,
1809 2980 1870 3025 qui

224 3073 234 3093 ¹
263 3072 377 3116 „Eligi
412 3073 542 3108 debent
576 3074 739 3119 inprimis
771 3074 840 3109 duo
867 3075 1050 3109 Electores
1078 3072 1278 3118 Praepositi
1313 3072 1436 3114 futuri,
1464 3099 1471 3108 .
1492 3099 1526 3108 ..
1554 3073 1759 3108 comitaturi
1785 3073 1869 3107 Pro·

100 3125 291 3160 vincialem
319 3126 363 3160 ad
382 3125 704 3171 congregationem
733 3128 948 3172 generalem.
989 3127 1123 3161 Deinde
1149 3126 1337 3170 eligendus
1363 3128 1419 3160 est
1444 3127 1583 3167 tertius,
1609 3129 1649 3161 ut
1669 3139 1713 3161 ex
1733 3127 1871 3161 duobus

172 3189 246 3216 Bra
256 3190 489 3223 unsberger,
509 3191 622 3217 Canisii
642 3191 797 3225 Epistulae
817 3192 849 3218 et
868 3192 954 3219 Acta.
981 3191 1045 3217 vil.
1540 3186 1585 3220 53
