2062 3443
310 161 410 197 1968.
439 161 605 196 Canisius
633 160 783 196 Alberto
804 160 846 195 V.
886 158 1106 204 Ingolstadio
1133 159 1233 193 initio
1262 159 1415 193 Ianuarii
1444 171 1475 194 a.
1499 160 1598 193 1577.
1761 161 1844 202 379

714 276 1100 319 SERENISSIMO
1135 276 1208 317 ET

599 341 1035 384 ILLVSTRlSSlMO
1069 340 1321 382 PRINCIPI

484 407 555 449 AC
588 407 834 456 DOMINO,
869 407 920 449 D.
946 406 1215 448 ALBERTO
1249 406 1447 447 COMITl

408 472 606 514 Palatino
640 471 793 522 Rheni,
828 471 1063 525 superioris
1096 473 1141 513 et
1173 471 1399 513 infer-ionis
1432 472 1517 513 Ba-

429 537 578 579 uariae
611 537 757 587 Dacia,
793 536 1018 578 PETRVS
1053 535 1317 578 CANISIVS
1352 536 1491 578 Theo-

676 602 802 654 logus
834 601 878 642 in
912 601 1082 643 Christo
1116 601 1247 643 IESV

861 667 902 710 S.
938 667 983 709 P.
1017 668 1068 709 D.

195 738 463 789 EQVIDEM
506 738 603 780 ITA
637 737 876 787 CENSEO,
921 737 1216 779 SErenissime
1259 737 1479 791 Princeps,
1523 750 1650 790 quam
1695 736 1765 778 diu
1807 735 1849 777 in

74 805 179 847 orbe
220 803 361 857 viguit
405 803 556 857 religio
603 803 861 852 Christiana,
910 807 997 845 tam
1043 802 1216 856 copiose
1257 816 1307 844 ac
1350 803 1575 844 elaborate
1616 801 1720 843 nihil
1755 815 1850 843 esse

75 870 237 912 dictum
280 872 325 911 et
366 869 596 922 scriptum,
642 868 920 921 quantumuis
962 868 1003 909 id
1047 867 1171 910 multi
1213 867 1503 918 tentauerint,
1547 867 1661 920 quod
1702 880 1850 908 sacro·

73 938 253 977 sanctae
286 933 479 987 Virginis
513 933 767 975 MARIAEh
800 933 1010 982 laudibus,
1045 933 1195 974 honori
1231 947 1280 975 ac
1314 932 1480 974 meritis
1514 933 1603 974 vlla
1636 946 1691 974 ex
1725 935 1850 986 parte

76 999 367 1042 satisfaceret.
423 999 536 1040 Nam
571 999 675 1041 etsic
708 998 1028 1052 praetermissis
1062 998 1171 1051 alijs,
1206 997 1286 1039 hoc
1309 997 1465 1039 vnumd
1498 997 1716 1039 duntaxat
1738 997 1850 1050 quod

73 1064 344 1118 Euangelica
384 1064 529 1118 prodit
571 1064 765 1114 historia,
810 1064 862 1105 (le
895 1063 1084 1105 MARIA
1128 1077 1512 1116 cognosceremus,
1556 1077 1657 1104 mox
1698 1065 1851 1104 tantae

74 1130 189 1172 illius
233 1130 418 1172 virtutes
463 1143 513 1171 ac
563 1129 687 1171 dotes
734 1133 1020 1183 apparerent,
1069 1133 1260 1181 quantae
1308 1141 1387 1170 nec
1436 1127 1581 1169 verbis
1629 1127 1849 1181 exprimi²,

75 1209 213 1249 neque
255 1195 421 1237 calamo
464 1194 662 1244 describi,
706 1209 785 1236 nec
826 1195 1042 1236 humanae
1085 1193 1256 1247 quidem
1299 1192 1458 1235 mentis
1500 1193 1697 1235 acumine
1735 1206 1851 1234 com-

75 1259 283 1315 prehendi
336 1263 529 1314 possunt.
609 1260 666 1302 Et
718 1264 867 1302 tamen
915 1273 1181 1313 magnopere
1234 1259 1428 1309 confert,
1483 1259 1759 1311 omniumque
1807 1258 1850 1299 in

71 1326 290 1368 Christum
331 1325 596 1367 credentium
631 1325 826 1375 interest,
870 1339 971 1367 suos
1005 1325 1233 1366 MARIAE
1267 1339 1350 1366 non
1386 1325 1536 1366 deesse
1569 1323 1850 1373 laudatoresf,

72 1405 234 1445 eosque
276 1405 359 1432 non
402 1391 539 1432 solum
575 1391 762 1445 optimos
795 1405 846 1432 ac
889 1390 1186 1444 peritissimos,
1230 1404 1411 1443 quorum
1445 1389 1599 1442 ingens
1630 1389 1853 1443 paucitasg

72 1471 170 1499 esse
201 1457 326 1507 solet,
360 1469 510 1498 verum
535 1457 666 1498 etiam
690 1456 968 1498 mediocriter
989 1456 1145 1498 saltem
1179 1456 1260 1497 hac
1294 1455 1502 1497 facultate
1536 1455 1769 1508 praeditos,
1806 1457 1854 1496 vt

78 1536 200 1564 suam
244 1522 296 1564 de
336 1521 411 1564 illa
452 1521 578 1563 fidem
622 1524 774 1576 aperte
806 1523 1039 1570 testentur,
1084 1521 1278 1574 aliosque
1320 1523 1528 1562 moneant
1570 1533 1620 1562 ac
1653 1519 1851 1566 doceant,

76 1602 172 1630 cum
206 1588 249 1628 in
273 1587 445 1630 Sanctis
478 1586 587 1636 aliis,
622 1591 712 1629 tum
737 1587 779 1628 in
814 1587 894 1628 hac
916 1586 1203 1631 sanctissima,
1240 1588 1285 1628 et
1318 1584 1707 1640 praestantissimis
1731 1584 1854 1626 donis

74 1653 315 1696 exornatah
359 1653 525 1694 fontem
571 1652 712 1706 ipsum
757 1652 965 1694 bonorum
1009 1652 1198 1693 omnium
1241 1651 1409 1693 DEVM
1455 1655 1575 1693 recte
1618 1650 1851 1704 suspicere,

73 1719 218 1773 palam
262 1717 527 1772 praedicare,
572 1722 616 1760 et
649 1732 743 1760 cum
786 1718 932 1760 fructu
966 1716 1198 1759 venerarii.
1263 1717 1346 1759 Sed
1382 1716 1742 1770 quemadmodum
1778 1714 1853 1766 illi,

74 1783 148 1838 qui
181 1783 371 1826 debitam
394 1785 438 1826 et
460 1783 619 1826 iustam
644 1783 874 1825 MARIAE
906 1783 1077 1825 laudem
1112 1782 1323 1833 tribuunt,
1357 1786 1459 1824 sunt
1481 1781 1712 1836 plurimum
1737 1795 1854 1822 com-

74 1849 326 1891 mendandi:
370 1848 431 1890 sic
474 1852 627 1891 contra
660 1849 736 1891 vix
778 1849 951 1891 nomine
994 1848 1165 1902 quidem
1198 1847 1442 1890 Christiano
1486 1847 1605 1900 digni
1635 1846 1853 1896 videntur,

74 1914 147 1967 qui
188 1917 368 1969 propter
411 1914 628 1957 Christum
675 1915 905 1956 Dominum
951 1913 1224 1956 benedictam
1266 1927 1369 1955 vere
1410 1913 1597 1955 Matrem
1643 1911 1735 1953 eius
1776 1924 1855 1953 nec

73 1982 238 2030 amant,
271 1993 350 2021 nec
384 1979 544 2029 colunt,
578 1994 657 2021 nec
690 1979 1021 2033 magnifaciunt,
1057 1993 1186 2032 quum
1220 1978 1301 2020 hoc
1334 1977 1427 2032 ipso
1462 1977 1698 2026 declarent,
1732 1990 1779 2018 se
1811 1976 1855 2018 in

74 2043 247 2086 Iudaeis
287 2044 456 2098 impiisk
503 2045 646 2099 potius
689 2044 838 2098 quam¹
871 2043 1128 2087 Christianis
1170 2057 1266 2085 esse
1308 2042 1610 2085 recensendos
1681 2041 1855 2084 Etenim

72 2109 136 2152 illi
159 2109 393 2152 secundum
418 2110 668 2153 Christum¹n
692 2110 852 2152 nullius
875 2111 1101 2152 beatorum
1125 2109 1353 2151 sanctitati
1376 2122 1427 2150 ac
1450 2107 1629 2161 gloriae,
1657 2109 1854 2161 praeter·

78 2188 208 2228 quam
249 2175 578 2217 laudatissimae
612 2175 818 2229 Virginis,
862 2178 964 2217 sunt
996 2174 1137 2228 magis
1169 2173 1350 2215 infensi:
1385 2173 1428 2214 hi
1461 2186 1566 2214 vero
1600 2172 1744 2214 diuino
1777 2185 1856 2226 pa-

72 2243 220 2282 rentes
253 2241 469 2290 oraculon,
502 2241 690 2283 Matrem
724 2240 897 2283 Domini
930 2240 1047 2282 nullo
1080 2254 1167 2281 non
1199 2239 1375 2281 saeculo
1410 2239 1626 2280 beatam
1660 2237 1856 2279 dicunt

75 2304 331 2359 publiceque
374 2305 599 2347 celebrant
640 2320 717 2360 per
758 2320 907 2348 omnes
950 2304 1218 2347 credentium
1260 2304 1481 2346 Ecclesias
1515 2307 1585 2345 et⁰
1627 2315 1856 2356 genera-

76 2370 297 2412 tiones1.
342 2370 471 2412 Cuius
504 2370 769 2413 laudationis
791 2385 845 2413 ne
878 2371 1065 2425 probata
1087 2370 1290 2411 deessent
1313 2369 1528 2422 exempla,
1564 2381 1675 2421 quae
1698 2366 1857 2409 futuris

74 2435 294 2478 aetatibus
327 2435 564 2485 Ecclesiae,
614 2440 826 2490 perpetuo
861 2435 984 2489 quasi
1032 2434 1351 2489 praelucerent,
1401 2447 1501 2475 ecce
1545 2432 1624 2474 tibi
1670 2431 1856 2486 primos¹'

77 2500 198 2543 velut
230 2500 459 2554 Euangelij
502 2504 652 2551 testes,
698 2515 902 2553 magnum
944 2501 1065 2543 illum
1109 2499 1203 2541 dico
1235 2499 1558 2552 Archangelum
1594 2496 1854 2546 Gabrielem,

77 2568 123 2608 et
154 2568 350 2607 sanctam
384 2566 560 2608 Ioannis
593 2566 823 2620 Baptistae
855 2568 1038 2608 matrem
1071 2564 1384 2606 Elizabetham.
1439 2563 1579 2604 Ambo
1612 2561 1724 2603 enim
1759 2574 1857 2603 coe·

196 2654 224 2681 a)
248 2653 283 2677 In
303 2653 329 2677 B
349 2653 486 2684 sequitu»-
506 2652 642 2678 Patrono
663 2651 895 2683 benignissimo,
916 2653 1122 2677 oblitteratum.
1194 2646 1226 2682 b)
1250 2648 1385 2682 Virginis
1405 2649 1514 2674 matris
1535 2650 1569 2673 B.
1637 2651 1663 2679 c)
1686 2649 1718 2672 In
1741 2650 1767 2673 B
1788 2649 1857 2672 Cau.

73 2693 119 2718 Sic
137 2694 268 2718 correxi!
289 2702 325 2719 es
345 2693 527 2720 satisfaciat.
565 2693 724 2726 Siquidem
746 2693 877 2720 etiamsi.
952 2693 982 2724 d)
1005 2695 1064 2718 Hor
1087 2702 1108 2717 ι’.
1132 2694 1160 2717 in
1182 2694 1208 2717 B
1229 2701 1245 2716 a
1268 2694 1337 2717 Can.
1358 2693 1422 2723 ipso
1443 2692 1577 2715 additum
1598 2694 1648 2714 est.
1712 2693 1739 2720 e)
1760 2690 1807 2713 Sic
1828 2689 1856 2713 in

75 2736 102 2760 B
123 2736 193 2760 Can.
213 2736 341 2760 cot-rearit
362 2744 398 2760 et
418 2735 513 2761 efferi.
598 2735 622 2760 f·
644 2737 677 2760 In
700 2737 725 2760 B
746 2744 762 2759 α
786 2737 856 2760 Can.
877 2744 952 2759 corr.
973 2743 1009 2760 ει·
1029 2741 1206 2767 praeconeS.
1298 2734 1328 2764 g)
1352 2734 1386 2758 In
1408 2734 1433 2757 B
1453 2741 1471 2757 α
1493 2733 1562 2757 Can.
1583 2739 1658 2756 corr.
1679 2739 1715 2756 ιι·
1735 2729 1858 2756 raritas.

78 2776 110 2807 h)
131 2777 162 2802 et
186 2778 259 2810 post
285 2776 441 2802 Christum
467 2776 727 2802 excellentissima
747 2777 892 2802 creatura
912 2778 956 2807 Β,-
978 2778 1006 2801 in
1029 2779 1050 2799 (J
1065 2779 1132 2807 pus!
1155 2784 1177 2800 υ.
1199 2776 1350 2800 exornata
1369 2775 1520 2806 seqnitur:
1541 2772 1667 2804 Virgine
1688 2773 1796 2801 matre,
1852 2791 1858 2797 .

77 2817 98 2850 i)
119 2820 153 2843 In
174 2820 201 2844 B
223 2827 264 2844 rr.
285 2827 354 2851 sqq„
382 2826 470 2850 usque
490 2819 529 2843 ad
550 2818 656 2843 contra
678 2819 753 2849 incl„
779 2827 796 2842 (ι
819 2820 888 2843 Can.
910 2819 938 2842 ιἰι
963 2819 1095 2849 υιανμῐηε
1122 2817 1226 2841 addita
1254 2820 1331 2847 sunt,
1358 2816 1534 2841 oblitteratis
1553 2816 1583 2839 in
1607 2816 1669 2846 ipso
1689 2815 1856 2839 litterarum

75 2867 197 2892 corpore
219 2871 259 2886 1⁸¹.
280 2860 329 2885 Illi
350 2863 462 2885 autem.
545 2859 576 2891 k)
598 2861 632 2884 In
656 2861 680 2884 R
701 2862 772 2884 Can.
791 2861 834 2884 sic
853 2861 982 2884 corr-emit
1003 2868 1039 2883 es
1059 2866 1092 2884 se
1113 2857 1150 2884 ad
1172 2857 1282 2891 impios
1303 2857 1441 2883 Iudaeos.
1522 2856 1542 2886 l)
1566 2857 1599 2881 In
1620 2857 1646 2881 B
1665 2856 1799 2887 sequitur
1819 2855 1859 2881 in.

79 2902 169 2926 oblitt.
246 2903 286 2927 mi
307 2901 474 2927 secundum
496 2907 585 2926 suum
605 2901 635 2925 et
657 2901 797 2926 nostrum
817 2900 972 2931 Messian),
993 2904 1021 2926 C.
1085 2902 1115 2931 n)
1139 2901 1171 2924 In
1188 2901 1213 2925 B
1234 2901 1304 2924 Can.
1322 2907 1378 2930 pro
1401 2907 1441 2924 vc.
1462 2896 1676 2923 recensendos.
1709 2896 1783 2922 Cum
1803 2895 1859 2921 hoe

80 2941 148 2974 ipso
169 2941 335 2971 declarent.
356 2949 389 2968 se
411 2941 448 2967 ad
469 2942 581 2975 impios
601 2941 731 2968 Iudaeos
752 2942 855 2975 potius
876 2949 966 2975 quam
989 2941 1026 2967 ad
1045 2941 1250 2967 Christianam
1271 2940 1427 2973 portinere
1447 2942 1581 2971 gentem,
1602 2946 1679 2971 quae
1699 2938 1734 2964 ut
1754 2937 1858 2963 diuino

78 2984 188 3016 pareat
206 2985 341 3014 oraculo,
361 2992 434 3016 quae
451 2985 584 3015 primum
605 2984 717 3015 scripta
732 2987 828 3015 erunt,
850 2992 902 3015 ιϊ.,
923 2992 995 3016 qnae
1015 2992 1108 3015 snpra
1123 2986 1190 3007 sun!
1208 2984 1317 3014 posita,
1337 2990 1377 3006 sc)
1388 2982 1467 3013 ipsit,
1483 2985 1695 3013 praeterquam
1714 2980 1788 3012 quot]
1802 2987 1860 3010 pro

76 3024 237 3051 beatorum
251 3027 371 3058 scripsit
392 3025 572 3050 coelestium
587 3032 621 3051 ae
635 3025 806 3055 beatorum,
826 3030 851 3050 et
863 3034 920 3057 pro
937 3025 1168 3050 laudatissimae
1182 3025 1301 3055 scripsit
1322 3023 1412 3048 huius
1432 3022 1672 3048 laudatissimae.
1729 3024 1758 3051 ο)
1782 3022 1861 3045 Haec

75 3069 94 3091 2
114 3075 157 3092 vr.
180 3068 207 3092 in
230 3068 255 3092 B
275 3075 293 3092 a
315 3068 385 3093 Can.
407 3068 470 3099 ipso
491 3067 594 3092 addita
615 3071 692 3092 sune.
767 3067 798 3100 p)
821 3069 854 3093 1η
876 3069 902 3092 B
923 3077 938 3092 a
962 3070 1030 3092 Can.
1052 3075 1125 3091 carr.
1147 3074 1183 3090 es·
1203 3072 1240 3090 en
1261 3065 1386 3099 primos.

200 3163 210 3182 ¹
237 3161 286 3195 Lc
315 3162 346 3201 1,
372 3161 429 3195 48.
