2051 3433
170 154 255 195 542
666 151 770 187 2061.
801 152 969 188 Canisius
996 152 1178 187 Everardo
1206 152 1445 187 Mercuriano.

170 266 325 302 2061.
402 268 620 303 CANiSIUS
649 266 1031 304 EVERARDO
1061 268 1106 303 M
1119 268 1517 305 ERleRIANO
1554 271 1759 316 praeposito
1786 272 1945 315 generali

359 320 550 355 Societatis
577 321 670 356 Iesu.
1378 323 1578 368 Oeniponte
1606 325 1663 359 ⁶26.
1684 324 1763 359 Iulii
1793 326 1897 362 1580.

289 386 341 420 Ex
368 386 592 431 autographo
621 386 701 429 (20;
728 386 749 420 2
768 398 843 431 pp.;
872 387 904 420 in
926 399 959 431 p.
979 388 1000 421 4
1020 389 1126 421 inscr.
1146 398 1251 421 manu
1275 387 1311 422 P.
1332 387 1516 422 Guilielmi
1535 387 1690 423 Elderen
1709 388 1743 424 S.
1758 390 1791 424 J.
1809 389 1945 435 scripta

168 443 203 474 et
230 439 430 484 particulae
457 441 555 482 sig).
597 439 718 474 Germ.
741 440 808 475 183
835 440 860 475 f.
881 440 1112 475 2882—25911.
1156 440 1319 484 Epistula
1345 452 1432 474 usus
1460 444 1515 475 est
1535 442 1655 486 Dukr,
1682 442 1789 477 Jes.I
1815 443 1895 477 227.

287 509 476 546 Praefatio
512 509 687 545 editoris:
724 510 776 545 De
812 522 921 545 causa
955 511 1104 552 halensi,
1142 523 1233 555 quae
1266 511 1373 546 huius
1409 512 1587 557 epistulae
1622 513 1852 558 praecipuum
1890 516 1945 548 est

166 568 430 607 argumentum.
456 564 545 598 haec
572 566 713 608 oportet
738 564 922 608 praemitti
949 568 985 598 et
1011 565 1253 609 praemoneri:
1290 564 1342 599 De
1369 565 1585 609 Magdalena
1611 566 1737 609 regina
1764 566 1815 608 (v,
1834 578 1944 612 supra

166 629 197 661 p.
218 618 302 658 466)
337 619 593 651 Merum-ianas
619 618 673 651 17.
694 617 786 651 Iunii
807 618 897 652 1580
917 617 957 652 Ρ.
974 618 1122 652 Hoffaeo
1149 618 1361 662 provinciali
1381 618 1575 663 *scripsit:
1603 619 1642 652 In
1661 618 1702 653 R.
1722 619 1766 654 V.
1786 619 1943 664 epistula

168 671 221 705 12.
237 671 372 716 Aprilis
391 672 475 705 data
498 671 591 713 „uidi
618 671 802 715 postulata
821 671 1001 715 Reginae:
1029 672 1063 705 in
1084 683 1153 715 quo
1181 674 1255 706 toto
1274 672 1418 715 negotio
1437 673 1590 706 facimus
1609 675 1649 706 ut
1667 673 1883 707 Reuerentia
1898 673 1942 707 V.

165 725 254 769 petit
289 725 500 759 facultatem
536 728 576 758 ut
602 735 682 758 cum
711 736 752 757 ea
787 725 969 767 transigat
996 726 1180 759 reseruata
1208 725 1410 760 conditione
1445 726 1672 770 beneplaciti,
1701 737 1942 770 assensusque

164 778 296 813 nostri:
333 779 436 812 modo
471 781 592 812 tamen
619 778 741 811 uideat
776 789 820 811 ne
857 778 939 822 quid
968 779 1031 812 fiat
1058 781 1182 812 contra
1208 778 1428 819 institutum,
1465 781 1527 813 aut
1553 779 1584 813 si
1610 780 1714 813 modo
1749 779 1884 824 aliquid
1912 780 1943 814 ei

163 832 428 865 concedendum
465 833 531 874 est,
567 842 635 864 non
672 831 720 864 sit
754 835 978 876 perpetuum,
1015 831 1077 865 sed
1113 834 1254 866 tantum
1292 832 1336 866 ad
1373 832 1450 866 eius
1486 832 1610 866 uitam.
1663 832 1792 866 Cetera
1827 833 1868 867 R.
1898 832 1942 867 V.

162 885 335 919 tractabit
370 896 476 928 quam
513 885 647 929 optime
683 885 833 929 poterit*
866 886 927 925 (ex
953 896 1098 925 comm.;
1136 885 1191 918 Rh
1222 885 1289 920 Inf.
1314 887 1340 926 1,
1377 885 1409 919 ΙΙ
1436 886 1577 929 f.43b).
1629 888 1805 930 Hoffaeus
1830 886 1943 930 igitur

164 937 268 979 Hala,
304 939 362 973 ubi
400 950 480 972 cum
508 938 652 973 Canisio
689 937 785 971 socio
821 941 856 971 ct
883 938 1104 972 admonitore
1140 950 1204 972 suo
1241 938 1433 982 collegium
1461 939 1652 974 Societatis
1679 939 1860 980 visitabat,
1897 940 1940 973 ad

163 992 429 1026 Mei-curianum
469 993 521 1026 16.
552 991 631 1025 Iulii
669 991 761 1026 1580
796 991 884 1025 haec
921 992 1110 1026 *rettulit:
1155 990 1360 1036 „Oportune
1395 992 1462 1027 sub
1501 994 1608 1027 finem
1646 993 1798 1038 Collegij
1835 993 1941 1028 huius

162 1045 382 1091 visitationjs
409 1057 470 1079 eas
497 1045 630 1090 accepi,
658 1056 748 1088 quas
770 1045 806 1079 P.
827 1045 868 1079 V.
891 1045 943 1079 17.
963 1045 1061 1090 Junij
1090 1046 1198 1080 dedit.
1241 1046 1417 1089 Transegi
1445 1058 1524 1080 cum
1545 1046 1782 1081 Serenissima
1802 1046 1941 1089 Regina

161 1100 350 1143 negocium
377 1099 609 1139 fundationis,
637 1110 790 1143 cumque
816 1098 852 1132 in
878 1098 923 1144 ijs
950 1099 1093 1143 punctis
1112 1110 1204 1143 quae
1224 1099 1263 1133 P.
1283 1099 1326 1134 V.
1347 1102 1595 1140 annotauerat,
1622 1100 1765 1134 tandem
1786 1100 1939 1142 cederet,

163 1154 279 1187 visum
308 1156 363 1187 est
389 1164 463 1187 rem
491 1153 568 1186 sine
594 1151 666 1186 alia
693 1153 726 1186 in
747 1152 872 1185 vrbem
894 1152 1063 1186 missione
1090 1152 1195 1197 plane
1214 1153 1390 1187 conficere
1417 1157 1453 1187 et
1471 1154 1720 1187 confirmatam
1739 1156 1939 1198 acceptare,

162 1206 256 1241 sicut
282 1207 377 1240 intra
412 1217 546 1251 paucos
573 1206 650 1239 dies
676 1206 747 1244 fiet,
785 1205 878 1249 quod
905 1205 1013 1239 etiam
1042 1205 1097 1239 his
1124 1206 1294 1240 Patribus
1330 1206 1520 1250 probatum
1548 1207 1628 1241 fuit.
1681 1206 1797 1240 Vnum
1824 1206 1939 1240 solum

162 1261 313 1294 extorsit
341 1260 489 1303 Regina,
525 1259 692 1292 nimirum
720 1260 760 1292 vt
797 1258 873 1292 eius
900 1258 1037 1300 hortus,
1076 1259 1136 1303 qui
1172 1262 1253 1304 post
1289 1260 1424 1294 obitum
1452 1259 1660 1294 relictarum
1686 1259 1867 1303 virginum
1894 1259 1938 1293 ad

160 1325 225 1347 nos
252 1314 327 1347 iure
354 1314 468 1347 redire
487 1312 679 1352 debuisset,
708 1315 870 1345 maneret
894 1312 938 1356 ijs
958 1324 1100 1356 quoque
1121 1313 1332 1355 virginibus,
1360 1324 1452 1357 quae
1470 1324 1629 1357 vnquam
1656 1312 1764 1347 huius
1782 1312 1937 1346 instituti

160 1367 304 1401 futurae
330 1369 425 1407 sunt,
462 1378 503 1400 ac
538 1370 614 1400 tum
641 1366 783 1399 demum
820 1365 864 1399 ad
891 1377 956 1399 nos
982 1366 1124 1400 rediret.
1177 1365 1330 1411 Tentauj
1358 1366 1480 1400 varios
1506 1368 1630 1400 modos
1658 1369 1698 1400 vt
1731 1365 1799 1400 hac
1831 1366 1873 1399 de
1900 1377 1938 1399 re

160 1432 370 1465 responsum
392 1420 430 1454 P.
452 1420 492 1453 V.
513 1421 743 1464 expectaret:
772 1418 991 1463 impossibile
1017 1419 1087 1453 fuit
1104 1419 1171 1453 hoc
1189 1419 1403 1464 impetrare:
1428 1420 1542 1463 igitur
1561 1419 1604 1453 de
1623 1419 1770 1453 consilio
1789 1419 1937 1453 Patruni

159 1473 228 1508 hac
262 1475 297 1508 in
332 1486 371 1508 re
407 1475 498 1508 cessi
527 1477 563 1507 et
589 1473 712 1507 curaui
748 1472 873 1506 literas
909 1473 1047 1517 parari:
1084 1472 1142 1506 Nil
1178 1473 1254 1507 fere
1291 1473 1503 1507 incommodi
1542 1473 1625 1507 hinc
1654 1473 1822 1518 patimur,
1857 1484 1937 1507 cum

159 1527 391 1562 nihilominus
419 1528 560 1561 hortum
587 1527 784 1560 habeamus
811 1526 969 1570 amplum
997 1530 1033 1560 et
1053 1525 1199 1560 vtilem:
1227 1526 1327 1570 Rogo
1349 1526 1382 1559 P.
1407 1525 1447 1560 V.
1467 1529 1508 1560 ut
1534 1526 1601 1560 hoc
1628 1527 1764 1560 factum
1791 1526 1937 1571 probet:

159 1580 298 1615 Scribet
324 1581 478 1626 ipsamet
502 1580 639 1623 Regina
657 1580 691 1613 ni
712 1578 819 1613 fallor
836 1579 904 1613 hac
923 1580 965 1613 de
984 1591 1023 1613 re
1042 1580 1183 1624 quando
1202 1581 1387 1614 mittemus
1414 1580 1579 1624 exempla
1605 1580 1935 1621 instrumentorum,

158 1635 216 1668 cui
243 1634 351 1668 velim
370 1634 410 1668 P.
429 1634 472 1668 V.
492 1636 533 1667 vt
558 1633 773 1678 respondeat
791 1636 954 1666 amanter
972 1636 1082 1676 atque
1101 1633 1153 1667 ita
1171 1645 1287 1667 meam
1307 1633 1342 1667 in
1369 1633 1438 1667 hac
1456 1645 1494 1667 re
1520 1634 1653 1667 factam
1673 1632 1935 1672 difficultatem,

159 1691 304 1733 propter
330 1688 579 1727 obedientiam,
606 1687 744 1732 probet,
771 1688 813 1720 vt
830 1686 937 1720 simul
956 1686 1065 1720 etiam
1092 1687 1339 1721 fundationem
1358 1689 1531 1731 acceptet,
1560 1689 1596 1720 et
1621 1686 1746 1720 literas
1765 1686 1808 1720 dc
1834 1686 1935 1720 horto

157 1742 342 1787 approbet,
369 1741 548 1785 simulque
569 1741 683 1786 ipsam
711 1743 824 1783 roget,
851 1752 895 1774 ne
921 1740 1072 1785 posthac
1097 1752 1209 1775 nouas
1233 1741 1452 1774 mutationes
1470 1741 1505 1774 in
1525 1740 1787 1774 Jnstrumentis
1813 1740 1934 1780 faciat,

157 1807 238 1830 cum
264 1795 335 1829 iam
362 1795 497 1829 multas
522 1795 661 1829 fecerit.
713 1795 795 1829 Jam
822 1794 946 1838 opinor
972 1797 1058 1838 puto
1087 1794 1125 1828 P.
1146 1793 1189 1828 V.
1208 1794 1301 1828 scire
1328 1794 1362 1828 in
1390 1793 1507 1839 priore
1533 1793 1744 1827 fundatione
1769 1805 1837 1827 non
1865 1793 1934 1827 nisi

159 1849 249 1883 1035
267 1849 421 1883 florenos
440 1849 553 1882 fuisse
573 1848 761 1882 fundatos:
788 1859 882 1882 nunc
901 1859 986 1881 vero
1005 1847 1205 1881 liberaliter
1223 1847 1314 1882 bona
1334 1847 1451 1881 Mater
1468 1847 1663 1892 compleuit
1689 1847 1933 1880 fundationem

158 1914 273 1946 vsque
299 1903 342 1936 ad
375 1903 465 1937 1500
490 1902 646 1936 florenos
673 1913 810 1936 annuos
836 1903 979 1946 praeter
1007 1901 1075 1935 200
1101 1901 1255 1935 florenos
1280 1900 1406 1946 templi
1422 1902 1440 1935 ¹.
1495 1901 1595 1945 Jpsa,
1622 1912 1687 1934 nec
1715 1911 1781 1943 ego
1807 1901 1936 1940 minus,

155 1956 314 1990 laetatur
350 1956 584 1990 vehementer
618 1967 694 1989 rem
729 1955 876 1989 tandem
905 1955 1117 1995 confectam,
1155 1955 1221 1989 etsi
1249 1955 1326 1989 sine
1353 1954 1498 1989 cholera
1526 1956 1561 1988 et
1587 1953 1785 1998 lachrymis
1811 1953 1935 1987 multis

156 2010 282 2044 confici
308 2022 396 2045 sane
422 2022 491 2044 non
527 2010 686 2054 potuerit
713 2010 757 2043 ab
784 2009 882 2054 ipsa:
919 2008 1012 2042 forte
1039 2011 1278 2053 conqueretur
1305 2009 1348 2042 de
1374 2020 1442 2049 me,
1477 2008 1539 2042 sed
1566 2007 1617 2052 rej
1655 2007 1830 2041 confectio
1857 2018 1935 2041 eam

156 2063 242 2097 mihi
268 2063 375 2098 facile
402 2063 708 2098 reconciliauerit“
742 2063 803 2104 (ex
829 2065 981 2105 autogr„
1009 2061 1129 2096 Germ.
1153 2062 1218 2096 158
1245 2063 1269 2096 f.
1289 2062 1411 2105 217³).

277 2130 525 2162 movent-salis.
569 2130 750 2161 Visitator.
791 2128 1034 2170 Difficultates
1058 2127 1314 2169 frihmssqenses.
1361 2126 1637 2159 Gomolinskins.
1683 2125 1934 2169 Parchinyius.

156 2183 328 2225 Magister
355 2184 586 2216 noviciorum.
642 2183 730 2215 Cum
758 2181 971 2223 Maydalena
998 2182 1124 2222 reyina
1151 2181 1192 2214 de
1227 2180 1443 2222 cantoribus,
1469 2180 1583 2222 horto,
1609 2180 1824 2221 fundatione
1851 2189 1931 2212 con-

156 2237 317 2269 stitutum
346 2241 403 2270 est.
450 2237 618 2270 canisius
645 2246 719 2268 eam
746 2235 912 2278 placavit.
958 2234 1067 2267 Illius
1093 2238 1121 2267 et
1153 2234 1338 2267 Guilielmz'
1363 2234 1402 2267 V.
1431 2234 1651 2276 confessarii.

251 2312 278 2363 †
315 2311 404 2353 Pax
437 2310 597 2353 Christi
630 2311 736 2353 Jesu
770 2309 893 2351 nobis
926 2312 1107 2350 aeterna
1139 2308 1394 2350 Reuerende
1427 2308 1657 2349 admodum
1692 2307 1837 2349 Pater.

275 2383 445 2424 Literas
488 2396 635 2424 mense
676 2382 900 2436 superiore
941 2381 995 2423 ad
1038 2395 1106 2422 me
1139 2380 1266 2422 datas
1300 2380 1446 2434 accepi
1488 2379 1643 2429 Halae,
1683 2392 1812 2432 quum
1847 2376 1933 2419 illic

155 2447 195 2488 in
232 2447 484 2490 uisitatione
507 2447 676 2502 collegij
704 2447 823 2489 Patri
846 2449 997 2488 nostro
1023 2445 1275 2487 Prouintiali
1300 2444 1443 2486 socius
1466 2443 1694 2486 adiunctus
1718 2455 1932 2484 uersarer.

154 2512 270 2554 Nihil
306 2513 468 2563 dubito,
503 2513 603 2566 quin
630 2513 674 2555 P.
699 2513 747 2555 Τ.
773 2512 835 2553 uti
868 2511 1006 2554 literis
1029 2511 1205 2559 indicat,
1240 2510 1340 2552 noui
1364 2508 1646 2551 Prouintialis
1678 2506 1933 2549 instituendi

154 2591 301 2620 curam
324 2582 472 2631 gerat:
508 2592 602 2620 eum
628 2592 706 2619 nos
729 2577 862 2620 talem
887 2590 982 2618 esse
1006 2576 1213 2630 cupimus,
1249 2575 1320 2628 qui
1343 2573 1654 2628 gubernandae
1690 2571 1933 2626 prouintiae

155 2643 279 2685 huius
302 2642 605 2696 grauissimum
636 2657 743 2684 onus
772 2643 904 2696 probe
927 2641 1143 2683 sustinere
1168 2641 1316 2694 possit.
1351 2640 1420 2681 An
1440 2640 1484 2681 P.
1506 2638 1718 2691 Georgius
1737 2637 1933 2679 Baderus

155 2708 264 2749 hanc
296 2712 465 2750 tantam
501 2707 718 2749 sarcinam
752 2708 867 2749 ferre
900 2706 1050 2761 possit,
1085 2706 1228 2748 fateor
1251 2720 1277 2747 a
1299 2719 1366 2746 me
1389 2704 1517 2746 ualde
1551 2703 1752 2745 dubitari.
1809 2701 1932 2752 Quis-

154 2773 249 2825 quis
294 2777 438 2815 autem
486 2773 792 2822 constituetur,
839 2786 923 2813 non
969 2785 1120 2825 parum
1163 2770 1340 2824 subsidij
1385 2769 1569 2823 accipiet
1609 2783 1634 2810 a
1677 2767 1930 2817 visitatore,

154 2851 279 2889 quem
314 2838 450 2879 nostri
483 2841 663 2892 sperant
695 2837 814 2879 breui
849 2836 1012 2886 adfore,
1048 2839 1146 2890 post
1179 2849 1316 2877 annos
1348 2834 1439 2876 fere
1473 2832 1715 2887 quindecim
1729 2833 1758 2875 2.

278 2944 285 2962 ¹
314 2943 534 2985 Corrigenda
560 2942 670 2986 igitur
697 2944 791 2981 sunt,
819 2953 911 2986 quae
938 2941 980 2975 de
1002 2940 1092 2975 1500
1118 2940 1265 2973 florenis
1294 2940 1362 2973 iam
1390 2950 1420 2972 a.
1443 2938 1530 2972 1571
1560 2936 1769 2971 constitutis
1787 2935 1931 2979 scripsit

161 2997 259 3039 Ram)
274 2996 358 3082 21'15:
375 2996 614 3093 3?ero(i]};mu8
641 3048 782 3083 Natalis
809 3060 902 3083 anno
931 3048 1021 3082 1566
1049 3046 1211 3080 ultimam
1239 3045 1416 3079 habuerat
1442 3043 1687 3078 visitationem
1715 3041 1929 3076 Germaniae

154 3102 368 3144 superioris;
396 3102 489 3135 unde
516 3113 561 3135 m.
582 3101 776 3136 Novembri
801 3101 888 3135 1566
917 3101 950 3134 in
979 3099 1198 3145 provinciam
1221 3097 1412 3132 Societatis
1435 3097 1631 3131 rhenanam
1658 3094 1804 3128 transiit
1824 3093 1928 3138 (ΕΝ).

156 3155 276 3187 Nwlal
305 3155 351 3188 lll
382 3155 598 3197 312—315).
