2062 3443
141 141 181 177 V.
208 140 344 176 Notitia
363 141 523 175 codicum
542 151 648 174 manu
667 140 790 185 script.
810 139 964 185 huicque
984 139 1158 174 volumini
1179 140 1327 175 adhibit.
1366 142 1394 175 1.
1416 141 1535 176 Codex
1555 145 1717 188 antverp.
1769 154 1858 177 inx

90 261 286 302 Romae
309 259 350 300 in
374 257 551 300 archivo
575 257 776 300 vaticano
800 261 968 300 secreto
991 257 1098 310 (19),
1123 258 1299 300 archivo
1322 259 1526 302 vaticano
1551 260 1751 302 Brevium
1778 261 1855 314 (1),

206 323 380 366 archivo
413 323 535 376 regni
567 322 702 366 italici
729 323 807 375 (2),
841 323 1018 364 archivo
1052 323 1222 377 collegii
1254 324 1489 378 germanici
1515 325 1592 379 (1),
1628 325 1669 367 in
1703 326 1857 368 biblio-

207 388 345 432 thecis
389 388 594 431 vaticana
637 389 714 441 (7),
764 388 1039 431 casanatensi
1084 388 1160 441 (l),
1207 389 1496 432 vallicelliana
1541 389 1618 443 (1),
1667 390 1856 433 Vittorio

206 454 441 496 Emanuele
474 454 550 506 (1),
585 453 755 506 collegii
788 453 1026 506 germanici
1061 453 1148 506 (l);

88 525 461 580 Septimancis
494 524 754 577 (Simancas)
788 525 829 566 in
864 524 1040 566 archivo
1073 525 1267 579 generali
1301 526 1423 579 regni
1456 526 1669 581 hispanici
1701 527 1789 581 (l);

87 596 477 651 Sigmaringae
508 596 551 637 in
584 595 845 639 bibliotheca
878 595 1120 650 principum
1155 596 1207 638 de
1240 596 1560 639 Hohenzollern
1594 598 1682 651 (l);
1717 599 1760 640 in

87 667 395 711 Societatis
427 668 552 709 Iesu
585 667 720 710 variis
753 667 948 709 domibus
981 666 1127 719 (100);

86 740 348 782 Treveris
381 738 541 792 (Trier)
575 739 617 780 in
652 738 913 782 bibliotheca
945 739 1063 781 urbis
1097 740 1174 792 (1).

204 828 438 870 Praeterea
469 827 566 869 huic
590 827 795 869 volumini
828 827 1021 872 adhibita
1054 831 1156 870 sunt
1188 828 1291 871 folia
1324 829 1490 882 aliquot
1523 829 1695 871 omnino
1728 843 1855 885 sepa-

83 897 202 944 rata,
252 906 363 947 quae
410 906 489 934 nec
535 895 653 935 certo
700 892 835 934 codici
882 894 950 936 vel
999 893 1206 936 fasciculo
1252 894 1504 945 coniuncta,
1554 908 1632 937 nec
1676 909 1855 938 numero

84 959 257 1014 signata
289 960 402 1001 sunt.

201 1029 377 1073 Codices
409 1029 507 1071 illos
530 1043 677 1071 omnes
700 1029 945 1072 describere
970 1029 1145 1084 longum
1171 1033 1259 1079 est;
1294 1045 1428 1084 quare
1461 1031 1541 1073 hoc
1574 1032 1667 1074 loco
1701 1032 1728 1074 ii
1763 1032 1854 1075 fere

83 1096 335 1139 nominatim
353 1095 706 1145 recensebuntur,
733 1109 912 1149 quorum
936 1096 977 1137 in
1000 1095 1081 1138 hoc
1100 1096 1317 1138 volumine
1335 1111 1437 1139 usus
1457 1097 1540 1140 erit
1563 1097 1852 1151 frequentior;

82 1161 233 1215 reliqui
268 1175 371 1203 vero
405 1160 493 1202 suis
526 1160 631 1202 locis
665 1160 1002 1204 nominabuntur
1035 1163 1092 1210 et,
1136 1165 1344 1214 quantum
1378 1176 1448 1204 res
1483 1162 1647 1214 tulerit,
1691 1163 1853 1206 descri-

83 1228 250 1270 bentur.
313 1225 487 1269 Iuvabit
519 1226 650 1268 etiam
685 1239 778 1268 eam
813 1226 866 1268 ad
899 1240 989 1268 rem
1028 1226 1189 1277 „Index
1222 1227 1523 1281 alphabeticus
1556 1228 1774 1270 nominum
1809 1232 1855 1271 et

82 1295 247 1335 rerum“
287 1292 329 1333 in
372 1294 594 1345 postrema
628 1291 855 1333 voluminis
897 1295 1023 1346 parte
1064 1293 1311 1346 ponendus;
1354 1292 1410 1335 ibi
1455 1293 1566 1335 enim
1609 1293 1853 1336 nominibus

82 1357 261 1409 urbium,
305 1357 348 1399 in
391 1357 544 1410 quibus
586 1357 756 1400 codices
796 1357 857 1399 illi
896 1358 1111 1412 (exceptis
1155 1358 1373 1400 codicibus
1417 1358 1670 1412 Societatis)
1711 1373 1852 1402 asser-

82 1425 253 1472 vantur,
296 1422 449 1466 ultimo
491 1422 585 1465 loco
627 1422 812 1465 addetur
854 1437 893 1465 v,
932 1438 972 1476 g.
1016 1423 1263 1474 „archivum
1306 1424 1516 1477 regium“,
1566 1424 1853 1476 „bibliotheca

82 1489 423 1539 universitatis“‚
475 1492 519 1531 et
563 1489 864 1531 adscribentur
908 1489 1093 1543 paginae
1139 1489 1265 1531 huius
1310 1489 1564 1540 voluminis,
1610 1490 1653 1532 in
1699 1490 1853 1543 quibus

81 1554 268 1604 archivi,
323 1553 630 1605 bibliothecae,
684 1553 820 1596 musei
872 1553 987 1596 illius
1035 1554 1205 1597 codices
1257 1554 1509 1597 fasciculive
1557 1558 1686 1598 erunt
1735 1570 1851 1597 com-

81 1619 321 1662 memorati.

201 1707 348 1742 Codices
375 1718 507 1748 omnes,
542 1709 686 1752 praeter
712 1707 852 1742 codices
880 1707 1068 1742 Societatis
1096 1708 1187 1749 lesu,
1214 1708 1258 1742 ab
1284 1708 1432 1743 urbibus
1458 1708 1790 1749 denominabuntur,
1817 1708 1854 1743 in

81 1760 208 1805 quibus
234 1772 328 1795 nunc
354 1764 600 1795 asservantur.
653 1761 689 1794 ln
718 1761 957 1806 descriptione
984 1762 1204 1806 singulorum
1234 1762 1394 1796 codicum
1422 1762 1542 1797 verbis
1568 1762 1702 1807 primis,
1738 1762 1853 1805 signis

131 1815 144 1830 “
174 1813 332 1853 inclusis,
367 1826 495 1848 nomen
530 1815 608 1849 sive
642 1817 727 1848 nota
761 1815 1024 1858 significabitur
1060 1815 1132 1856 illa,
1169 1827 1260 1860 quae
1286 1816 1321 1849 in
1348 1816 1414 1850 hoc
1441 1816 1517 1861 ipso
1546 1815 1735 1857 volumine,
1772 1818 1854 1861 post

79 1879 205 1902 nomen
231 1868 416 1909 urbanum,
444 1868 555 1902 codici
582 1868 803 1912 designando
831 1869 1070 1903 adhibebitur.

197 1927 282 1963 Ubi
309 1930 462 1962 autern
492 1927 836 1972 cuiuscumque
863 1928 1049 1962 codicis
1075 1929 1252 1963 nomini
1279 1930 1376 1963 sive
1394 1932 1524 1963 notae
1550 1940 1689 1973 neque
1716 1928 1853 1963 ullum

79 1981 408 2026 praepositum
436 1982 530 2015 erit
556 1993 717 2015 nomen
744 1982 974 2016 urbanum
1006 1982 1158 2021 (velut
1188 1983 1391 2024 „colon.'‘‚
1423 1983 1668 2026 „monac.“).
1700 1994 1852 2027 neque

79 2034 192 2069 aliis
227 2035 410 2076 verbis,
446 2035 522 2070 ubi
558 2035 705 2068 codex
741 2035 826 2069 ille
864 2039 1046 2074 exstet,
1083 2036 1419 2079 significatum
1447 2037 1559 2077 erit,
1596 2047 1647 2071 ea
1673 2036 1779 2081 ipsa
1805 2047 1853 2070 re

78 2088 481 2133 significabitur,
518 2088 812 2123 Societatem
842 2089 946 2124 Iesu
984 2089 1026 2123 in
1064 2090 1166 2124 eius
1204 2090 1516 2134 possessione
1553 2101 1670 2125 esse.

195 2148 503 2193 Descriptionibus
529 2148 682 2192 singulis
708 2149 884 2182 addentur
910 2149 1052 2184 nomina
1079 2150 1294 2194 scriptorum
1321 2150 1529 2189 recentium,
1558 2161 1647 2194 quos
1669 2149 1853 2184 codicibus

79 2201 148 2237 illis
174 2213 258 2237 usos
285 2213 364 2236 esse
390 2202 555 2247 equidem
582 2203 759 2247 comperi;
787 2203 995 2244 recentium,
1021 2203 1187 2247 inquam;
1214 2205 1274 2247 qui
1301 2204 1393 2237 enim
1423 2215 1467 2237 ex
1494 2203 1679 2237 veteribus
1704 2203 1760 2237 usi
1779 2203 1853 2238 sint

77 2255 214 2297 iisdem,
241 2256 386 2299 cognitu
413 2255 596 2290 difficilius
623 2259 688 2297 est,
715 2256 798 2300 quia
817 2259 959 2290 veteres
986 2260 1048 2290 aut
1075 2257 1171 2291 nullo
1198 2257 1302 2291 modo
1328 2260 1390 2291 aut
1417 2257 1604 2291 obscurius
1631 2257 1749 2291 fontes
1766 2267 1852 2291 suos

77 2308 233 2343 indicare
259 2308 433 2343 solebant.

694 2405 729 2439 1.
757 2403 888 2440 Codex
915 2405 1228 2450 antverpiensis.

193 2485 417 2531 Antverpiae
448 2487 483 2521 in
509 2498 632 2521 museo
659 2487 894 2532 plantiniano.

197 2549 366 2596 ,‚Briev.‘⁴
421 2552 542 2587 Codex
580 2553 615 2587 in
653 2554 707 2594 2⁰,
745 2554 840 2588 corio
878 2553 958 2588 albo
997 2553 1199 2598 colligatus.
1259 2554 1449 2599 Inscriptio
1489 2566 1612 2589 recens
1652 2555 1685 2588 in
1725 2554 1850 2589 dorso:

83 2604 336 2646 „1572—1578
398 2607 588 2641 Brieven‘.
639 2606 771 2651 Incipit
797 2608 820 2642 f.
849 2607 904 2642 2³:
945 2608 1007 2649 „Je
1034 2608 1205 2642 remercie
1231 2608 1468 2651 grandement
1494 2608 1536 2643 V.
1557 2607 1606 2642 S.e
1632 2608 1678 2642 du
1706 2608 1773 2642 bon
1800 2608 1850 2642 of-

79 2657 186 2699 fice⁴‘;
213 2659 427 2694 terminatur
453 2660 488 2694 in
514 2661 538 2694 f.
558 2660 774 2705 penultimo:
806 2661 1155 2706 „reinpublicamque
1181 2661 1384 2695 litterarum
1411 2661 1579 2706 adjutura
1606 2662 1850 2703 existimem“;

79 2712 114 2746 ff.
141 2713 233 2756 sign.
260 2713 328 2747 242
355 2715 390 2747 et
417 2712 555 2757 aliquot
580 2714 614 2747 ff.
643 2726 712 2748 nou
749 2715 840 2758 sign.
895 2714 1062 2749 Continet
1088 2714 1324 2760 epistularum
1351 2727 1372 2749 a
1399 2714 1655 2760 Christophoro
1684 2714 1851 2749 Plautino

79 2765 302 2811 typographo
329 2769 364 2801 et
399 2766 591 2812 bibliopola
618 2768 863 2812 antverpiensi
890 2768 933 2803 ab
960 2780 990 2802 a.
1013 2769 1100 2802 1571
1129 2768 1173 2802 ad
1203 2768 1291 2803 1578
1319 2768 1363 2802 ad
1390 2768 1522 2803 multos
1549 2780 1725 2814 proceres,
1752 2769 1850 2803 viros

81 2817 211 2859 doctos,
247 2819 458 2864 bibliopolas
494 2823 560 2855 etc.
600 2820 717 2859 (velut
752 2820 982 2856 Guilielmum
1014 2821 1183 2855 Sirletum
1219 2826 1254 2855 et
1281 2822 1475 2856 Antonium
1503 2821 1737 2856 Granvellam
1774 2833 1849 2856 car-

81 2871 227 2914 dinales,
254 2871 482 2908 Guilielmum
511 2873 709 2908 Liudanum
738 2874 942 2919 episcopum
970 2875 1305 2915 ruraemundanum,
1344 2875 1576 2910 Benedictum
1600 2876 1723 2909 Ariam
1750 2875 1848 2909 Mon-

80 2926 212 2966 tanum,
247 2926 286 2961 B.
313 2926 458 2961 Petrum
486 2926 678 2968 Canisium,
716 2928 851 2962 lustum
880 2928 1051 2972 Lipsium‚
1078 2929 1272 2962 Antonium
1301 2929 1491 2970 Muretum,
1527 2929 1757 2963 Franciscum
1785 2928 1849 2963 To-

81 2977 187 3013 letum
213 2978 246 3014 S.
276 2980 320 3022 J.‚
357 2980 587 3016 Franciscum
613 2981 828 3015 Turrianum
855 2982 888 3016 S.
918 2981 966 3025 J.)
1005 2981 1167 3016 datarum
1205 2983 1461 3017 commentaria
1496 2982 1540 3017 ab
1576 2982 1652 3027 ipso
1684 2981 1850 3016 Plautino

81 3032 231 3078 scripta;
259 3034 388 3078 quibus
415 3034 591 3069 accedunt
617 3034 792 3080 epistulae
819 3035 862 3069 ad
891 3034 1095 3069 Plautinum
1123 3036 1227 3070 datae
1254 3039 1290 3070 et
1315 3036 1386 3071 alia
1413 3036 1587 3081 quaedam
1615 3036 1759 3080 scripta.

83 3143 112 3178 G
163 3091 325 3181 dcogdice
367 3105 455 3129 usus
495 3097 551 3129 est
589 3096 690 3129 Max.
725 3096 872 3138 Rooses,
918 3094 1230 3140 Correspondance
1271 3098 1313 3130 de
1354 3095 1569 3141 Christophe
1610 3095 1774 3137 Plantin,
1822 3094 1848 3136 Ι,

115 3156 158 3179 an
217 3147 317 3181 184.
