2062 3443
604 165 802 210 Oeniponte
828 164 894 199 sub
921 163 976 198 26.
998 163 1153 197 Ianuarii
1183 163 1284 197 1574.
1742 165 1824 206 175

58 284 298 327 inuectiuas
331 283 560 338 pertinere.
610 284 673 325 Ac
708 281 897 324 breuiter
932 281 1199 323 occasionem
1226 294 1394 322 omnem
1430 284 1606 335 captare
1640 280 1824 330 uidetur,

59 353 106 393 ut
146 363 246 391 suos
288 349 508 391 auditores
549 352 699 391 contra
733 347 993 390 Societatem
1038 347 1218 388 eandem
1261 345 1448 388 concitet
1491 349 1534 388 et
1572 346 1823 389 inflammet.

61 415 182 456 Vnde
205 427 360 456 nomen
384 413 650 456 Jesuitarum
685 413 795 466 quod
830 414 1042 466 usurpant
1075 411 1270 464 germani
1294 425 1431 465 nuper
1455 411 1581 453 ualde
1606 412 1824 465 proscidit,

58 481 230 534 sumpta
271 479 495 521 occasione
528 493 553 520 a
585 479 689 520 Jesu
734 478 913 528 nomine,
959 477 1105 518 dicens
1146 476 1187 518 in
1232 476 1584 529 frequentissima
1622 477 1826 518 concione

59 545 138 586 hoc
170 558 323 586 nomen
358 544 613 586 Christianis
656 543 784 585 nullis
817 542 1060 590 conuenire,
1106 541 1205 594 quia
1237 556 1393 583 nomen
1436 544 1552 583 esset
1585 542 1826 584 diuinitatis

58 609 292 663 proprium,
317 612 362 651 et
379 609 648 651 Saluatorem
674 609 931 661 significare,
956 607 1136 660 ideoque
1162 607 1399 648 cauendum
1425 620 1532 656 esse,
1557 621 1610 648 ne
1632 606 1826 648 homines

58 688 104 717 se
136 675 381 716 saluatores
415 674 559 716 facere
583 674 823 716 uideantur.
874 673 1110 715 Praeterea
1142 672 1222 713 hoc
1255 686 1408 713 nomen
1443 672 1571 725 longe
1604 672 1827 713 sublimius

57 753 153 782 esse
186 753 314 793 quam
349 739 416 781 dei
447 753 602 781 nornen
646 753 741 781 cum
784 739 826 780 in
869 752 915 780 se
947 738 1206 780 Trinitatem
1242 740 1285 780 et
1317 738 1474 780 Christi
1516 752 1743 791 personam
1777 752 1826 779 ac

57 805 398 847 incarnationem
434 805 666 846 contineat.
721 805 829 846 Hinc
864 819 889 846 a
926 804 1057 845 Paulo
1091 803 1174 844 dici
1207 816 1360 844 nomen
1394 803 1474 844 hoc
1508 817 1621 844 esse
1663 817 1828 857 super

58 884 208 912 omne
241 883 428 911 nomen
449 871 471 911 ¹.
522 869 712 911 Taxauit
734 883 839 923 ergo
863 883 936 910 eos
960 868 1031 922 qui
1059 868 1139 910 hoc
1161 869 1266 910 Jesu
1300 882 1454 909 nomen
1489 868 1567 910 sibi
1602 872 1825 922 usurpant,

59 935 126 977 uel
157 935 230 977 illo
255 934 414 989 parsim
440 937 619 978 utuntur
651 934 692 976 in
717 934 850 984 libris,
884 934 1137 988 parietibus,
1172 933 1312 975 ianuis
1335 936 1379 975 et
1402 933 1587 983 uexillis,
1623 947 1717 974 cum
1742 934 1828 975 sint

57 1001 245 1054 alioquin
268 1000 386 1043 intus
404 1000 647 1049 daemones,
671 1014 770 1042 raro
789 1002 934 1042 autem
956 1002 1000 1041 et
1022 1002 1275 1041 reuerenter
1297 1002 1342 1041 et
1364 999 1404 1040 in
1429 999 1608 1040 summis
1627 999 1827 1053 periculis

57 1066 137 1108 hoc
170 1080 324 1107 nomen
359 1067 663 1108 assumendum
697 1079 813 1107 esse:
857 1068 902 1107 et
933 1065 1127 1106 Judaeos
1169 1064 1338 1117 quidem
1379 1064 1543 1106 maiore
1582 1065 1828 1106 reuerentia

59 1134 308 1185 prosecutos
352 1131 484 1173 fuisse
525 1145 682 1173 nornen
714 1131 863 1180 Josua,
907 1130 967 1172 sic
1013 1130 1123 1171 enim
1159 1129 1269 1172 dixit
1311 1144 1387 1183 pro
1420 1130 1602 1173 Jehoua.
1667 1130 1748 1172 Sed
1783 1133 1827 1172 et

58 1197 95 1240 S.
119 1196 385 1238 Bernardino
407 1197 590 1239 uetitum
614 1195 747 1238 fuisse
770 1195 881 1238 dixit
903 1209 928 1237 a
955 1196 1053 1237 Pon.
1075 1195 1191 1238 Max.
1216 1209 1269 1236 ne
1292 1195 1397 1237 Jesu
1419 1195 1607 1248 imagine
1629 1198 1828 1238 uteretur

58 1262 99 1303 in
132 1262 408 1304 concionibus
442 1262 494 1304 ob
527 1262 831 1309 reuerentiam,
874 1275 968 1303 cum
1006 1264 1151 1303 tamen
1185 1261 1447 1302 contrarium
1490 1261 1664 1315 probari
1697 1260 1826 1302 facile

58 1327 235 1382 possit2.
286 1327 330 1370 Si
362 1341 512 1369 nemo
554 1330 743 1382 potest
785 1326 994 1377 dicere,
1036 1326 1189 1379 inquit,
1234 1326 1482 1368 dominus
1515 1327 1678 1368 Jesus
1719 1326 1825 1367 nisi

57 1392 108 1434 in
140 1392 357 1447 Spiritu
390 1394 458 1434 s.3
490 1396 684 1447 peccant,
719 1392 791 1445 qui
814 1391 974 1447 passim
999 1391 1105 1433 illud
1121 1394 1351 1446 usurpant.
1402 1392 1584 1433 Demum
1618 1391 1826 1433 indicauit

57 1457 276 1512 proprium
311 1471 405 1500 esse
438 1457 915 1512 pseudoprophetarum
949 1460 994 1499 et
1016 1470 1347 1510 praecursorum
1371 1455 1642 1506 Ant-ichristi,
1677 1459 1725 1497 ut
1748 1456 1827 1497 hoc

57 1523 137 1565 sibi
170 1537 324 1565 nomen
356 1523 582 1577 imponant
614 1525 659 1564 et
690 1523 885 1565 tribuant
917 1522 1088 1564 dicente
1117 1522 1314 1580 Domino,
1350 1522 1501 1564 Multi
1534 1521 1747 1564 uenient
1779 1521 1827 1562 in

57 1587 272 1630 nomine
305 1589 467 1638 meo4⁷
503 1589 551 1630 ut
582 1588 749 1641 reliqua
781 1590 1128 1642 praetereantur.

183 1724 189 1742 ¹
218 1722 298 1756 Phil
325 1722 356 1764 2,
384 1723 415 1757 9.

179 1777 190 1796 ²
216 1776 249 1810 S.
273 1777 512 1810 Bernardinus
538 1775 707 1810 Senensis
737 1775 1017 1818 (1380-1444),
1044 1775 1185 1819 insigne
1220 1774 1308 1808 illud
1336 1775 1470 1809 ordinis
1497 1775 1677 1809 Minorum
1708 1775 1825 1813 decus,

58 1840 186 1864 nornen
216 1829 295 1864 lesu
332 1831 366 1864 in
404 1830 536 1864 tabella
562 1829 620 1863 vel
647 1829 720 1864 tela
755 1829 874 1863 aureis
911 1829 1044 1863 litteris
1079 1833 1267 1862 exaratum
1295 1831 1331 1862 et
1356 1829 1443 1863 solis
1478 1829 1589 1863 radiis
1625 1830 1780 1862 cinctum
1809 1840 1827 1861 e

57 1894 160 1917 sacro
186 1886 363 1927 suggestu
389 1883 519 1928 populo
546 1884 675 1917 cotidie
702 1883 891 1917 ostendere
919 1883 1067 1926 eiusque
1094 1882 1229 1916 cultum
1257 1882 1506 1916 commendare
1533 1882 1681 1916 solebat.
1737 1882 1826 1915 Cum

59 1939 177 1970 autem
204 1936 302 1971 illam
322 1936 365 1970 ob
384 1948 530 1971 causam
549 1936 792 1971 Bernardinus
811 1936 855 1971 ab
882 1936 1102 1970 adversariis
1129 1936 1171 1970 de
1198 1935 1337 1970 haeresi
1357 1939 1393 1970 et
1413 1935 1616 1969 idololatria
1634 1938 1826 1970 accusatus

58 1992 164 2028 esset.
199 1990 377 2025 Martinus
404 1990 445 2025 V.
474 2002 503 2025 a.
533 1990 622 2026 1420
648 1990 782 2025 tabella
809 1990 871 2024 illa
905 2002 984 2024 eum
1021 1990 1219 2024 interdixit.
1271 1989 1320 2023 At
1355 1993 1545 2034 postquam
1577 1989 1825 2029 Bernardinus,
1883 1985 1894 1995 ⁸

58 2043 252 2078 adiuvante
279 2044 408 2078 Sancto
434 2045 566 2078 Ioanne
594 2044 817 2089 Capistrano,
854 2043 987 2077 Romae
1022 2043 1167 2087 egregie
1193 2055 1232 2078 se
1265 2045 1446 2087 purgavit,
1485 2043 1661 2076 Martinus
1688 2042 1765 2076 eius
1792 2043 1824 2075 in

58 2096 155 2131 cultu
189 2097 343 2132 nominis
369 2098 449 2132 Iesu
486 2098 716 2142 propagando
748 2097 971 2141 diligentiam
1008 2109 1225 2141 magnopere
1261 2097 1447 2141 probavit3
1483 2108 1523 2131 ac
1551 2108 1630 2130 cum
1666 2096 1732 2130 sub
1759 2095 1823 2130 Eu-

57 2150 162 2193 genio
184 2151 242 2185 lV.
270 2151 399 2185 iterum
419 2151 660 2185 Bernardinus
685 2154 877 2185 accusatus
895 2155 1001 2193 esset,
1028 2151 1089 2185 ille
1114 2151 1247 2185 litteris
1274 2151 1481 2195 apostolicis
1509 2152 1539 2184 7.
1562 2150 1714 2183 ianuarii
1737 2150 1826 2184 1432

58 2204 152 2238 datis
177 2216 258 2238 eum
285 2205 380 2238 omni
405 2206 608 2249 suspicione
635 2205 802 2239 liberavit
820 2206 969 2249 eiusque
989 2205 1119 2248 agendi
1145 2205 1302 2239 rationes
1330 2215 1546 2248 magnopere
1572 2204 1754 2243 laudavit;
1782 2215 1825 2236 ex

58 2268 127 2301 quo
161 2260 323 2302 tempore
359 2260 394 2292 et
428 2258 623 2293 simulacra
656 2258 810 2293 nominis
837 2259 928 2299 Iesu,
965 2262 1001 2292 et
1036 2258 1197 2302 reliquus
1232 2258 1339 2292 huius
1376 2258 1528 2291 nominis
1564 2257 1683 2291 cultus
1710 2259 1826 2300 magis

0 2343 1 2352 ,
58 2311 246 2355 magisque
266 2313 300 2345 in
318 2312 470 2346 ecclesia
497 2315 694 2356 propagata
712 2315 798 2346 sunt
817 2312 919 2355 (Luc.
941 2313 1165 2356 Waddinyus
1184 2311 1224 2346 Ο.
1244 2312 1280 2346 F.
1304 2312 1361 2353 M,
1391 2311 1548 2345 Annales
1566 2311 1741 2344 Minoi-um
1763 2310 1826 2351 X2,

58 2363 192 2399 Romae
221 2365 321 2406 17:54,
349 2365 383 2399 in
411 2377 442 2400 a.
465 2366 554 2400 1420
581 2378 614 2400 n.
643 2366 663 2399 2
690 2366 730 2406 3;
758 2367 792 2400 in
820 2377 851 2400 a.
876 2366 964 2401 1432
991 2378 1023 2400 n.
1044 2366 1155 2405 2—5;
1186 2366 1269 2400 Vita
1298 2364 1505 2399 Ber-nardini
1532 2376 1553 2398 a
1581 2365 1826 2398 Franctscano

58 2418 209 2461 quodam
236 2419 267 2452 ei
295 2419 436 2462 aequali
463 2422 499 2453 et
524 2419 693 2453 familiari
720 2420 934 2464 conscripta,
961 2420 995 2453 in
1026 2422 1206 2454 Anrdectss
1224 2420 1478 2453 Bollandz'anis
1507 2418 1617 2457 XXV,
1648 2418 1826 2452 Bruxellis

60 2471 160 2513 1906,
197 2472 382 2507 317—323
418 2472 624 2513 328—330;
663 2473 734 2507 Der
768 2473 900 2516 heilige
936 2473 1133 2507 Bernardin
1170 2485 1239 2506 von
1268 2472 1383 2511 Siena,
1421 2484 1488 2505 von
1519 2473 1610 2505 I'anl
1641 2473 1827 2505 Tliureazc-

59 2525 217 2569 Danytn,
252 2525 435 2560 ubersetzt
460 2538 530 2560 von
557 2526 596 2561 P.
622 2528 736 2561 Ambr
779 2528 1011 2561 (iiitzelmamz
1040 2526 1080 2561 O.
1109 2527 1144 2560 F.
1169 2527 1238 2566 M.,
1276 2526 1455 2560 Mt'mchen
1487 2526 1594 2565 1904,
1632 2525 1824 2567 78-105).

58 2578 194 2612 Nasum
229 2581 350 2612 tamen
385 2579 453 2613 hac
478 2579 512 2613 in
540 2592 578 2614 re
604 2580 725 2624 aliqua
760 2581 898 2615 ratione
933 2580 1098 2614 excusari
1127 2592 1231 2624 posse
1259 2583 1362 2623 put0;
1399 2580 1476 2613 eius
1503 2579 1596 2612 enim
1623 2579 1741 2613 animo
1768 2578 1825 2612 ob-

58 2635 241 2666 versatum
269 2644 347 2666 esse
373 2633 517 2667 videtur
543 2634 679 2668 factum
706 2633 803 2675 illud,
830 2633 923 2678 quod
943 2635 1168 2677 Auyustsnns
1186 2634 1368 2666 Patricius
1394 2631 1429 2665 in
1461 2632 1627 2674 „Summa
1654 2631 1824 2665 Concilio-

58 2696 135 2719 rum
164 2685 401 2720 Basileensis“
432 2689 498 2720 etc.
527 2698 557 2721 a.
588 2688 678 2722 1480
704 2688 907 2732 conscripta
933 2688 1064 2721 refert:
1100 2686 1138 2720 ln
1166 2686 1314 2720 concilio
1342 2685 1534 2720 basileensi
1561 2697 1592 2719 a.
1615 2684 1704 2719 1438
1731 2685 1826 2719 circa

58 2749 103 2772 m.
125 2740 327 2782 Augustum
355 2739 442 2784 (quo
469 2743 628 2785 tempore
653 2742 812 2785 synodus
839 2741 900 2775 illa
927 2742 996 2774 iam
1023 2752 1091 2774 non
1115 2743 1191 2774 erat
1219 2739 1396 2783 legitima)
1429 2742 1571 2782 „actum
1590 2741 1646 2773 est
1665 2739 1707 2772 de
1726 2738 1825 2772 cultu

59 2791 212 2827 tabellae
237 2794 390 2827 nominis
418 2794 516 2834 Iesu;
544 2805 649 2838 quem
676 2795 788 2828 frater
815 2795 1061 2828 Bernardinus
1087 2793 1282 2827 Senensis.
1304 2821 1310 2827 .
1332 2820 1338 2827 .
1366 2792 1628 2827 introduxerat.
1673 2792 1719 2825 Et
1745 2803 1825 2825 cum

59 2856 79 2878 a
104 2845 228 2880 multis
252 2846 506 2890 reprobaretur
539 2847 658 2882 cultus
685 2848 756 2888 ille,
793 2850 829 2881 et
856 2847 1080 2881 Arelatensis
1111 2846 1303 2880 cardinalis
1334 2849 1523 2887 assereret,
1562 2845 1779 2880 Bernardino
1805 2856 1824 2878 a

59 2898 214 2933 Martino
239 2900 406 2944 pontifice
432 2896 545 2935 fuisse
571 2901 789 2946 prohibitum
814 2913 858 2935 ne
876 2901 911 2934 id
938 2901 1034 2935 ultra.
1061 2903 1206 2942 faceret,
1234 2900 1455 2934 affirmatum
1483 2903 1538 2934 est
1564 2902 1646 2944 post
1671 2899 1823 2943 prohibi-

57 2952 190 2986 tionem
215 2963 357 2998 semper
374 2954 418 2988 ab
438 2966 478 2988 eo
502 2954 600 2989 cultu
628 2954 846 2989 abstinuisse
864 2954 1134 2995 Bel-nardinum,
1162 2958 1198 2988 et
1216 2965 1273 2988 res
1291 2953 1495 2988 indiscussa
1513 2956 1567 2987 est
1588 2955 1624 2987 et
1642 2953 1825 2987 dimissa“:

60 3006 150 3040 Acta
177 3005 414 3041 Conciliorum
443 3008 512 3048 (ed.
542 3009 585 3043 ab
613 3010 662 3042 Io.
684 3009 880 3042 Hardecino
907 3007 940 3043 S.
960 3008 1009 3051 J)
1038 3007 1100 3048 IX,
1127 3007 1277 3042 Parisiis
1307 3008 1407 3045 1714.
1436 3007 1538 3041 1148.

180 3059 191 3079 ³
220 3060 235 3093 1
264 3060 331 3094 Cor
361 3061 413 3099 12.
440 3061 472 3095 3.

179 3114 190 3132 ⁴
222 3113 345 3154 „Multi
371 3114 518 3148 venient
544 3115 579 3147 in
614 3114 755 3149 nomine
781 3126 869 3155 meo,
905 3115 1084 3149 dicentes:
1121 3114 1196 3158 Ego
1222 3126 1301 3148 sum
1329 3114 1512 3153 Christus;
1551 3115 1588 3147 et
1613 3112 1745 3146 multos
1770 3123 1809 3146 se

60 3166 230 3200 ducentf:
266 3166 321 3200 Mt
346 3166 409 3207 24,
437 3167 469 3201 5.
522 3167 686 3202 Canisius
723 3168 894 3202 Kalendis
931 3167 1107 3202 Ianuariis
1143 3179 1176 3202 a.
1206 3168 1295 3202 1575
1332 3167 1532 3213 Oeniponte
1569 3178 1613 3201 ex
1649 3165 1823 3200 ecclesiae
