2051 3433
161 175 246 217 638
759 172 853 207 Mon.
883 173 986 209 1107.
1030 173 1085 208 29.
1109 172 1200 206 Iunii
1229 173 1332 207 1572.

160 292 352 346 eoeplz'cctt,
389 296 424 332 et
446 292 676 332 orationem
709 291 776 332 his
807 292 942 333 verbis
965 293 1186 333 terminat:
1218 291 1341 344 Rogo
1364 291 1498 344 igitur
1520 295 1565 333 et
1588 305 1739 333 moneo
1772 305 1933 341 omnes,

159 358 208 398 vt
231 356 412 410 posthac
435 355 514 407 sibj
540 356 889 398 commendatum
913 357 1116 405 habeant,
1152 360 1196 398 et
1217 360 1316 410 post
1338 356 1532 398 auditum
1558 357 1727 410 pulsum
1751 357 1935 399 libenter

160 421 354 470 veniant,
389 421 458 462 vel
492 434 593 461 suos
617 420 772 462 saltem
797 421 988 470 mittant,
1024 435 1101 462 nec
1124 421 1294 463 Christo
1318 425 1479 474 negent
1500 421 1706 464 honorem
1730 422 1934 472 debitum,

160 489 205 528 et
237 486 468 540 praecipue
501 490 550 527 vt
582 485 741 538 vbique
774 485 989 528 Christum
1024 486 1264 528 honorenta
1296 501 1380 528 non
1394 486 1408 506 b
1440 501 1525 528 vno
1557 501 1685 540 genu,
1719 487 1831 529 sicut
1857 487 1935 529 Ju-

161 551 273 604 daej,
308 551 383 592 sed
417 556 601 603 Vtroque
635 557 684 592 vt
717 550 964 605 Christianj.

280 617 426 671 Neque
448 621 589 657 tamen
612 617 713 658 haec
735 617 829 658 ilico
852 622 951 658 sunt
975 617 1198 671 diliyenter
1221 617 1439 659 observata
1451 633 1468 669 ;
1499 619 1640 673 itaque
1664 620 1731 660 10.
1755 619 1938 673 Auyusti

166 684 275 723 1:372
312 682 513 722 Canisius
547 696 566 723 e
599 696 720 723 sacro
759 687 951 736 suqyestu
985 683 1127 736 templi
1159 683 1200 723 S.
1229 682 1375 723 Crucis
1413 682 1722 737 Oenipontcmos
1754 685 1937 724 monuit:

159 746 320 788 Docetc
353 745 636 800 experientia,
672 747 779 800 proh
814 747 946 797 dolor,
982 747 1093 799 quod
1127 747 1204 788 tali
1240 746 1353 788 dicto
1387 747 1592 790 mandato
1626 761 1777 801 parum
1807 748 1937 790 satis-

158 812 228 861 fit,
274 816 319 853 et
363 811 475 864 quod
514 811 726 853 hactenus
765 826 904 865 neque
946 812 999 853 ob
1041 825 1232 853 amorem
1269 812 1345 854 Dei
1388 826 1528 865 neque
1570 827 1624 854 ex
1667 813 1822 855 timore
1864 827 1937 854 su-

158 875 378 931 periorum
411 890 550 918 nouus
583 880 819 931 conceptus
846 877 951 919 ordo
975 880 1191 920 seruatur.
1213 911 1221 919 .
1247 911 1255 920 .
1282 912 1290 920 .
1343 877 1580 931 Propterea
1611 892 1690 920 uos
1712 892 1861 920 omnes
1893 880 1938 920 et

159 941 354 994 singulos
397 955 551 983 moneo
594 945 639 984 et
680 942 821 994 quoad
859 956 1034 996 possum
1076 945 1254 996 propter
1286 942 1503 984 Christum
1536 943 1687 985 Jesum
1728 957 1847 997 rogo,
1890 945 1938 985 ut

158 1007 342 1061 posthac
374 1006 470 1048 sitis
502 1007 545 1048 in
579 1006 660 1048 hac
692 1011 818 1061 parte
852 1007 1094 1061 paratiores
1128 1012 1172 1050 et
1205 1007 1534 1058 obedientiores,
1574 1022 1713 1061 neque
1746 1022 1792 1050 se
1825 1008 1937 1050 ullus

160 1075 353 1114 excuset.
379 1106 417 1114 ..
444 1106 453 1115 .
497 1072 542 1114 Si
566 1072 660 1125 quis
689 1087 774 1114 non
807 1073 972 1121 fecerit,
1008 1076 1052 1115 et
1084 1072 1217 1115 fuerit
1240 1073 1429 1127 punitus,
1462 1074 1499 1114 is
1531 1073 1789 1124 meminerit,
1824 1074 1937 1126 quod

159 1137 217 1180 sit
249 1137 546 1191 praemonitus
578 1137 766 1179 fideliter
797 1152 823 1179 a
855 1151 936 1186 me,
973 1142 1017 1180 et
1049 1138 1162 1191 quod
1195 1138 1481 1191 magistratus
1515 1139 1647 1181 faciet
1673 1139 1715 1180 in
1739 1153 1790 1181 ea
1811 1143 1937 1194 parte

159 1203 343 1245 offitium
377 1217 514 1253 suum,
554 1206 603 1245 ut
635 1206 986 1257 transgressores
1026 1203 1133 1245 facti
1175 1203 1370 1246 mandati
1412 1204 1504 1245 iure
1544 1205 1828 1257 castigentur.
1893 1204 1937 1246 Si

159 1272 228 1310 est
270 1268 467 1310 defectus
510 1283 563 1310 ex
607 1271 733 1322 parte
776 1283 1035 1323 campanae,
1078 1269 1208 1311 facile
1246 1268 1502 1322 intelligetis
1543 1270 1725 1323 posthac
1766 1271 1936 1323 quando

158 1333 328 1386 signum
363 1334 535 1376 dabitur
567 1334 610 1375 in
644 1334 723 1375 1100
756 1336 932 1388 templo,
968 1339 1016 1377 ut
1053 1334 1096 1375 in
1129 1338 1326 1388 tempore
1359 1334 1641 1378 conueniatis.
1669 1369 1677 1377 .
1703 1369 1712 1378 .
1739 1369 1747 1378 .
1788 1335 1937 1377 Sciant

159 1412 309 1440 omnes
343 1399 457 1452 quod
490 1413 611 1440 mens
644 1402 688 1441 et
721 1399 924 1441 uoluntas
947 1399 1159 1454 Principis
1194 1397 1316 1454 [est,]
1351 1402 1399 1441 ut
1427 1399 1525 1441 huic
1548 1400 1754 1443 mandato
1786 1401 1938 1443 stricte

159 1467 382 1518 pareatur.

278 1529 338 1571 At
356 1529 473 1571 circa
490 1544 544 1572 m.
559 1529 852 1572 Novembrem
873 1530 1011 1572 denuo
1030 1530 1282 1573 mandatum
1302 1530 1413 1571 idem
1430 1529 1743 1584 Oenipontanis
1767 1544 1792 1572 a
1811 1530 1936 1572 Cani-

159 1594 221 1636 sio
235 1594 277 1636 111
297 1594 549 1637 memoriam
568 1595 765 1637 revocari
783 1609 959 1637 necesse
974 1596 1069 1638 fuit.
1110 1596 1334 1647 „Mirum“,
1351 1595 1490 1649 inquit
1510 1597 1595 1647 ille,
1622 1598 1690 1646 „et
1707 1596 1937 1638 dolendum

157 1662 249 1702 tum
282 1674 445 1714 paucos
486 1660 668 1714 reperiri
701 1660 952 1703 obedientes
986 1661 1102 1703 dicto
1134 1661 1341 1703 mandato
1373 1661 1457 1702 iam
1501 1675 1633 1715 saepe
1666 1663 1934 1713 confirmato,

158 1725 318 1768 multos
350 1740 454 1767 uero
487 1726 592 1767 nihil
626 1726 799 1768 omnino
833 1729 1050 1777 curantes,
1094 1730 1142 1769 ut
1174 1740 1314 1779 neque
1346 1740 1424 1781 per
1456 1741 1516 1777 se,
1555 1740 1695 1779 neque
1727 1740 1804 1780 per
1835 1740 1935 1768 suos

158 1791 448 1833 reuerentiam
469 1792 600 1833 ullam
619 1791 855 1834 exhibeant
873 1795 1149 1835 sacramento
1165 1806 1261 1833 cum
1280 1793 1560 1846 exportatur“
1577 1792 1698 1844 (Can.
1711 1794 1765 1834 34
1777 1791 1808 1835 f,
1827 1791 1934 1845 18¹³),

277 1872 381 1906 Anno
415 1873 579 1917 proximo
614 1885 655 1907 ea
692 1873 734 1907 de
770 1885 808 1907 re
843 1873 1052 1907 mandatum
1078 1885 1210 1907 novum
1239 1873 1345 1917 idque
1372 1873 1527 1918 amplius
1554 1874 1588 1907 in
1623 1873 1739 1908 lucem
1767 1873 1937 1907 emissum

159 1928 234 1966 est3
263 1926 319 1960 die
338 1926 431 1959 enim
451 1927 484 1959 5.
504 1926 625 1960 Martii
646 1938 675 1961 a.
701 1927 789 1961 1573
809 1927 1055 1961 Ferdinandus
1073 1927 1271 1967 mandavit,
1298 1930 1339 1960 ut
1357 1927 1487 1971 ubique
1508 1927 1718 1971 quadrante,
1744 1931 1938 1971 antequam

157 1982 422 2013 sacramentum
450 1980 494 2013 ad
522 1984 710 2023 aegrotum
737 1981 893 2025 aliquem
920 1980 1172 2025 perferendum
1201 1985 1308 2022 esset,
1336 1980 1488 2025 populus
1515 1992 1711 2025 campanae
1737 1980 1939 2025 pulsatione

158 2044 201 2066 ea
227 2032 270 2066 de
295 2044 334 2066 re
361 2033 492 2067 certior
518 2033 740 2076 redderetur,
777 2037 813 2068 et
839 2036 879 2067 ut
905 2045 950 2068 ex
976 2033 1132 2077 singulis
1159 2034 1322 2068 domibus
1354 2045 1447 2068 unus
1483 2034 1611 2068 saltem
1640 2033 1698 2067 vel
1725 2045 1795 2067 una
1821 2044 1939 2068 sacra-

157 2089 318 2120 mentum
346 2086 598 2127 comitaretur;
634 2087 730 2129 item,
767 2091 807 2121 ut
839 2088 1044 2132 quicunque
1079 2088 1114 2121 in
1150 2087 1210 2121 via
1245 2089 1472 2122 sacramento
1507 2087 1650 2122 obviam
1684 2086 1773 2121 facti
1808 2088 1940 2127 essent,

158 2139 313 2174 debitam
354 2141 634 2181 „reverentiam“
666 2140 698 2174 ei
735 2140 966 2180 exhiberent3
1004 2141 1046 2174 de
1083 2140 1170 2174 urbe
1206 2144 1324 2175 autem
1352 2141 1592 2185 oenipontana
1627 2142 1815 2185 praeterea
1841 2151 1939 2185 prae-

158 2193 368 2237 cipiebatur,
395 2196 434 2227 ut
460 2194 521 2238 qui
548 2194 584 2227 in
611 2194 785 2239 principis
812 2194 1077 2228 valetudinario
1095 2193 1289 2234 alerentur,
1315 2196 1582 2228 sacramentum
1611 2194 1878 2234 comitarentur,
1905 2195 1941 2226 et

157 2249 198 2279 ut
235 2257 378 2291 semper
417 2258 460 2281 ex
504 2246 751 2288 „scholaribus
788 2248 1026 2293 pauperibus“
1069 2247 1138 2282 duo
1176 2247 1356 2282 sacerdoti
1392 2247 1528 2281 vexilla
1568 2258 1680 2292 parva
1718 2247 1942 2292 praeferrent

161 2301 277 2342 (Hm-n
302 2300 325 2335 1.
345 2312 373 2335 ο.
395 2300 409 2334 1
440 2301 535 2344 180).

161 2403 307 2440 1107.
409 2405 465 2441 29.
493 2404 589 2441 Iunii
615 2404 709 2441 1572.

278 2464 332 2498 Ex
359 2465 616 2499 commentario
642 2466 789 2510 scriptO,
816 2467 856 2499 ut
881 2476 991 2510 supra
1016 2477 1051 2510 p.
1073 2464 1154 2499 605.
1199 2464 1285 2500 Can.
1308 2465 1349 2499 51
1380 2465 1403 2499 f.
1423 2465 1519 2499 325³.

281 2525 448 2558 Cani-sius
470 2526 672 2569 Oensponte,
699 2537 765 2559 cm·
782 2526 887 2558 multi
912 2526 1074 2558 ecelesiae
1092 2536 1263 2558 romanae
1288 2526 1531 2567 adversentur,
1558 2536 1574 2557 e
1593 2529 1756 2568 suyyestu
1782 2525 1938 2567 exponit.

282 2590 450 2624 Canisius
474 2592 510 2623 in
541 2593 702 2624 contione
732 2592 922 2634 Oeniponte
949 2593 985 2624 in
1013 2592 1138 2633 templo
1167 2592 1203 2624 S.
1227 2592 1353 2624 Crucis
1379 2602 1475 2623 anno
1504 2593 1596 2623 1572
1621 2591 1678 2623 die
1702 2590 1767 2623 SS.
1790 2590 1888 2622 Petra·
1911 2594 1940 2622 et

159 2643 269 2675 Paula?
305 2645 544 2687 apostolorum
572 2647 643 2677 sive
678 2647 734 2678 29.
763 2646 865 2678 lunii
891 2645 938 2677 (1ιί
964 2644 1195 2677 Ferdinandi
1220 2644 1270 2677 II.
1299 2644 1505 2677 archiducis
1530 2645 1664 2677 aulicos·
1697 2643 1819 2676 habita
1845 2643 1941 2684 haec,

152 2700 300 2739 praeter
326 2698 412 2739 alia,
439 2708 494 2730 eos
520 2699 680 2731 monuit:
706 2698 778 2732 Cur
805 2697 908 2731 hodie
934 2696 1039 2731 multi
1065 2709 1134 2731 non
1162 2697 1290 2730 fauent
1314 2697 1377 2731 sed
1405 2697 1644 2731 aduersantur
1672 2695 1856 2730 Ecclesiae
1874 2695 1940 2729 Ro-

158 2759 295 2783 manae.
325 2752 355 2784 1.
384 2750 475 2791 Quia
501 2753 586 2784 sunt
612 2751 706 2784 male
733 2750 896 2796 persuasj
925 2750 969 2784 ab
995 2749 1159 2784 hostibus
1186 2750 1383 2790 Ecclesiae,
1410 2750 1504 2794 quod
1531 2750 1578 2784 sit
1598 2749 1759 2783 Romana
1778 2748 1941 2783 Ecclesia

158 2802 446 2837 Antichristiana
481 2804 542 2838 etd
577 2804 729 2838 credunt
763 2803 951 2838 horrendis
985 2803 1183 2847 mendacijs
1219 2806 1256 2837 et
1291 2804 1495 2847 figmentis,
1535 2814 1628 2847 quae
1662 2803 1870 2837 scribuntur
1906 2805 1942 2836 et

159 2859 382 2899 sparguntur
415 2860 540 2891 contra
566 2857 789 2897 Pontificem,
827 2857 1039 2897 cardinales,
1077 2856 1285 2891 Cortisanos
1313 2861 1349 2890 et
1375 2857 1466 2891 alios
1491 2857 1626 2891 Romae
1652 2856 1869 2896 habitantes,
1906 2857 1941 2889 et

161 2909 213 2942 sic
240 2911 410 2943 auertunt
437 2910 546 2944 etiam
574 2910 684 2944 bonos
713 2911 756 2945 ab
783 2911 850 2944 hac
870 2910 1043 2951 Ecclesia,
1071 2910 1173 2955 quasj
1193 2921 1371 2954 nusquam
1391 2910 1508 2953 magis
1527 2921 1569 2944 ac
1596 2909 1745 2953 grauius
1771 2911 1940 2954 peccetur

159 2972 266 3005 quam
294 2963 428 2996 Romae
454 2966 490 2996 et
518 2963 551 2996 in
580 2963 741 2997 Romana
768 2963 942 2998 Ecclesia.
993 2963 1025 2997 2.
1052 2962 1131 2996 Non
1158 2963 1389 3006 distinguunt
1415 2963 1508 2996 inter
1534 2973 1725 3007 personam
1756 2961 1939 2996 Pontificis

161 3016 197 3047 et
236 3018 463 3058 potestatem,
502 3016 565 3049 sed
604 3020 734 3061 putant
774 3019 963 3061 propterea
1002 3017 1173 3050 minorem
1215 3022 1322 3050 esse⁰
1361 3015 1574 3050 Pontificem
1612 3016 1648 3049 in
1688 3017 1868 3060 potestate
1906 3016 1942 3047 et

279 3098 306 3126 a)
328 3098 467 3128 Sequitur
487 3096 522 3126 si,
542 3098 630 3122 oblite.
699 3098 728 3126 b)
751 3099 889 3129 Sequitur
909 3097 997 3127 sicut,
1019 3097 1109 3121 oblitt.
1173 3099 1199 3125 c)
1222 3099 1300 3122 Ilaec
1323 3105 1363 3122 1ϊ.
1385 3101 1411 3122 e!
1432 3098 1540 3127 omnin,
1561 3104 1634 3128 quae
1653 3099 1826 3128 sequanmur,
1846 3095 1942 3126 ipsiu-5

162 3138 230 3162 Can.
253 3146 340 3162 mmm
360 3139 473 3169 svripta
493 3142 569 3164 sunt.
633 3138 663 3167 d)
686 3140 856 3171 Sequuntur
878 3147 918 3164 vr.
940 3138 1092 3169 affingunt
1112 3137 1149 3163 do
1170 3138 1220 3163 illa
1240 3138 1395 3164 horrenda
1414 3137 1581 3169 mendacia,
1602 3138 1778 3163 oblitterata.
1845 3137 1873 3167 e)
1894 3136 1942 3161 Sic

161 3185 318 3203 coi-rectum
340 3182 381 3203 ese
401 3188 437 3204 ea:
457 3186 557 3211 posse.
