2051 3433
172 133 256 174 396
648 130 750 165 1975.
778 130 1076 172 Bartholomaeus
1103 129 1146 163 de
1172 130 1295 164 Portia
1322 129 1475 165 Canisio.

169 246 263 280 della
292 246 458 286 dottrina,
486 248 559 280 6061
586 245 619 279 10
638 257 802 289 veggono
830 258 894 280 con
915 246 1009 280 assai
1029 245 1129 279 saldo
1156 245 1258 290 piede
1285 246 1434 280 fundato
1454 246 1511 280 nel
1528 246 1644 281 buono
1663 249 1942 292 proponimento‚

170 300 291 344 poscia
317 299 381 333 che
409 311 472 343 per
499 299 702 332 effettuarlo
728 311 797 332 non
824 299 882 333 s'e
909 301 1034 333 curato
1062 299 1094 332 di
1123 298 1276 333 lasciare
1302 299 1334 333 le
1362 300 1577 334 commodita
1601 304 1698 334 certe
1717 328 1724 335 .
1746 328 1752 335 .
1773 329 1780 335 .
1807 302 1945 335 involto

168 353 202 386 in
230 353 385 392 miseria,
422 356 458 386 et
494 352 700 396 angustiato
736 352 830 386 dalla
865 353 1045 387 necessita
1081 352 1115 385 di
1142 353 1278 386 nutrire
1305 353 1446 396 moglie,
1482 356 1518 387 et
1554 353 1703 397 figliuoli
1730 354 1850 388 mohi‘
1883 360 1944 397 (ex

168 417 289 450 apogr.
320 406 453 440 recenti
488 405 734 440 commentarii
772 405 827 439 vel
863 405 1061 450 apographi
1099 406 1249 449 antiqui,
1286 407 1379 450 quod
1417 409 1472 440 est
1508 407 1544 440 in
1571 407 1653 442 Cod.
1684 419 1769 441 rom.
1803 407 1943 450 7,(161111.

169 458 246 492 Vol.
276 460 360 493 82²⁸
392 460 416 493 f.
446 460 526 500 57¹’;
554 459 706 492 alterum
737 459 941 504 exemplum
970 461 1094 492 exstat
1129 460 1161 492 in
1200 459 1416 494 bibliotheca
1442 460 1620 501 vaticana,
1658 460 1740 495 Cod.
1770 460 1852 496 Vat.
1880 461 1943 497 lat.

168 513 259 547 6405
289 514 312 546 f.
334 513 421 553 3513
450 513 496 547 cf.
517 513 625 546 etiam
653 513 854 547 Schellhass
879 513 902 547 1.
922 525 951 546 c.
972 513 1036 546 551
1058 512 1094 555 ¹).
1122 512 1300 547 Martinus
1327 514 1438 557 igitur
1456 513 1668 556 Eisengrein
1694 514 1946 549 universitatis

169 565 464 609 ingolstadiensis
491 566 790 610 superintendens
817 569 853 599 et
878 565 1200 600 vicecancellarius
1226 566 1381 600 ministri
1401 566 1497 601 illius
1516 568 1688 612 scriptum
1709 567 1786 601 sive
1812 568 1944 603 litteris

167 619 356 653 tabellario
393 620 538 653 traditis
574 619 651 653 sive
688 619 758 653 alia
794 619 931 653 ratione
959 619 1243 653 communicasse
1270 619 1414 654 videtur
1449 632 1528 654 cum
1558 620 1701 655 Canisio
1727 620 1947 655 Ratisbonae

165 678 356 711 versante:
393 673 452 716 qui
490 673 617 706 deinde
649 673 835 706 Moronum
872 673 948 706 eius
984 673 1035 706 rei
1071 684 1181 706 causa
1217 673 1316 707 adiit.
1372 673 1520 707 Morono
1556 680 1688 711 autem.
1724 674 1792 708 nisi
1829 674 1945 715 fallor,

167 728 313 759 auctore
333 725 467 760 Romae
489 728 721 769 Conyreyatio
739 725 975 760 cardinalium
995 726 1203 769 germanica
1223 726 1255 760 8.
1275 726 1432 760 Ianuarii
1454 727 1543 760 1577
1563 728 1713 768 censuit,
1740 727 1944 772 pontificem

166 790 270 822 posse
301 781 464 821 „mittere
491 780 522 813 ei
550 781 640 813 dono
659 782 802 814 centum
822 791 961 819 aureos,
989 779 1218 813 medietatem
1238 791 1342 821 nunc,
1370 779 1520 814 alteram
1549 784 1685 825 postea,
1714 784 1750 814 et
1776 782 1946 815 mandare

166 833 307 873 nuntio,
346 836 386 867 ut
420 833 563 866 interim
603 833 697 877 apud
733 833 1042 877 archiepiscopum
1079 832 1402 876 salisburgensem,
1439 834 1630 868 Ernestuin
1666 834 1948 877 Frisingensem,

165 885 371 930 episcopum
401 887 653 930 Augustanum
691 889 727 920 et
761 886 851 920 alios
886 886 1090 920 huiusmodi
1127 886 1308 931 praelatos
1344 888 1431 929 agat
1457 887 1516 924 de,
1535 887 1611 921 loco
1638 886 1759 931 aliquo
1786 888 1817 921 ei
1845 888 1946 921 attri—

165 939 314 979 buendo,
352 940 411 974 ubi
447 940 624 973 talentum
662 951 767 973 suum
795 951 965 973 exercere
991 939 1125 983 possit“
1160 940 1358 983 (Schwarz,
1396 939 1480 975 Gut.
1504 941 1599 982 121).
1651 941 1690 973 ln
1716 940 1809 974 hanc
1834 940 1947 984 igitur

165 993 382 1026 sententiam
421 993 615 1027 cardinalis
656 994 833 1026 Comensi-3
872 993 924 1026 12.
957 993 1111 1027 ianuarii
1151 993 1240 1027 1577
1280 993 1422 1027 Portiae
1457 994 1623 1038 scripsit,
1663 994 1769 1028 simul
1806 998 1946 1035 11013116,

164 1057 237 1079 16111
275 1058 354 1080 6666
390 1047 663 1091 opulentissimo
700 1046 762 1080 illo
799 1046 1070 1091 archiepiscopo
1106 1046 1367 1090 salisburgensi
1400 1047 1593 1091 indignam,
1630 1047 1722 1091 quod
1758 1050 1949 1092 tantopere

164 1099 375 1143 neglegeret
410 1100 601 1141 hominem,
639 1100 699 1144 qui
735 1104 771 1134 et
808 1111 916 1144 opera
952 1099 1117 1143 religioni
1155 1100 1380 1134 commodare
1418 1104 1454 1134 et
1480 1101 1645 1145 exemplo
1682 1100 1771 1134 alios
1797 1101 1839 1135 ad
1868 1113 1947 1136 eam

163 1153 307 1187 trahere
334 1157 475 1198 posset3
514 1154 720 1195 „intendera
747 1165 835 1187 anco
862 1153 905 1186 V.
927 1153 972 1195 S.⁷
1000 1166 1039 1188 se
1066 1156 1122 1187 tra
1149 1154 1173 1187 li
1200 1154 1352 1197 figliuoli
1382 1154 1447 1189 6116
1475 1166 1554 1188 6660
1581 1154 1627 1188 113
1654 1166 1698 1188 116
1724 1154 1778 1188 613
1804 1155 1948 1198 qualch'

164 1219 233 1241 uno
264 1206 384 1241 habile
421 1220 441 1242 a
477 1219 559 1242 cose
586 1208 619 1241 di
648 1207 781 1251 chiesa,
819 1207 951 1251 perche
979 1207 1013 1242 S.
1044 1207 1186 1241 Santita
1213 1208 1376 1242 venendo
1403 1208 1625 1242 l’occasione
1661 1208 1758 1242 saria
1785 1208 1948 1242 d‘animo

164 1261 199 1295 di
225 1261 457 1307 provedergli
484 1261 519 1295 di
545 1261 699 1305 qualche
725 1261 899 1294 beneficio
927 1272 990 1305 per
1016 1261 1113 1295 aiuto
1132 1261 1189 1295 del
1216 1261 1327 1305 padre
1346 1264 1382 1295 et
1401 1262 1496 1295 dela
1522 1261 1706 1306 famiglia'‘
1732 1262 1951 1304 (Schellhass

162 1314 185 1349 1.
205 1327 233 1349 c.
254 1316 323 1351 570
339 1315 377 1358 ¹).
423 1314 647 1359 Quamquam
676 1317 796 1349 autem
821 1314 855 1348 in
883 1314 941 1348 his
965 1315 1132 1359 epistulis
1150 1315 1407 1349 contionatoris
1426 1315 1532 1349 huius
1550 1327 1678 1349 nomen
1696 1327 1765 1349 non
1793 1317 1947 1360 ponitur,

162 1370 252 1403 satis
280 1371 417 1403 certum
446 1371 511 1410 est,
538 1368 736 1412 significari
764 1367 1016 1402 Sebastianum
1037 1368 1167 1402 Flasch
1195 1368 1531 1409 mansfeldiensen13
1560 1369 1632 1412 qui,
1660 1370 1698 1402 ut
1724 1369 1775 1403 ait
1794 1368 1852 1403 Dr.
1874 1371 1947 1402 An·

162 1423 269 1456 Areas
290 1424 372 1456 Rem
398 1422 588 1467 episcopus
612 1422 932 1465 argentoratensis,
960 1433 991 1455 a.
1010 1422 1100 1455 1576
1120 1421 1333 1464 ingolstadii
1352 1422 1520 1462 rationes,
1548 1425 1695 1466 propter
1713 1433 1803 1466 quas
1823 1421 1948 1456 relicto

163 1475 439 1510 Lutheranismo
466 1475 509 1509 ad
537 1475 726 1509 ecclesiam
755 1474 969 1509 catholicam
997 1486 1035 1508 se
1062 1475 1268 1520 recepisset,
1305 1475 1473 1519 vulgavit
1514 1475 1634 1509 libello
1663 1475 1783 1515 latino,
1821 1474 1950 1509 Carolo

165 1529 349 1563 archiduci
377 1530 591 1574 Styriaeque
619 1528 772 1574 principi
799 1529 982 1569 dedicato;
1011 1539 1052 1562 ac
1079 1527 1159 1562 Rafi
1186 1529 1344 1562 rationes
1371 1529 1453 1563 illas
1471 1529 1676 1572 germanice
1703 1528 1814 1562 vertit
1832 1528 1949 1572 iisque

164 1582 254 1617 11366
281 1583 485 1617 adnotavit:
518 1582 646 1625 „Diese
665 1582 770 1616 Satze
796 1582 968 1616 scheinen
987 1582 1051 1616 das
1070 1581 1237 1616 Resultat
1264 1582 1512 1627 langjahriger
1530 1581 1740 1625 Forschung
1767 1594 1810 1615 zu
1836 1593 1946 1627 seyn;

164 1636 258 1670 denn
285 1648 323 1670 es
350 1637 397 1670 ist
423 1636 524 1670 nicht
542 1636 711 1680 moglich,
740 1635 811 1670 dass
830 1647 913 1669 man
933 1636 968 1669 in
994 1647 1034 1669 so
1061 1636 1280 1679 gedrangter
1299 1636 1417 1670 Kiirze
1436 1635 1538 1669 mehr
1563 1635 1782 1679 schlagende
1802 1634 1950 1669 Grtinde

163 1690 491 1724 zusammenfasse“
516 1690 767 1733 (Convertiten
790 1690 830 1731 lI,
851 1689 1069 1732 254—255).
1107 1688 1333 1724 Gravissima
1359 1701 1446 1723 sane
1465 1691 1560 1729 sunt,
1587 1700 1679 1733 quae
1699 1688 1885 1722 Flaschius
1905 1688 1948 1721 de

162 1744 321 1778 moribus
341 1746 377 1777 et
396 1744 472 1777 vita
498 1744 743 1778 ministrorum
772 1743 995 1787 quorundam
1023 1743 1292 1776 lutheranorum
1314 1746 1456 1783 narrat:
1485 1755 1518 1777 v.
1541 1744 1697 1777 ιῙαηε3ιιη
1724 1742 1746 1776 1.
1767 1754 1794 1776 c.
1814 1742 1846 1776 V
1867 1743 1949 1762 5-’6

161 1797 362 1832 416—418.
414 1797 536 1840 Longe
572 1799 692 1831 autem
732 1796 878 1830 maioris
913 1796 1084 1830 momenti
1123 1796 1193 1830 fuit
1228 1796 1272 1837 id,
1309 1797 1403 1840 quod
1439 1797 1676 1830 cardinalium
1707 1796 1950 1839 Congregatio

161 1851 369 1894 germanica
411 1851 534 1884 eodem
585 1852 746 1895 tempore
789 1850 951 1884 decrevit
993 1852 1029 1883 et
1071 1861 1134 1894 per
1176 1850 1395 1884 cardinalem
1440 1850 1651 1884 Comensem
1695 1860 1775 1883 cum
1819 1848 1942 1882 Porti-a

162 1904 497 1938 communicandum
525 1904 685 1938 curavit:
722 1903 788 1937 Die
814 1904 847 1938 8.
867 1903 1024 1937 Ianuarii
1053 1904 1156 1943 1577,
1192 1906 1232 1937 ut
1258 1904 1293 1937 in
1329 1904 1421 1938 actis
1447 1903 1740 1946 congregationis
1766 1905 1946 1942 narratur,

165 1960 304 1999 „actum
324 1957 394 1991 fuit
413 1957 455 1991 de
475 1956 626 2000 collegio
646 1957 861 1991 Germanico
880 1959 914 1990 et
933 1956 1069 2001 placuit
1088 1957 1279 1997 sententia,
1308 1968 1400 2000 quae
1419 1956 1453 1990 in
1473 1957 1648 2001 superiori
1668 1954 1951 1998 congregatione

160 2011 358 2056 approbata
385 2010 464 2051 fuit,
492 2010 703 2044 instituendi
734 2010 873 2044 nobiles
900 2010 935 2043 in
954 2010 1052 2051 urbe,
1081 2010 1170 2043 31106
1191 2022 1275 2044 vero
1298 2010 1334 2044 in
1355 2009 1583 2044 Germania“.
1629 2009 1944 2054 „Approbave1·at“

160 2067 280 2098 autem
322 2065 556 2107 congregatio
597 2064 652 2098 11.
682 2064 892 2098 Decembris
935 2064 1036 2104 1576,
1081 2066 1141 2105 „ut
1179 2063 1316 2097 nobiles
1355 2066 1497 2097 tantum
1537 2063 1672 2097 Rornae
1711 2062 1951 2096 instituantur

159 2120 307 2162 propter
334 2129 458 2151 eorum
485 2117 745 2162 promotionem
774 2118 817 2151 ad
846 2118 1079 2151 canonicatus
1107 2120 1142 2150 et
1169 2117 1250 2150 inde
1285 2117 1328 2150 ad
1357 2117 1529 2151 ecclesias
1557 2116 1721 2156 maiores,
1754 2126 1846 2159 quae
1872 2115 1950 2150 fieri

159 2172 288 2215 potest,
315 2171 351 2204 in
378 2182 447 2214 quo
474 2170 668 2215 praecipua
686 2182 770 2215 spes
789 2171 982 2213 erigendae
1009 2172 1046 2204 et
1071 2170 1328 2204 instaurandae
1356 2170 1541 2213 religionis
1567 2170 1637 2203 sita
1661 2171 1728 2203 est.
1768 2168 1952 2212 lgnobiles

159 2226 279 2257 autem
308 2224 341 2257 in
370 2214 540 2268 pluribus⁸
561 2224 777 2258 Germaniae
805 2224 892 2258 locis
920 2223 1218 2264 distribuantur“‚
1246 2226 1282 2256 et
1308 2223 1388 2265 soli,
1424 2223 1454 2257 si
1482 2223 1543 2267 qui
1572 2234 1692 2256 eorum
1721 2222 1883 2265 insignes
1909 2232 1948 2255 se

159 2276 401 2320 praebuerint,
437 2277 481 2311 ad
517 2289 650 2311 annum
678 2278 753 2311 fere
790 2276 940 2311 Romam
977 2277 1169 2310 mittantur
1199 2277 1387 2319 (Sc-lucare
1412 2276 1435 2310 l.
1455 2288 1484 2311 6.
1504 2277 1536 2310 11
1567 2276 1635 2311 120
1665 2276 1761 2318 121).
1824 2275 1952 2309 Fortia

160 2330 272 2374 igitur
310 2330 434 2364 Bonna
474 2330 584 2374 (unde
623 2330 806 2365 Coloniam
845 2331 1073 2376 profecturus
1110 2331 1203 2373 6131)
1240 2332 1274 2365 4.
1302 2330 1422 2364 Martii
1454 2330 1541 2364 1577
1580 2328 1753 2364 cardinali
1789 2328 1954 2362 Comensi

159 2383 370 2428 rescripsit:
402 2384 590 2426 „Scriuero
617 2385 819 2429 parimente
841 2384 875 2418 al
895 2384 1012 2418 Padre
1033 2383 1177 2417 Canisio
1204 2395 1267 2428 per
1294 2394 1431 2428 sapere.
1460 2395 1498 2416 se
1529 2383 1539 2416 i
1566 2383 1644 2416 suoi
1671 2382 1706 2416 in
1734 2381 1958 2424 lngolstadio

160 2436 341 2470 har-ranno
379 2437 596 2472 commodita
633 2438 667 2471 di
704 2441 827 2472 tenere
866 2438 975 2479 diece,
1011 2439 1030 2470 ὸ
1070 2437 1194 2470 dodeci
1231 2437 1366 2470 alumni
1404 2437 1437 2470 di
1474 2435 1517 2470 N.
1537 2436 1688 2478 Signore
1726 2438 1761 2468 et
1797 2446 1862 2469 con
1889 2434 1955 2468 che

159 2501 278 2534 spesa,
307 2492 344 2524 et
369 2501 408 2524 se
445 2491 537 2524 tanti
574 2502 728 2535 possono
754 2491 890 2525 hauere
926 2491 961 2524 in
988 2490 1155 2533 Dilinga‘
1197 2490 1258 2532 (ex
1286 2490 1496 2534 archetypo,
1532 2489 1626 2532 quod
1667 2491 1722 2522 est
1749 2487 1885 2522 Romae
1920 2488 1954 2521 in

160 2543 309 2577 archivo
346 2543 525 2585 vaticano,
558 2543 672 2578 Nunz.
701 2544 734 2578 di
763 2544 883 2578 Germ.
904 2544 948 2578 82
984 2555 1017 2588 p.
1037 2544 1101 2582 86;
1140 2543 1247 2576 etiam
1286 2544 1379 2587 apud
1418 2545 1578 2585 Jlansen,
1615 2541 1759 2575 Nunt.l
1787 2541 1953 2575 ‹52-65:

164 2596 344 2640 epistulae
384 2597 634 2642 apographum
673 2598 797 2631 eodem
842 2601 1004 2642 tempore
1040 2597 1217 2641 scriptum
1256 2599 1379 2630 exstat
1417 2596 1588 2630 Colloreti
1618 2596 1676 2638 [cf.
1697 2606 1806 2639 supra
1833 2595 1951 2639 p.1.51

163 2649 202 2683 B.
221 2650 243 2683 4
270 2650 359 2685 fasc.
379 2650 409 2684 G
438 2651 463 2685 f.
484 2651 574 2694 31³).

284 2711 346 2742 Vir
373 2711 421 2743 ad
446 2711 550 2752 fidem
579 2722 777 2744 conversus.
823 2711 901 2744 Sole·
927 2711 1165 2743 adulescentes
1190 2710 1325 2743 nobiles
1350 2710 1495 2752 Romae,
1525 2709 1656 2751 reliqui
1684 2709 1718 2741 in
1752 2708 1950 2740 Germania

161 2773 181 2794 (ι
206 2764 373 2805 pontifice
399 2765 554 2798 alentur.
600 2764 780 2807 SmnptuS.
820 2765 1025 2806 Quaerens&
1050 2763 1192 2796 nobiles.
1239 2763 1336 2796 Socii
1362 2763 1586 2796 volonienses.

447 2841 692 2883 Admodum
728 2842 986 2884 Reuerendo
1020 2841 1153 2883 Pater

284 2910 436 2952 Adhuc
460 2912 680 2954 Coloniam
714 2927 798 2955 non
832 2913 1067 2966 tetigeram
1102 2925 1198 2953 cum
1225 2914 1401 2965 praesto
1425 2911 1508 2953 fuit
1530 2910 1571 2951 in
1595 2909 1751 2952 itinere
1774 2908 1954 2950 nuntius

161 2989 257 3017 cum
300 2976 439 3017 literis
481 2991 590 3029 quas
633 2978 880 3020 crediderat
913 2978 1114 3019 Summus
1149 2976 1353 3018 Pontifex
1394 2975 1498 3017 mihi
1542 2975 1583 3016 in
1624 2973 1814 3016 Bauaria
1856 2972 1951 3014 fore

160 3041 410 3090 tradendas,
454 3041 496 3082 in
540 3041 625 3084 11116
659 3042 784 3096 plura
817 3045 943 3084 erant
984 3044 1029 3084 et
1072 3055 1167 3083 cum
1202 3040 1488 3083 Serenissimo
1522 3040 1669 3081 Duce¹
1702 3037 1951 3083 tractanda,

264 3113 299 3159 T
317 3114 466 3173 Ahgjm
494 3139 535 3174 V.
