2062 3443
345 132 544 178 Oeniponte
570 133 663 167 inter
690 134 880 167 exeuntem
907 142 938 166 a.
961 131 1050 166 1573
1078 133 1114 166 et
1139 131 1295 166 medium
1323 143 1353 166 a.
1376 132 1476 167 1576.
1719 136 1802 177 255

122 251 361 285 Ribadeneira
388 253 481 285 1572
490 263 501 284 .·

80 321 144 363 [L.
161 324 193 364 2,
213 333 238 356 c.
254 324 307 364 11,
324 322 350 364 f.
365 322 451 365 604]
466 321 588 356 Sacer-

33 373 128 409 dotio
155 374 266 418 igitur
292 376 363 408 iam
390 375 588 416 decoratus,

35 426 213 471 integrum
250 428 333 462 anni
359 428 517 472 spatium
544 429 588 462 ad

32 490 70 515 se
82 481 197 525 magis
209 481 458 525 colligendum,
469 493 588 527 sump-

30 533 98 574 sit,
158 534 387 579 animumque
442 547 589 580 praepa-

30 587 191 629 randum,
224 590 263 622 ut
290 589 588 632 augustissimum

30 640 111 675 Iesu
139 640 272 676 Christi
309 642 440 676 domini
475 643 588 676 nostri

30 705 159 739 corpus
173 721 181 730 .
198 720 206 729 .
221 721 229 729 .
253 696 378 740 purius
393 695 466 730 Deo
484 696 588 740 patri,

30 747 183 792 primum
197 748 350 783 offerret.
372 776 378 783 .
399 777 406 783 .
427 776 434 783 .
462 750 589 794 Itaque

30 802 106 835 toto
125 800 191 835 hoc
209 803 378 847 tempore,
405 802 588 838 mirabiles

30 853 290 889 illustrationes
309 855 445 897 habuit,
474 856 586 890 Vene-

28 907 101 952 tijs,
128 907 300 949 Vicetiae,
326 908 409 954 alijs
434 910 468 943 in
493 910 586 944 urbi-

27 960 105 1002 bus,
140 961 175 995 in
212 961 290 996 uia:
330 966 369 996 ut
394 965 587 998 restitutus

27 1014 95 1049 sibi
120 1014 156 1049 in
183 1026 262 1049 eum
288 1018 422 1050 statum
449 1016 586 1051 uidere-

26 1070 95 1109 tur,
115 1080 221 1112 quem
237 1069 425 1103 Manresae
443 1070 585 1105 habuis-
608 1087 610 1152 ι

25 1123 92 1161 set,
125 1121 185 1156 ubi
220 1133 328 1167 supra
357 1123 500 1158 modum
530 1126 585 1168 (ut

25 1174 196 1218 diximus)
225 1175 429 1212 illustratus
455 1181 582 1213 est...
607 1163 610 1236 Ι

26 1228 137 1264 Porro
149 1229 183 1263 in
198 1232 273 1264 toto
285 1230 421 1273 itinere,
436 1233 528 1276 quod
539 1258 563 1267 ..
575 1260 582 1266 .
608 1237 609 1259 l

25 1293 96 1317 una
122 1294 202 1317 cum
220 1283 346 1325 Fabro,
373 1285 554 1330 Laineque
574 1286 582 1306 ¹
606 1304 607 1326 1

26 1335 138 1370 Roma
185 1348 313 1372 uersus
363 1338 580 1381 instituerat,
606 1332 607 1387 i

23 1388 257 1433 singulariter
291 1402 312 1425 a
338 1391 411 1426 Deo
442 1395 478 1426 et
503 1393 580 1427 illu·
606 1390 607 1414 ³

23 1442 238 1486 minabatur,
276 1447 312 1479 et
349 1436 607 1481 confirmabat-l

22 1498 83 1531 tur
108 1502 165 1532 etc.
604 1514 606 1519 ’

139 3035 150 3056 ¹
177 3034 266 3069 Cum
292 3035 400 3070 Petro
425 3035 540 3070 Fabro
566 3037 603 3070 et
627 3036 755 3071 Iacobo
782 3037 905 3072 Lainio
934 3038 1121 3083 (Laynez).

825 248 898 282 Can
905 248 992 281 isius
1001 259 1013 280 .·

1336 250 1576 283 Ribadenec'ra
1604 251 1716 283 1586.-

1222 318 1282 362 ¹in
1322 330 1359 352 re
1397 319 1563 353 audiendi
1602 331 1670 353 non
1707 322 1802 354 sunt.

1222 373 1471 406 :Animalis
1507 372 1629 406 homo
1670 372 1801 417 (inquit

1248 425 1457 470 Apostolus)
1480 438 1564 459 non
1590 426 1802 471 percipit

1220 479 1221 483 ’
1247 490 1296 512 ea
1324 490 1442 523 quae
1469 479 1552 513 Dei
1579 480 1716 520 sunt‘2,
1744 491 1801 514 ne-

1220 524 1221 532 *
1246 542 1314 575 que
1358 533 1450 566 enim
1493 535 1631 578 potest,
1674 544 1802 568 coecus

1220 587 1221 609 ἶ
1245 585 1339 619 enim
1376 587 1418 620 de
1452 586 1630 620 coloribus
1656 598 1725 620 non
1752 588 1801 621 iu-

1219 635 1221 644 '
1245 638 1352 673 dicat.
1384 639 1455 685 Alij
1482 642 1567 674 sunt
1593 642 1713 674 tamen
1734 640 1800 674 viri

1246 692 1386 734 eruditi,
1426 696 1459 727 et
1501 695 1533 727 in
1573 693 1801 728 monimentis

1219 749 1220 775 l
1245 745 1455 780 Sanctorum
1518 747 1676 786 versati,
1740 747 1801 791 qui

1245 799 1366 834 sciunt
1404 800 1606 834 huiusmodi
1644 800 1799 835 illustra-

1244 852 1360 887 tiones
1386 853 1462 895 Dei,
1497 854 1799 889 extraordinarias

1245 907 1388 950 quidem
1427 919 1517 949 esse,
1556 910 1618 943 sed
1655 909 1799 944 concedi

1244 962 1365 994 tamen
1390 961 1516 996 solitas
1533 974 1799 1007 nonnunquam,

1245 1012 1288 1058 ijs
1315 1014 1376 1057 qui
1397 1015 1527 1049 eximio
1545 1019 1582 1050 et
1608 1018 1798 1062 praecipuo

1218 1105 1219 1117 ἵ
1244 1068 1396 1110 quodam
1413 1068 1487 1102 iure
1499 1081 1519 1102 a
1533 1069 1605 1103 Deo
1617 1070 1799 1113 eliguntur

1244 1122 1278 1154 et
1316 1124 1530 1156 tractantur.
1591 1123 1629 1157 In
1669 1124 1798 1167 quibus

1218 1168 1219 1182 ³
1242 1185 1373 1218 magna
1397 1175 1431 1209 in
1459 1176 1584 1220 primis
1603 1177 1721 1211 cautio
1739 1177 1797 1211 atl-

1242 1227 1396 1263 hibenda
1434 1233 1499 1270 est,
1539 1242 1582 1264 ne
1618 1230 1797 1265 fallamur.

1242 1281 1362 1326 Aliqui
1390 1283 1482 1316 enim
1510 1287 1595 1317 sunt
1618 1285 1677 1328 qui
1704 1284 1798 1319 falsa

1241 1336 1473 1379 persuasione
1496 1337 1646 1382 decepti,
1675 1338 1797 1372 existi-

1216 1391 1343 1423 ¹mant
1376 1389 1458 1424 Dei
1499 1402 1605 1424 esse
1643 1391 1796 1432 dona³‚

1215 1477 1216 1484 χ
1242 1453 1332 1486 quae
1375 1447 1585 1478 satanae
1633 1446 1795 1479 trans-

1215 1495 1216 1531 l
1241 1496 1490 1539 figurantis
1523 1509 1567 1532 se
1593 1497 1634 1531 in
1661 1498 1796 1542 Ange-

1214 1549 1331 1591 ilum
1380 1550 1534 1586 lucis⁴
1576 1552 1796 1596 praestigiae

1213 1605 1215 1648 j
1240 1606 1334 1638 sunt.
1382 1604 1449 1649 Alij
1477 1616 1628 1649 quorum
1655 1606 1796 1640 animus

1213 1653 1214 1657 ¹
1239 1661 1296 1692 est
1320 1658 1472 1700 mobilis,
1504 1661 1540 1692 et
1565 1659 1683 1693 facilis
1709 1659 1794 1693 leui-

1238 1713 1324 1754 tate,
1361 1712 1418 1747 vel
1455 1712 1596 1747 occulta
1626 1713 1794 1758 superbia

1237 1766 1364 1808 cordis,
1403 1766 1462 1800 vel
1502 1768 1580 1800 atra
1619 1766 1691 1808 bili,
1734 1766 1793 1800 vel

1235 1819 1792 1864 capitisimbecillitateobscura-

1235 1875 1304 1915 tus,
1343 1876 1474 1918 putant
1512 1885 1550 1907 se
1589 1885 1631 1907 ea
1670 1874 1792 1908 videre

1209 1948 1210 1952 =
1235 1928 1344 1970 atque
1379 1927 1511 1968 audire,
1548 1938 1639 1971 quae
1666 1938 1791 1961 reuera

1208 1974 1350 2024 {neque
1387 1980 1548 2020 audiunt,
1587 1991 1703 2024 neque
1738 1980 1789 2014 vi-

1208 2033 1330 2077 ¹dent.
1394 2033 1493 2075 Quae
1535 2034 1702 2078 quamuis
1740 2033 1790 2069 ita

1208 2079 1210 2114 ¹.
1232 2087 1316 2127 sint,
1333 2090 1453 2122 tamen
1473 2099 1606 2131 negare
1624 2099 1694 2121 non
1713 2099 1788 2132 pos-

1208 2182 1209 2189 *
1232 2151 1366 2182 sumus,
1386 2141 1421 2174 in
1437 2140 1501 2174 Dei
1516 2140 1670 2175 ecelesia
1686 2152 1791 2175 veras

1206 2233 1207 2239 ἵ
1233 2206 1312 2229 esse
1355 2197 1465 2238 atque
1509 2193 1650 2228 diuinas
1691 2206 1790 2228 reue-

1205 2246 1208 2275 Ι
1230 2247 1393 2290 lationes,
1413 2247 1544 2292 quibus
1559 2247 1692 2281 amicos
1707 2258 1790 2282 suos

1231 2304 1268 2336 et
1321 2301 1519 2336 familiares
1536 2328 1544 2342 ‚
1599 2300 1790 2344 aliquando

1230 2356 1338 2397 Deus,
1370 2355 1523 2399 benigne
1556 2355 1790 2399 suauiterque

1232 2408 1442 2454 permulcet.
1474 2407 1576 2450 Quod
1603 2408 1633 2442 si
1661 2407 1696 2441 in
1714 2407 1790 2442 illo-

1230 2474 1309 2496 rum
1328 2473 1513 2496 seruorum
1528 2472 1688 2502 numero,
1707 2472 1789 2496 cum

1230 2515 1361 2560 quibus
1397 2514 1495 2549 Deus
1533 2525 1572 2548 se
1610 2514 1662 2548 ita
1697 2526 1789 2549 com-

1230 2569 1401 2610 municat,
1438 2570 1474 2602 et
1503 2566 1654 2613 pleniori
1680 2579 1788 2603 manu

1230 2625 1333 2657 tanta
1343 2622 1435 2656 bona
1446 2621 1611 2665 largitur,
1625 2621 1789 2665 Ignatius

1230 2676 1318 2718 fuit,
1360 2675 1493 2710 nemini
1531 2686 1618 2709 sane
1657 2676 1784 2709 mirum

1229 2729 1345 2765 videri
1381 2729 1498 2763 debet.
1547 2727 1639 2762 Nam
1676 2739 1785 2772 quan-

1229 2795 1337 2828 quam
1362 2785 1457 2828 tyro,
1487 2781 1639 2816 multum
1666 2784 1787 2816 tamen

1232 2837 1302 2871 iam
1330 2839 1418 2870 tunc
1444 2835 1580 2870 virtute
1607 2846 1787 2880 processe-

1229 2893 1297 2931 rat,
1324 2892 1360 2924 et
1378 2891 1458 2924 erat
1474 2889 1519 2924 ab
1538 2889 1692 2934 ipsomet
1710 2888 1784 2922 Deo

1229 2944 1378 2986 electus,
1405 2944 1446 2977 vt
1470 2941 1784 2976 innumerabilium

1268 3038 1281 3059 ²
1309 3039 1324 3072 1
1355 3037 1424 3072 Cor
1449 3037 1480 3079 2,
1510 3037 1564 3071 14.

138 3087 151 3108 ³
178 3087 284 3123 Eccle
302 3089 334 3131 3,
361 3089 425 3130 13;
451 3090 483 3131 5,
514 3089 575 3131 18;
603 3089 700 3125 Eccli
721 3091 751 3133 1,
779 3090 843 3132 23;
871 3091 958 3134 104,
988 3091 1050 3133 10;
1077 3093 1147 3126 Act
1178 3092 1210 3133 8,
1237 3091 1301 3133 20;
1329 3091 1420 3125 Rom
1441 3091 1494 3133 11,
1513 3090 1577 3130 29;
1606 3087 1683 3134 Eph
1701 3088 1732 3130 2,
1753 3088 1785 3123 8.

175 3141 196 3175 2
223 3141 290 3177 Cor
319 3143 372 3185 11,
401 3142 456 3177 14.
