2051 3433
233 137 318 178 274
730 135 833 170 1916.
862 134 1028 170 Canisius
1056 135 1239 170 Everardo
1265 135 1503 170 Mercuriano.

231 254 449 308 expedire.
494 254 544 296 In
572 254 798 297 scribendo
821 254 977 297 uellem
999 254 1119 296 illum
1141 265 1237 295 esse
1261 253 1497 296 cautiorem
1509 260 1536 305 ⁵,
1559 268 1613 296 ne
1635 254 1843 298 Rectores
1866 254 1971 297 anin·

230 319 477 371 aduertant,
512 320 612 373 quid
643 333 668 362 a
691 320 845 373 quibus
877 321 1029 362 contra
1061 319 1158 360 illos
1192 318 1381 361 fortasse
1412 319 1641 362 scribatur.
1689 319 1738 361 In
1770 319 2002 374 reprehen-

230 384 368 426 dendo
411 384 552 427 acrior
593 385 728 427 uideri
770 386 931 439 potest,
974 386 1022 427 ut
1054 383 1216 425 Rector
1255 385 1404 426 noster
1441 398 1526 426 non
1567 384 1702 426 semel
1740 384 1912 435 dixerit,
1955 399 2003 427 se

230 449 305 491 uix
345 450 437 505 pati
479 464 607 505 posse
648 450 857 492 maiorem
899 448 1195 491 seueritatem.
1259 448 1307 490 In
1349 449 1549 503 proxima
1589 449 1839 492 uisitatione
1879 449 2003 492 nobis

230 515 524 569 benigniorem
567 529 613 557 se
657 514 870 569 praebuit,
916 528 1045 568 quam
1087 516 1243 556 antea:
1286 514 1363 556 sed
1406 514 1545 556 literis
1588 514 1743 569 pungit
1785 514 1906 565 satis,
1952 528 2003 556 ac

229 580 418 623 fortasse
459 580 708 634 rigidiorem
740 593 836 622 sese
868 579 1049 633 praebet
1091 578 1218 621 simul
1251 581 1296 621 et
1329 579 1589 632 grauiorem,
1630 594 1757 633 quam
1790 581 2005 633 congruat

229 645 426 690 subditis.
490 646 647 687 Parum
684 645 819 688 utitur
851 643 1201 686 Consiliariorum
1235 657 1380 698 opera,
1425 647 1469 687 et
1509 647 1733 687 amaretur
1770 645 1922 698 magis,
1966 644 2002 686 si

228 711 325 765 plus
366 711 611 754 remitteret
653 710 705 752 de
746 709 885 752 ueteri
917 710 993 751 illa
1033 709 1103 751 uel
1144 709 1380 762 grauitate,
1422 710 1492 751 uel
1535 710 1772 752 seueritate
1803 713 2000 753 naturae.

228 776 398 818 Vellem
433 775 572 818 adhuc
604 776 725 829 leges
756 775 817 816 illi
852 774 945 817 dari
978 774 1093 816 circa
1126 788 1272 816 curam
1297 775 1489 828 corporis
1521 774 1747 828 uictusque
1774 774 2002 825 rationem,

229 844 276 883 ut
307 840 388 882 sibi
420 841 560 882 minus
594 843 710 882 esset
742 842 956 890 austerus,
999 839 1182 894 plusque
1223 839 1437 882 tribueret
1474 839 1694 894 praesenti
1726 839 2000 884 admonitori.

229 906 332 948 Cum
356 905 467 948 enim
490 906 639 960 procul
663 905 717 947 ab
741 919 792 947 eo
825 905 871 948 P.
897 904 1079 946 Pisanus
1102 904 1228 955 absit,
1263 905 1334 958 qui
1358 904 1600 946 ordinarius
1624 907 1691 947 est
1713 904 1958 947 admonitor
1973 907 2001 956 ¹,

229 972 320 1013 eius
342 971 503 1013 uicario
526 971 719 1024 indigere
742 970 915 1012 uidetur
936 970 1087 1021 bonus,
1119 970 1309 1024 prudens
1331 971 1463 1023 atque
1485 969 1559 1013 utb
1592 970 1792 1021 arbitror,
1825 972 2004 1013 sanctus

227 1036 296 1079 hic
337 1036 384 1080 P.
416 1035 718 1088 Prouintialis,
764 1049 891 1089 quem
936 1035 1131 1078 Christus
1176 1036 1246 1077 diu
1292 1035 1415 1078 nobis
1458 1035 1789 1090 prouintiaeque
1833 1035 2001 1078 saluum

230 1115 326 1143 esse
358 1101 464 1144 uelit
478 1107 501 1145 ⁰.

348 1167 486 1220 Saepe
519 1166 788 1219 multumque
821 1169 979 1220 rogant
1010 1165 1401 1219 NouiomagenseS‚
1444 1167 1493 1208 ut
1524 1165 1692 1208 initium
1726 1165 1899 1219 aliquod
1930 1165 2001 1207 uel

228 1232 393 1282 domus,
417 1232 487 1273 uel
510 1232 678 1286 collegij
704 1231 851 1273 uidere
874 1231 1081 1286 possintd.
1126 1231 1333 1273 Florenos
1355 1232 1473 1273 ultra
1495 1234 1738 1281 sexcentos,
1763 1234 1807 1274 et
1830 1230 2000 1284 quidem

228 1311 396 1339 annuos
429 1296 657 1350 collegisse
690 1297 903 1347 dicuntur,
937 1296 1008 1351 alij
1043 1296 1129 1338 alia
1161 1299 1206 1339 et
1228 1297 1416 1338 offerunt
1444 1299 1488 1339 et
1515 1296 1775 1350 promittunt
1807 1296 1862 1338 ad
1894 1309 2003 1350 opus

225 1361 546 1416 perficiendum,
585 1365 634 1404 ut
666 1375 750 1403 non
783 1361 924 1403 minus
956 1361 1019 1403 illi
1051 1375 1179 1415 quam
1213 1361 1516 1404 Traiectenses
1549 1361 1604 1403 ad
1637 1361 1865 1414 collegium
1898 1374 1999 1403 con-

226 1427 386 1470 ferant.
449 1426 590 1476 Quare
630 1426 838 1470 iudicabit
882 1427 926 1470 P.
950 1427 999 1470 T.
1032 1427 1201 1480 possint
1243 1440 1297 1468 ne
1337 1427 1514 1469 tandem
1546 1427 1603 1481 pij
1646 1427 1738 1469 uoti
1779 1430 2002 1480 compotes

160 1544 163 1546 q
226 1492 370 1543 reddi,
414 1491 527 1534 sicut
567 1496 746 1535 sanctae
787 1506 913 1535 mem.
948 1492 993 1534 P.
1028 1492 1309 1534 Leonardus2
1342 1505 1397 1534 ex
1437 1491 1579 1534 animo
1614 1491 1912 1542 desiderabat,
1956 1493 2002 1533 et

225 1557 363 1600 nostri
387 1557 663 1599 Colonienses
696 1560 871 1611 praeter
903 1558 1012 1599 alios
1044 1557 1137 1612 pios
1169 1557 1378 1599 maiorem
1409 1556 1452 1599 in
1487 1557 1658 1599 modum
1682 1560 1849 1611 optant,
1882 1556 1999 1611 ipsa-

226 1636 309 1675 que
341 1622 463 1676 Reip.
497 1623 615 1664 salus
647 1623 884 1676 flagitat03.
932 1622 1130 1676 Rogatus
1152 1625 1324 1665 tantum
1356 1636 1476 1676 rogo,
1510 1625 1560 1665 vt
1582 1622 1710 1665 alteri
1742 1620 1999 1665 Prouintiali

225 1687 403 1741 Belgico
436 1688 756 1730 uethenensi
789 1701 859 1730 res
891 1691 986 1731 tota
1018 1688 1316 1730 committatur
1329 1689 1358 1731 4.

345 1753 487 1796 Semel
510 1755 642 1807 atque
664 1754 820 1796 iterum
843 1753 1045 1796 hortatur
1066 1767 1135 1795 me
1157 1753 1202 1796 P.
1223 1753 1271 1795 T.
1296 1752 1351 1795 ad
1374 1753 1618 1795 Marianum
1641 1767 1748 1807 opus
1771 1752 1997 1803 edendum,

225 1818 435 1872 multique
467 1818 607 1861 literis
648 1833 815 1860 mecum
849 1819 1143 1873 expostulant,
1188 1818 1301 1871 quod
1333 1821 1612 1872 expectatum
1645 1811 1799 1860 librum
1831 1817 1997 1861 tamdiu

224 1883 475 1938 premam‘5.
539 1884 690 1926 Dicam
723 1884 859 1926 semel
891 1884 943 1926 de
982 1886 1101 1927 statu
1134 1884 1312 1938 negotij,
1351 1887 1505 1938 postea
1537 1897 1677 1937 neque
1709 1883 1888 1925 uerbum
1921 1883 1998 1926 ad-

225 1949 407 2000 diturus,
441 1949 517 1991 sed
549 1949 818 2003 superiorum
851 1949 1008 1991 iudicio
1042 1963 1133 1991 rem
1166 1963 1336 1991 omnem
1368 1948 1612 1992 relicturus
1677 1949 1780 1991 Cum
1812 1949 1998 2003 primum

225 2015 279 2057 ad
312 2014 392 2056 hoc
425 2014 638 2056 scribendi
671 2028 826 2056 munus
859 2017 903 2057 et
935 2014 1106 2067 quidem
1140 2014 1282 2056 iussus
1314 2014 1491 2064 accessi,
1534 2014 1778 2068 prouintiae
1817 2013 1998 2056 admini-

225 2080 432 2122 strandae
465 2093 572 2121 onus
604 2079 707 2121 mihi
739 2080 971 2130 sublatum,
1006 2082 1051 2122 et
1080 2079 1222 2122 socius
1244 2079 1484 2122 studiorum
1517 2079 1563 2123 P.
1586 2079 1809 2122 Joannes⁶
1830 2079 2001 2133 Anglus

225 2145 454 2187 adiunctus
486 2144 583 2187 fuit.
634 2144 883 2187 Gaudebam
908 2147 953 2187 et
975 2145 1120 2198 quiete
1154 2144 1368 2198 Dilingae‚
1403 2158 1648 2198 magnaque
1680 2144 1998 2198 Theologorum

224 2209 517 2264 praesentium
552 2210 884 2252 consuetudine:
927 2211 987 2252 sic
1018 2210 1200 2252 Joannis
1232 2209 1463 2264 Baptistae
1506 2209 1798 2252 defensionem
1831 2209 1998 2251 absolui

225 2289 276 2318 ac
318 2275 443 2318 edidi.
508 2275 667 2318 Postea
709 2275 1056 2330 Oenipontanam
1101 2275 1352 2318 cathedram
1397 2274 1585 2325 ascendi,
1629 2274 1793 2317 socium
1837 2274 2001 2317 laboris

225 2340 349 2383 amisi
362 2341 392 2392 7,
426 2355 480 2382 ex
513 2340 652 2382 aulico
685 2340 985 2383 contionatore
1018 2355 1130 2382 nunc
1152 2339 1413 2395 parochialis
1444 2340 1587 2382 factus
1609 2354 1717 2391 sum,
1752 2341 1796 2382 et
1818 2339 1999 2382 subinde

344 2433 372 2464 a)
396 2434 539 2464 Quattuor
557 2434 627 2459 Ilaec
655 2441 696 2458 fv.
716 2436 816 2458 notata
835 2437 912 2464 sunt,
934 2436 963 2458 ut
982 2441 1075 2465 supra
1096 2434 1135 2464 (p.
1150 2434 1244 2459 273⁰).
1336 2431 1366 2463 b)
1389 2434 1425 2458 In
1445 2436 1556 2463 (tutoyr.
1578 2434 1592 2457 *l
1614 2440 1723 2463 vet-sus,
1746 2432 1796 2464 qni
1817 2432 1960 2463 incipiunt
1980 2439 1998 2455 τι

224 2473 308 2506 leges
334 2473 376 2500 illi
402 2478 428 2499 et
453 2475 655 2499 terminantur
684 2475 779 2501 verbis
805 2475 897 2507 atque
923 2475 973 2506 ut,
998 2475 1091 2499 notati
1118 2479 1186 2500 sunt
1215 2482 1245 2506 (a
1266 2475 1431 2505 Possedno,
1454 2476 1540 2505 puto)
1566 2475 1643 2499 linea
1673 2475 1700 2498 ἰιι
1729 2474 1860 2505 »iaryine
1886 2473 2000 2498 addita.

225 2516 251 2546 c)
273 2516 351 2546 Vicle,
371 2525 444 2547 quae
464 2517 516 2541 sub
537 2517 619 2547 ipsa-s·
638 2517 693 2541 has
713 2517 831 2541 litteras
850 2517 994 2541 dicentur.
1052 2516 1081 2546 d)
1103 2517 1243 2548 ,Sequitur
1263 2516 1469 2547 octingentos.
1488 2524 1505 2540 α
1527 2517 1556 2540 C.
1576 2516 1665 2541 oblitt.
1731 2517 1759 2547 e)
1779 2516 1825 2540 lta
1843 2515 1871 2539 in
1885 2518 1999 2546 cnutoyr.

225 2560 384 2582 correctum
404 2561 445 2581 est
466 2566 502 2582 ex
522 2556 681 2589 flagitant;
701 2561 727 2583 et
749 2559 812 2583 tide
837 2558 929 2589 iufra,
949 2558 1046 2583 adnot.
1068 2559 1094 2584 3.
1168 2557 1191 2590 f)
1212 2558 1282 2583 Vide
1302 2557 1396 2588 iufra,
1416 2558 1512 2582 adnot.
1527 2558 1551 2582 4.

348 2657 358 2677 ¹
383 2657 424 2691 In
451 2657 601 2700 collegio
627 2657 768 2692 halensi
794 2658 824 2692 is
851 2658 1023 2702 degebat;
1052 2669 1087 2693 v,
1106 2669 1216 2703 supra
1242 2669 1276 2703 p.
1297 2659 1364 2693 154
1375 2657 1398 2692 ⁹.

346 2710 359 2731 ²
385 2710 525 2752 Kessel,
552 2713 670 2745 rector
695 2711 838 2755 collegii
865 2711 1092 2746 coloniensis.

345 2764 358 2783 ³
384 2765 592 2798 Possem’nus
609 2765 645 2798 in
664 2765 846 2808 margine:
870 2764 1197 2808 „Nouiomagenses
1213 2763 1362 2809 Collegij
1382 2766 1445 2798 aut
1463 2763 1588 2798 domus
1607 2764 1747 2798 initium
1765 2765 1903 2808 petunt.
1931 2763 1994 2797 R.‘

344 2818 357 2838 ⁴
383 2816 581 2860 Collegium
606 2817 822 2852 traiectense
844 2818 1063 2860 (Traiectum
1082 2817 1125 2852 ad
1145 2818 1294 2859 Mosam,
1322 2817 1553 2859 Maastricht)
1574 2817 1696 2851 datum
1716 2819 1773 2851 est
1790 2816 1998 2862 provinciae

223 2869 418 2904 flandricae
454 2870 531 2904 sive
567 2870 740 2914 belgicae,
776 2871 833 2905 cui
862 2871 1059 2905 Balduinus
1094 2871 1138 2905 ab
1164 2871 1305 2914 Angelo
1341 2873 1517 2915 praeerat,
1554 2882 1624 2904 non
1659 2870 1849 2911 rhenanae,
1888 2881 1996 2914 quam

223 2922 263 2956 P.
283 2922 511 2957 Hermannus
537 2923 726 2968 Thyraeus
752 2924 902 2968 regebat
929 2924 1155 2968 (Sacc-himas,
1184 2924 1278 2958 Hist.
1297 2922 1331 2958 S.
1351 2924 1383 2958 J.
1411 2923 1508 2958 IV.1.
1527 2924 1559 2964 2,
1587 2936 1616 2958 c.
1636 2924 1711 2966 60).

345 2977 357 2996 ⁶
383 2976 488 3010 Initio
523 2976 630 3011 huius
667 2977 797 3022 capitis
825 2979 1033 3012 Passerinus
1066 2977 1155 3011 haec
1191 2977 1380 3022 ascripsit:
1422 2976 1494 3019 „De
1529 2977 1768 3011 Beatissimae
1804 2976 1906 3019 Virg.
1934 2975 1994 3010 lib.

223 3029 359 3063 edendo
386 3029 503 3073 quid.“
654 3031 666 3050 ⁶
692 3029 877 3065 Rastellus
907 3032 1011 3073 (Can.
1031 3030 1082 3065 VI
1108 3030 1178 3065 230
1206 3030 1303 3073 700).

344 3083 356 3102 ⁷
382 3081 420 3116 P.
441 3082 636 3116 Antonium
655 3083 848 3117 Flandrum
874 3084 952 3118 sive
972 3083 1170 3118 Guisanum
1190 3083 1297 3126 (Can.
1318 3082 1367 3117 VI
1388 3083 1494 3128 700);
1521 3083 1581 3128 qui
1600 3084 1787 3127 Augustae
1806 3082 1842 3116 in
1860 3081 1996 3126 templo

225 3134 259 3169 S.
277 3134 440 3168 Mauritii
466 3135 662 3170 contionari
690 3136 810 3170 iussus
837 3138 912 3178 est;
941 3148 974 3171 v.
994 3136 1099 3178 infra,
1126 3147 1281 3171 monum.
1301 3137 1400 3170 1169.
