2062 3443
81 183 183 219 2017.
212 183 379 217 Canisius
406 183 452 217 Io.
474 183 586 217 Gebh.
607 194 627 217 a
646 182 857 217 Truchsess.
897 180 1087 216 Monachio
1102 182 1153 225 (52)
1181 181 1276 216 circa
1298 182 1372 216 init.
1393 194 1438 216 m.
1458 182 1549 216 Nov.
1571 182 1673 217 1578.
1708 186 1791 226 467

19 301 231 336 mediocrem
253 301 320 344 ipsi
339 312 425 335 sane
445 300 646 334 molestiam
665 299 908 344 percepimus:
937 298 1023 332 nihil
1045 299 1137 331 enim
1159 301 1230 331 tam
1251 301 1374 333 contra
1394 299 1614 334 uoluntatem
1635 302 1794 334 nostram

19 355 182 390 accidere
210 357 363 399 poterat,
399 365 505 397 quam
534 365 613 387 cum
641 353 708 387 etsi
737 353 838 386 nobis
865 352 988 386 inuitis
1015 357 1049 386 et
1076 352 1209 395 insi-ijs,
1246 364 1325 385 cum
1353 353 1471 386 studio
1497 356 1619 387 nostro
1654 366 1796 398 semper

19 407 72 442 illi
98 409 294 451 gratificari
324 411 360 441 et
385 407 533 450 obsequi
563 407 680 441 conati
707 408 830 445 simus,
858 418 926 439 non
955 410 1074 439 tamen
1102 406 1249 450 perinde
1285 418 1325 439 ac
1353 406 1585 450 cupiebamus
1612 411 1717 449 grata
1744 407 1793 441 illi

20 461 192 505 obsequia
228 472 270 495 ac
306 460 425 495 officia
461 462 584 493 nostra
620 461 764 494 fuerint.
791 475 793 478 ·
817 459 905 494 Volo
931 463 1050 493 autem
1088 463 1127 492 ut
1164 458 1347 493 Serenitas
1375 459 1416 493 V.
1437 459 1621 494 existimet
1656 460 1796 504 sibique

20 518 117 549 certo
145 514 360 558 persuadeat
386 513 558 557 quidquid
587 524 607 547 a
633 513 734 547 nobis
762 524 916 557 unquam
945 514 1065 546 actum
1093 513 1155 545 aut
1181 512 1379 554 cogitatum
1407 515 1471 553 est,
1498 512 1556 546 uel
1583 512 1649 547 hoc
1680 513 1795 557 ipsum

20 567 63 602 de
90 568 128 602 P.
151 567 272 605 Paulo.
309 567 447 601 nullum
475 566 583 600 alium
613 578 676 600 nos
704 567 737 600 in
766 578 806 600 eo
832 567 937 600 finem
966 568 1002 599 et
1027 576 1175 610 scopum
1203 564 1372 599 habuisse
1399 577 1507 609 quam
1534 565 1599 600 Dei
1628 565 1796 600 honorem

20 624 56 655 et
82 621 234 664 gloriam
261 631 304 655 ac
330 620 545 656 Serenitatis
571 620 614 654 V.
636 620 763 653 bonum
792 632 834 654 ac
860 618 1332 663 consolationem·apertius
1358 624 1478 652 autem
1506 621 1541 652 et
1560 620 1798 654 confidentius

20 685 100 709 cum
128 686 169 708 ca
203 674 382 718 agendum
418 673 635 718 putabamus
671 677 842 717 tanquam
879 684 958 707 cum
987 676 1137 717 patrona
1163 676 1199 705 et
1233 672 1367 717 optima
1405 676 1552 717 parente
1585 678 1718 715 nostra,
1754 673 1798 707 de

21 739 92 772 qua
117 728 219 762 nobis
252 728 497 772 persuasimus
532 727 619 760 1111111
656 727 762 761 malle
797 738 904 771 quam
942 727 1132 760 uniuersae
1159 725 1351 759 Societatis
1386 726 1621 760 commodum.
1673 725 1798 770 Neque

21 782 113 815 enim
141 792 183 815 ea
209 784 265 815 est
291 781 472 815 Serenitas
492 781 534 815 V.
562 791 654 825 quae
681 792 800 814 rerum
818 779 1060 824 spiritualium
1086 779 1187 813 rudis
1212 779 1260 813 sit
1286 790 1328 812 ac
1346 779 1487 813 nesciat
1513 779 1638 822 quanti
1664 781 1800 814 referat

20 838 156 869 rectam
186 846 228 868 ac
264 836 441 878 integram
470 833 617 878 regulae
652 833 882 878 institutique
917 832 1142 877 disciplinam
1176 832 1211 866 in
1247 833 1412 866 omnibus
1448 832 1683 875 religionibus
1718 844 1798 867 con—

19 899 178 929 seruare,
210 899 281 932 qua
306 887 409 922 salua
435 887 533 932 ipsas
568 886 761 929 religiones
797 887 1012 926 conseruari,
1049 897 1091 919 ea
1118 885 1295 919 dissoluta
1330 885 1510 930 corrumpi
1536 897 1578 919 ac
1614 886 1714 930 perdi
1740 897 1798 920 ne-

21 953 122 976 cesse
148 943 214 976 est.
265 939 365 982 Quod
401 942 469 975 etsi
497 940 582 974 mihi
622 940 848 985 potissimum
875 939 1135 984 prouidendum
1169 939 1239 972 fuit
1272 938 1328 972 cui
1355 939 1555 972 animarum
1595 950 1685 983 quas
1711 939 1798 973 mihi

21 994 201 1030 commisit
234 993 332 1028 Deus
365 1005 493 1028 seuera
532 994 623 1027 ratio
662 993 845 1027 reddenda
883 996 940 1027 est
977 992 1158 1036 simulque
1194 992 1391 1026 curandum
1426 1004 1471 1026 ne
1510 1004 1618 1036 quam
1654 1004 1674 1026 a
1709 992 1800 1027 meis

21 1047 216 1082 maioribus
242 1048 426 1090 uigentem
453 1059 495 1081 ac
520 1047 707 1081 florentem
736 1047 858 1091 accepi
877 1046 1115 1091 disciplinam,
1143 1057 1221 1079 eam
1240 1046 1418 1090 perditam
1447 1051 1728 1090 eneruatamque
1754 1046 1799 1080 ad

20 1105 183 1147 posteros
208 1101 464 1141 transmittam.
502 1103 623 1135 tamen
650 1112 693 1134 ne
720 1100 889 1134 Vestram
916 1100 1061 1144 quidem
1080 1099 1321 1133 Serenitatem
1348 1099 1533 1142 negligere
1560 1099 1695 1133 debui*³
1720 1101 1798 1133 tum

21 1167 84 1201 pro
111 1167 152 1189 eo
179 1166 298 1189 amore
325 1166 395 1198 quo
413 1166 555 1199 semper
574 1154 788 1188 Societatem
817 1153 984 1198 amplexa
1003 1156 1069 1194 est,
1096 1156 1173 1186 tum
1200 1154 1308 1186 etiam
1329 1153 1422 1197 quod
1449 1153 1479 1186 si
1506 1164 1612 1197 quem
1640 1153 1798 1187 fructum

21 1211 85 1244 aut
110 1209 189 1254 ipsa
215 1220 236 1242 a
261 1208 364 1242 nobis
391 1211 570 1253 expectat,
597 1211 660 1242 aut
686 1208 720 1241 in
750 1207 839 1241 alios
866 1207 1046 1252 proficisci
1073 1207 1183 1251 cupit,
1220 1207 1319 1240 nulla
1355 1207 1399 1240 ad
1425 1206 1461 1240 id
1496 1206 1624 1240 melior
1659 1209 1715 1241 est
1741 1207 1800 1240 uia

22 1273 129 1307 quam
156 1265 197 1296 ut
222 1273 287 1296 nos
305 1261 395 1296 bene
421 1273 463 1296 ac
489 1261 673 1295 feruenter
699 1261 734 1294 in
752 1264 875 1294 nostro
902 1261 1069 1294 instituto
1087 1260 1369 1304 progrediamur,
1397 1271 1577 1304 ueraeque
1604 1262 1640 1294 et
1664 1259 1800 1294 solidae

21 1315 170 1350 uirtutis
197 1315 432 1349 fundamenta
458 1314 643 1355 iaciamus,
680 1314 765 1358 quia
797 1314 866 1348 nisi
899 1314 967 1359 ipsi
995 1313 1101 1357 igniti
1127 1314 1313 1354 fuerimus,
1341 1313 1431 1347 alios
1465 1316 1562 1347 certe
1589 1313 1799 1354 calefacere,

22 1372 59 1404 et
92 1368 161 1403 nisi
196 1368 388 1402 illuminati
425 1368 514 1402 alios
550 1368 752 1402 illuminare
787 1379 970 1412 nunquam
1005 1367 1214 1412 poterimus.
1264 1367 1398 1411 Jtaque
1432 1365 1499 1401 hoc
1534 1378 1642 1400 unum
1675 1378 1801 1412 precor

22 1422 261 1457 Serenitatem
287 1421 330 1455 V.
350 1424 390 1455 ut
416 1421 483 1455 hoc
501 1421 686 1456 existimet
705 1421 800 1465 quod
818 1432 946 1455 reuera
971 1421 1022 1455 ita
1050 1423 1116 1459 est,
1143 1420 1211 1454 hoc
1236 1431 1348 1454 unum
1375 1431 1431 1454 me
1457 1431 1599 1465 semper
1617 1420 1800 1464 expetisse

21 1478 64 1511 ut
89 1477 166 1510 eius
193 1475 427 1510 consolationi
455 1475 490 1509 in
523 1475 689 1509 omnibus
716 1477 752 1509 et
778 1486 841 1520 per
867 1474 985 1508 omnia
1012 1473 1247 1513 consulerem,
1286 1477 1320 1508 et
1347 1473 1441 1518 quod
1467 1473 1559 1507 alias
1585 1485 1737 1518 semper,
1765 1473 1800 1507 id

22 1531 132 1564 etiam
158 1541 253 1563 nunc
278 1529 314 1562 in
334 1529 372 1563 P.
394 1528 504 1562 Paulo
522 1529 642 1562 facere
662 1531 798 1562 certum
827 1531 892 1569 est,
919 1529 962 1562 de
989 1539 1058 1572 quo
1085 1527 1253 1572 quoniam
1272 1527 1485 1561 serenitatis
1504 1527 1657 1561 Vestrae
1676 1526 1800 1561 uolun-

22 1585 135 1618 tatem
172 1583 244 1617 iam
279 1582 453 1622 intellexi,
489 1582 606 1616 scribo
642 1582 685 1616 ad
713 1581 752 1616 P.
773 1582 938 1616 Hoffeum
967 1581 1228 1616 prouincialem
1257 1581 1360 1625 eique
1395 1580 1608 1614 facultatem
1645 1580 1800 1614 concedo

22 1639 64 1671 ut
89 1637 282 1672 Serenitati
310 1635 351 1670 V.
379 1636 415 1669 in
441 1636 606 1670 omnibus
633 1647 725 1679 quae
750 1635 926 1676 uoluerat,
953 1635 1174 1669 satisfaciat:
1201 1635 1324 1679 itaque
1351 1645 1431 1668 cum
1459 1634 1520 1668 illo
1546 1634 1730 1669 Serenitas
1756 1633 1800 1668 V.

23 1701 131 1734 agere
157 1689 290 1735 poterit
315 1701 407 1734 quae
426 1689 524 1723 uolet
549 1689 770 1723 commodius
789 1700 896 1733 quam
922 1689 1108 1723 nobiscum
1135 1688 1179 1722 ob
1197 1688 1410 1722 absentiam.
1444 1687 1518 1722 Nos
1545 1690 1666 1722 autem
1686 1687 1801 1721 Deum

23 1755 69 1778 ex
95 1744 213 1778 animo
249 1743 475 1789 precabimur
510 1746 549 1777 ut
576 1742 770 1777 Serenitati
797 1746 941 1777 uestrae
968 1745 1004 1776 et
1029 1742 1174 1785 longam
1202 1744 1238 1776 et
1263 1741 1496 1786 tranquillam
1524 1741 1649 1782 uitam,
1686 1743 1800 1775 aeter-

22 1809 177 1841 namque
208 1797 353 1840 tandem
390 1796 541 1840 gloriam
574 1796 762 1839 largiatur.
814 1797 949 1830 Amen“
984 1798 1045 1839 (ex
1072 1807 1220 1836 comm.;
1257 1795 1413 1830 Rh.1nf.
1436 1796 1464 1836 1,
1493 1795 1525 1829 II
1552 1796 1576 1829 f.
1596 1794 1801 1838 23b—242).

143 1867 308 1902 Canisius
334 1867 562 1902 Mercuriano
588 1866 774 1912 respondit
800 1867 856 1901 24.
876 1866 1085 1901 Decembris
1114 1866 1216 1901 1578.

24 1985 178 2021 2017.
254 1985 473 2020 CANISIUS
493 1982 739 2020 IOANNI
764 1981 1153 2019 GEBHARDO
1179 1982 1225 2018 A
1247 1981 1668 2025 TRUCHSESS,
1688 1982 1803 2017 archi-

218 2046 385 2090 episcopo
413 2045 528 2079 electo
555 2044 761 2079 coloniensi.

761 2102 951 2137 Monachio
972 2102 1023 2146 (Ῥ)
1053 2103 1149 2137 circa
1174 2102 1318 2136 initium
1344 2114 1391 2137 111.
1406 2102 1623 2136 Novembris
1651 2101 1753 2136 1578.

141 2176 197 2211 Ex
224 2175 362 2210 Costeri
388 2175 521 2209 litteris
547 2174 768 2219 archetypis,
796 2173 910 2219 ipsius
936 2185 1044 2207 manu
1071 2173 1296 2218 subscriptis.
1341 2173 1462 2208 Germ.
1482 2174 1548 2208 157
1576 2174 1601 2207 f.
1624 2174 1717 2208 1642.

142 2237 257 2278 Roqat
283 2247 372 2278 eum,
402 2240 437 2268 ut
464 2235 647 2278 colleyium
674 2235 868 2268 coloniense
895 2235 931 2267 S.
954 2235 988 2267 J.
1018 2239 1175 2267 tueatur.

142 2315 189 2356 P.
205 2315 462 2356 Franciscus
483 2314 676 2355 C'osterus
691 2314 733 2355 S.
747 2312 791 2354 J.
805 2313 1049 2367 provinciae
1065 2313 1282 2354 rhenanae
1294 2313 1562 2367 praepositus
1579 2311 1802 2352 Ererardo

23 2382 299 2423 Mercurium
339 2381 578 2434 praeposito
617 2380 808 2430 ‚uenerati
849 2380 1018 2433 scripsit
1052 2378 1274 2431 Mogllcntia
1316 2380 1358 2418 2.
1384 2378 1629 2418 Decembris
1664 2378 1804 2418 1:378.-

26 2447 294 2499 „Postremas
337 2460 448 2486 meas
491 2445 550 2485 act
591 2444 641 2485 P.
673 2444 717 2484 Γ.
755 2444 855 2484 decli
888 2446 915 2484 5
947 2443 1225 2484 Nouembris:
1266 2443 1333 2483 his
1375 2443 1557 2483 reddam
1599 2444 1802 2483 rationem

24 2525 164 2553 eorum
209 2525 316 2566 quae
349 2512 488 2565 elapso
521 2524 660 2551 mense
692 2510 734 2549 in
779 2510 857 2549 hac
890 2509 1124 2550 Prouincia
1160 2509 1240 2549 Dei
1281 2508 1474 2561 beneficio
1507 2509 1802 2561 eontiyerunt.

23 2581 60 2618 et
92 2576 261 2631 quidem
294 2577 405 2630 quod
440 2577 498 2616 ad
533 2576 776 2617 Coloniense
801 2574 1027 2627 Colteyium
1061 2575 1220 2623 attinet,
1259 2575 1399 2614 ualent
1422 2587 1574 2625 omnes,
1610 2574 1802 2614 multum-

23 2656 101 2696 que
131 2641 299 2692 fructus
330 2655 406 2695 per
428 2641 510 2681 Dei
541 2641 725 2694 qratiam
760 2641 971 2693 «rothaum,
1005 2645 1092 2680 tum
1126 2639 1245 2693 apud
1271 2639 1492 2689 studiosos,
1528 2651 1629 2692 quos
1652 2638 1806 2679 habent

23 2708 191 2747 circiter
222 2708 322 2758 800,
365 2711 451 2746 turn
498 2706 616 2759 apud
660 2710 863 2756 eaeternos,
907 2706 980 2760 qui
1021 2718 1174 2759 nzaqno
1215 2718 1404 2756 numero,
1449 2709 1484 2744 et
1521 2705 1736 2744 conciones
1769 2708 1805 2745 et

21 2772 301 2826 poenitentiae
325 2771 604 2812 Sacramenta
636 2770 934 2824 frequentant:
966 2770 1097 2810 Hunc
1125 2768 1314 2822 fructum
1339 2783 1431 2810 cum
1456 2769 1663 2810 Diabolus
1686 2768 1805 2821 ferre

23 2851 107 2878 non
145 2841 295 2890 posset,
340 2836 538 2877 excitauit
569 2836 793 2876 nonnullos
827 2849 876 2876 ex
908 2836 1099 2888 opificum
1135 2834 1331 2875 tribubus
1363 2833 1652 2888 (instiyatione
1685 2834 1804 2874 haud

26 2901 153 2942 dubio
177 2901 522 2951 Ham-eticorum)
555 2901 627 2954 qui
651 2901 768 2954 apud
787 2901 990 2942 Senatum
1015 2901 1066 2941 (te
1090 2900 1293 2940 Societate
1315 2903 1682 2954 conquererentur,
1717 2903 1805 2939 tum

25 2966 137 3021 quod
162 2965 378 3020 IIispanis
410 2966 546 3006 nostri
577 2966 837 3006 addictiores
870 2970 1017 3013 essent,
1051 2965 1204 3019 quibus
1235 2969 1465 3006 metuerent
1497 2969 1642 3005 nostra
1676 2977 1804 3018 opera

25 3033 235 3073 ciuitatem
253 3030 381 3084 prodi·
391 3044 408 3082 ;
424 3034 510 3071 tum
526 3030 638 3084 quod
651 3031 848 3072 mutieres
862 3031 1013 3071 inuitis
1031 3035 1065 3070 et
1080 3031 1227 3083 inscijs
1246 3031 1428 3082 maritis,
1445 3043 1626 3083 maynas
1642 3030 1804 3070 eleemo-

25 3110 156 3151 synas
180 3097 224 3137 in
248 3096 507 3146 Societatem,
544 3109 569 3135 a
596 3094 716 3136 nobis
739 3097 1000 3146 sollicitatae,
1037 3094 1305 3147 conferrent;
1336 3098 1424 3135 tum
1448 3095 1558 3135 alias
1582 3094 1629 3136 ob
1653 3108 1806 3135 causas

134 3194 162 3225 a)
184 3192 308 3218 Coi-rexi
327 3200 364 3217 ex
382 3199 420 3217 ne
440 3191 570 3218 Vestrae
591 3191 716 3225 quidem
737 3192 902 3219 Serenitati
923 3190 1077 3224 negligere
1099 3189 1214 3221 debuit,
1235 3198 1308 3222 quae
1327 3194 1395 3216 sunt
1416 3192 1447 3216 in
1467 3194 1615 3216 comment.

1445 3239 1518 3274 30*
