2062 3443
646 118 741 152 Mon.
765 117 866 153 1270.
909 117 965 152 21.
986 116 1194 151 Decembris
1224 117 1325 152 1580.
1784 120 1868 161 865

222 235 260 269 Ιι]
287 235 363 280 ipso
390 234 516 269 deinde
543 234 717 269 contionis
743 244 889 278 corpore
917 233 1092 276 emistus,
1129 233 1303 277 quomodo
1339 233 1406 267 sibi
1433 232 1688 268 contionatoris
1715 232 1871 267 officium

100 288 423 323 administrandum
451 299 530 322 esse
556 290 728 328 censeret,
754 285 993 330 significavit:
1037 285 1287 331 „Praecipue“,
1316 286 1441 330 inquit,
1473 286 1642 327 ,loannes
1669 286 1870 331 exemplum

101 341 248 385 reliquit
275 341 589 386 praedicatoribus,
626 343 665 374 vt
692 352 761 374 non
787 341 862 373 sint
885 338 1001 373 timidi
1028 339 1062 372 in
1090 339 1244 373 veritate
1272 339 1521 384 praedicanda,
1548 351 1614 373 nec
1647 342 1873 384 spectent

102 405 337 439 personas
371 394 560 428 hominu
575 395 632 428 111¹
668 392 881 438 praesertim
916 395 1135 437 magnatum,
1172 404 1287 436 neque
1323 392 1514 427 adulentur
1549 393 1781 437 peccantibus
1816 393 1871 427 lo-

102 450 305 492 quentes
341 447 635 492 placentia',
671 458 739 481 vae
774 446 840 480 den
867 446 910 480 Jo
946 444 1073 479 herren
1101 445 1172 479 vnd
1199 457 1336 490 suppen
1373 446 1506 480 fresser
1532 446 1591 489 qui
1620 445 1715 489 [non]
1744 449 1873 480 norunt

101 501 261 535 mordere
289 501 433 546 vulpem
468 501 530 535 sed
565 512 666 535 suam
703 500 822 545 potius
858 510 965 543 quam
1001 498 1057 533 dei
1092 498 1242 543 gloriam
1279 499 1476 543 quaerunt“
1518 499 1578 542 (ex
1605 500 1871 539 commentario,

107 554 150 589 de
176 565 245 598 quo
271 565 392 599 supra.
421 554 503 588 Can.
525 554 568 588 36
596 554 620 588 f.
640 553 706 597 2¹³).

222 631 254 665 2.
287 632 456 665 Canisius
488 633 607 674 prima
634 632 700 664 hac
727 631 989 674 opportunitate
1014 639 1101 662 usus
1127 633 1173 662 est
1199 629 1247 661 ad
1272 629 1503 672 mayisrratus
1528 633 1602 662 tum
1628 630 1874 663 ecclesius-ticos

102 690 175 718 tum
203 685 319 718 civiles
345 686 458 727 oflicii
483 686 722 718 admonendos
745 689 774 717 et
793 695 830 716 ecc
851 683 1109 726 confirmanda,
1137 694 1226 726 quae
1245 683 1463 716 Bonhomius
1479 684 1629 716 nuntius
1646 684 1873 726 visitatorque

101 738 316 782 apostolicus
341 739 527 771 identidem
556 739 724 772 Helvetiis
749 738 892 771 dixerat
918 742 946 770 et
970 739 1222 780 praeceperat:

219 803 274 838 Ad
302 804 526 848 prudentiam
553 803 768 838 laudabilem
796 802 951 848 pertinet
980 801 1274 845 Magistratuum,
1301 800 1500 844 aduigilare
1527 802 1562 834 et
1588 812 1726 842 cauere,
1753 803 1794 835 vt
1819 812 1871 835 se-

100 856 197 891 mina
232 868 403 891 nouorum
441 869 599 891 errorum
627 859 663 890 et
697 856 922 890 dissidiorum
959 855 993 889 in
1020 854 1191 899 religione
1216 853 1486 899 supprimantur
1521 855 1639 899 potius
1665 865 1771 899 quam
1799 866 1872 889 cre·

98 913 241 945 scant..
263 937 269 945 .
291 937 298 945 .
337 910 399 944 Est
427 910 518 944 enim
554 910 621 944 hoc
648 909 827 954 proprium
855 909 1013 943 officium
1042 908 1317 951 magistratuum
1353 919 1486 951 graues
1513 910 1630 942 motus
1661 908 1871 952 praesertim

100 964 136 998 in
162 963 243 997 fidei
268 963 412 1007 negotio
439 963 649 1008 praeuenire
668 965 703 997 et
721 962 911 997 seditiosos
930 973 1174 1007 compescere,
1201 973 1245 995 ne
1271 961 1437 995 turbetur
1462 961 1616 1006 populus
1635 961 1667 995 in
1688 961 1872 1005 religione,

98 1017 130 1051 si
158 1016 280 1051 videat
306 1020 342 1051 et
367 1016 491 1051 audiat
517 1017 560 1050 de
587 1017 648 1050 illa
683 1016 824 1061 publice
851 1015 1006 1049 dubitari
1032 1014 1208 1060 disputari
1234 1014 1365 1049 scribi⁸¹
1392 1017 1427 1048 et
1463 1014 1627 1048 contendi
1655 1014 1697 1048 de
1723 1026 1810 1049 vera
1836 1017 1872 1049 et

99 1070 194 1104 falsa
219 1070 392 1114 religione
419 1073 455 1104 et
480 1081 591 1104 nouas
619 1070 749 1104 exoriri
776 1072 904 1103 sectas.
926 1096 932 1104 .
952 1095 960 1104 .
981 1096 988 1103 .
1016 1067 1087 1103 Cur
1112 1070 1186 1102 tani
1213 1068 1305 1102 male
1332 1068 1492 1113 procedit
1510 1079 1639 1102 caussa
1657 1068 1871 1112 religionis?

100 1122 172 1158 Cur
207 1126 279 1158 tam
316 1123 450 1157 inultae
485 1126 605 1157 sectae
642 1125 677 1157 et
712 1122 952 1157 dissensiones
990 1121 1306 1167 multiplicantur?
1345 1121 1439 1155 vnde
1476 1123 1530 1155 tot
1567 1120 1690 1155 hostes
1726 1124 1761 1155 et
1794 1133 1870 1167 per-

99 1176 303 1212 turbatores
331 1188 437 1211 verae
463 1179 499 1211 et
525 1178 693 1221 antiquae
720 1176 912 1220 religionis,
944 1176 1061 1220 quaeb
1087 1175 1221 1220 passim
1248 1176 1488 1209 contemnitur
1514 1174 1726 1219 opprimitur
1751 1176 1787 1209 et
1813 1174 1869 1209 ab·

98 1230 247 1265 oletur‘?
295 1229 366 1264 Cur
392 1233 465 1264 tam
494 1230 597 1264 multi
624 1229 806 1274 simplices
819 1238 830 1247 ·“
857 1229 899 1263 de
926 1229 994 1263 fide
1020 1240 1085 1263 sua
1112 1228 1276 1262 dubitant
1303 1231 1339 1262 et
1363 1228 1529 1262 nesciunt
1555 1228 1638 1272 quid
1666 1228 1810 1262 credere
1837 1230 1873 1262 et

99 1288 222 1318 tenere
261 1283 415 1318 debeant
451 1284 493 1317 de
528 1283 774 1323 sacramentis,
811 1282 853 1316 de
889 1294 974 1316 vero
1010 1281 1120 1322 cultu,
1160 1284 1196 1315 et
1232 1281 1440 1316 christianis
1477 1281 1739 1326 caerenionijs‘?
1777 1282 1870 1316 vnde

98 1336 224 1371 horum
260 1337 434 1371 malorum
461 1336 590 1380 origo?
641 1336 820 1370 Dormitat
855 1337 1091 1379 magistratus
1125 1346 1190 1369 nec
1221 1338 1324 1369 curat
1350 1334 1394 1369 ab
1420 1334 1520 1368 initio
1547 1335 1597 1369 ire
1623 1335 1763 1370 obuiam
1790 1347 1870 1369 cum

99 1390 234 1425 venit
268 1391 496 1424 inimicus
523 1392 566 1424 et
592 1390 943 1434 superseminat
979 1389 1168 1423 zizania
1194 1389 1238 1422 in
1265 1388 1416 1422 medio
1451 1387 1651 1423 tritici⁸.
1703 1388 1724 1422 2
1750 1400 1869 1423 causa.

100 1444 339 1487 Magistratus
374 1443 516 1478 ciuilisd
545 1443 691 1477 nimium
728 1455 766 1477 se
801 1443 981 1477 immiscet
1016 1453 1146 1477 causae
1181 1441 1374 1485 religionis,
1410 1453 1535 1486 parum
1567 1444 1629 1476 aut
1654 1441 1742 1476 nihil
1769 1445 1872 1476 curat

99 1498 256 1532 diuinam
284 1497 552 1538 ordinationem,
590 1508 653 1542 per
680 1508 786 1541 quam
813 1497 848 1531 in
875 1496 1027 1531 ecclesia
1052 1497 1137 1530 sunt
1162 1495 1319 1529 instituti
1345 1498 1507 1540 pastores
1533 1498 1570 1529 et
1594 1496 1800 1530 sacerdotes
1826 1496 1870 1530 ad

98 1551 327 1586 iudicandum
353 1554 389 1585 et
415 1551 696 1585 concludendum
724 1551 766 1584 de
793 1550 900 1584 rebus
926 1549 1183 1594 spiritualibus,
1212 1549 1254 1583 de
1281 1550 1377 1583 veris
1403 1552 1439 1583 et
1465 1548 1568 1583 falsis
1595 1548 1765 1584 doctrinis
1790 1548 1870 1583 reli-

99 1604 225 1649 gionis,
253 1604 295 1639 de
321 1605 424 1638 nouis
451 1607 488 1638 et
505 1604 664 1648 antiquis
682 1603 870 1645 erroribus,
898 1603 940 1637 de
959 1614 1044 1637 vero
1062 1613 1170 1636 sensu
1188 1602 1400 1647 scripturae,
1427 1601 1579 1636 Jllorum
1606 1604 1661 1636 est
1686 1602 1869 1647 proprium

99 1657 217 1693 dicere
243 1658 398 1692 visum
425 1660 499 1692 est
523 1657 726 1702 spiritui
753 1659 923 1691 sancto
949 1658 994 1691 et
1019 1655 1192 1690 nobis⁴.

99 1768 254 1805 1270.
329 1767 377 1804 21.
400 1767 608 1804 Decembris
634 1767 730 1803 1580.

221 1836 273 1870 Ex
300 1835 433 1870 litteris
460 1835 669 1879 archetypis
696 1834 730 1868 in
757 1834 965 1868 membrana
991 1832 1137 1878 scriptis
1165 1834 1199 1866 et
1217 1832 1338 1875 sigillo
1357 1831 1525 1877 capsulae
1553 1831 1690 1867 incluso
1708 1832 1868 1874 munitis,

101 1901 193 1934 quae
219 1891 304 1924 sunt
330 1888 496 1932 Friburgi
525 1888 774 1922 Helvetiorum
811 1888 843 1921 in
880 1886 1028 1921 archivo
1063 1885 1293 1931 reipublicae,
1331 1885 1437 1919 Arch.
1465 1885 1511 1919 du
1539 1884 1627 1920 Coll.
1656 1884 1869 1927 St.-Michel,

98 1943 127 1977 B
147 1943 167 1977 5
198 1942 452 1986 (Humilimont
470 1942 510 1977 B.
529 1954 562 1976 n.
582 1942 633 1985 2).
674 1940 832 1975 Litterae
860 1952 905 1975 ex
932 1940 1055 1974 eodem
1081 1939 1279 1984 archetypo
1306 1939 1404 1983 typis
1431 1939 1626 1984 exscripsit
1646 1940 1723 1973 Alb.
1742 1940 1869 1983 Bru-hi,

100 1996 297 2031 Urkunden
331 2008 394 2030 zur
421 1995 638 2030 Geschichte
673 1995 736 2028 des
763 1994 983 2038 Collegiums
1019 1993 1054 2027 in
1090 1992 1275 2036 Freiburg,
1311 1994 1346 2026 in
1378 1991 1613 2036 „Freiburger
1640 1991 1869 2027 Geschichts-

103 2050 254 2085 blatter⁴‘
285 2050 318 2084 4.
339 2049 478 2094 Jahrg„
505 2049 680 2092 Freiburg
708 2048 728 2082 i.
748 2047 812 2082 Ue.
844 2047 944 2088 1897,
972 2046 1123 2082 70-72,

218 2130 409 2167 Praefatio
435 2129 601 2166 editoris.
657 2130 787 2164 Consul
811 2134 1021 2173 senatusque
1054 2129 1294 2172 f›·iburyensis
1319 2127 1388 2161 iam
1416 2127 1448 2161 d.
1468 2127 1523 2161 26.
1543 2126 1751 2162 Decembris
1779 2128 1869 2163 1579

98 2186 272 2230 Gregorio
290 2186 385 2220 XIII.
406 2185 636 2229 scripserant,
663 2195 712 2225 se,
744 2183 807 2225 „ad
826 2183 989 2217 unionem
1009 2181 1217 2216 monasterii
1236 2181 1410 2220 Marsens,
1438 2178 1582 2214 Ordinis
1602 2180 1868 2215 praemonstra.—

98 2241 265 2281 tensium,
293 2240 327 2273 in
355 2250 441 2282 agro
468 2250 532 2272 suo
559 2237 629 2279 siti,
666 2248 729 2282 pro
756 2237 934 2270 erectione
961 2237 997 2269 et
1021 2235 1285 2269 stabilimento“
1316 2233 1457 2278 collegii
1484 2233 1674 2268 Societatis
1700 2233 1782 2268 Iesu
1808 2233 1869 2268 fri-

98 2293 289 2337 burgensis
320 2292 444 2335 „facile
471 2291 728 2331 consensisse“,
765 2291 814 2324 ita
840 2293 880 2323 ut
906 2288 1065 2334 pontifici
1096 2287 1266 2331 „liberum
1293 2290 1399 2329 esset,
1426 2286 1606 2321 concessis
1631 2289 1668 2320 et
1693 2286 1870 2332 expeditis

99 2347 240 2382 unionis
275 2346 441 2387 litteris⁴‘‚
478 2344 670 2379 Societatis
706 2343 785 2378 Iesu
822 2342 1026 2388 praeposito
1062 2341 1220 2386 generali
1256 2341 1445 2382 mandare,
1482 2343 1522 2374 ut
1561 2340 1695 2385 „primo
1730 2351 1870 2384 quoque

98 2401 276 2446 tempore“
308 2399 429 2434 Socios
464 2398 677 2441 Friburgum
704 2397 864 2431 mitteret
891 2395 1284 2439 (Steffens-Iteiuhardt,
1320 2394 1428 2428 Nunt.
1455 2394 1471 2427 1
1498 2393 1594 2437 703).
1645 2393 1869 2438 Quamquam

101 2456 222 2489 autem
256 2453 419 2499 pontifex
455 2452 545 2486 haec
580 2451 686 2485 valde
721 2450 896 2496 probabat
922 2452 958 2483 et
984 2450 1019 2483 in
1046 2448 1189 2492 collegii
1215 2447 1425 2482 instituendi
1459 2447 1638 2492 proposito
1673 2446 1868 2492 perstabat,

98 2507 242 2542 litterae
268 2507 352 2541 illae
371 2505 523 2540 multum
543 2505 675 2539 dilatae
695 2508 731 2538 et
757 2503 1042 2549 procrastinatae
1060 2504 1162 2541 sunt;
1191 2512 1313 2535 mense
1331 2500 1475 2534 tandem
1497 2500 1586 2535 Iulio
1608 2500 1697 2535 1580
1714 2500 1868 2545 supplex

98 2561 142 2595 de
171 2560 338 2603 „unione“
368 2559 431 2593 illa
457 2558 601 2592 libellus
629 2558 761 2591 Romae
792 2556 998 2600 „signatus“
1028 2558 1083 2589 est
1111 2555 1293 2597 (Berthier
1318 2553 1340 2588 l.
1360 2565 1388 2588 c.
1409 2554 1505 2597 231),
1537 2556 1571 2588 et
1597 2554 1629 2588 2.
1650 2553 1869 2598 Septembris

101 2614 193 2649 1580
223 2615 397 2649 oliverius
426 2615 621 2647 Mamm-eus
648 2611 838 2645 Societatis
865 2610 1023 2643 vicarius
1049 2607 1228 2652 generalis
1246 2607 1357 2641 Roma
1383 2607 1427 2641 ad
1452 2607 1488 2641 P.
1509 2606 1661 2641 Paulum
1682 2606 1867 2641 Hoffaeum

99 2667 314 2703 Germaniae
341 2666 536 2711 superioris
571 2663 827 2709 provincialem
855 2662 1048 2707 *scripsit:
1080 2661 1186 2704 „Eius
1211 2660 1262 2694 rei
1289 2660 1485 2704 diplomata
1510 2661 1581 2694 iam
1607 2660 1865 2705 expediuntur“

103 2721 166 2764 (ex
191 2732 336 2761 comm.;
375 2719 442 2754 Rh.
461 2719 528 2752 inf.
550 2719 579 2760 1,
615 2718 647 2751 Il
676 2718 699 2752 f.
718 2717 809 2761 47⁸).
859 2715 983 2760 Neque
1008 2718 1127 2749 tamen
1155 2714 1225 2748 cito
1252 2713 1340 2748 baec
1365 2713 1579 2757 Friburgum
1610 2713 1748 2758 perlata
1773 2716 1868 2748 sunt.

98 2773 190 2808 Nam
226 2775 381 2808 Ioannes
409 2773 628 2806 Franciscus
654 2770 874 2804 Bonhomius
907 2769 1055 2803 nuntius
1090 2766 1318 2812 apostolicus,
1354 2767 1409 2801 cui
1445 2769 1594 2801 senatus
1629 2767 1868 2810 friburgensis

100 2827 241 2862 unionis
266 2827 364 2861 illius
382 2825 427 2860 ad
447 2826 614 2859 effectum
633 2823 861 2858 deducendae
886 2833 1008 2856 curam
1036 2821 1264 2855 commiserat
1290 2820 1340 2864 (v,
1359 2831 1468 2865 supra
1494 2831 1525 2865 p.
1545 2820 1613 2855 599
1626 2820 1666 2863 2),
1693 2820 1868 2865 Friburgo

102 2880 156 2915 14.
184 2880 393 2915 Decembris
422 2878 512 2914 1580
547 2877 752 2912 Ptolemaeo
789 2875 960 2910 cardinali
994 2873 1158 2909 Comensi
1193 2873 1357 2918 scripsit:
1397 2872 1446 2915 „11
1480 2873 1519 2907 P.
1548 2873 1690 2908 Canisio
1716 2873 1764 2908 mi
1793 2874 1866 2908 tien

219 2962 246 2993 a)
268 2962 328 2987 Hoc
348 2968 371 2985 v.
393 2961 422 2986 C.
442 2967 535 2992 supra
555 2966 670 2984 versum
690 2958 817 2990 scripsit.
900 2956 930 2985 b)
951 2957 1090 2988 Sequitur
1110 2954 1239 2988 possint,
1259 2955 1348 2980 oblite.
1431 2955 1458 2986 c)
1480 2956 1539 2981 Hoc
1560 2966 1583 2981 r.
1603 2964 1619 2980 u
1642 2957 1671 2982 C.
1690 2964 1783 2989 supra
1805 2965 1868 2984 ver,

99 3011 164 3029 8um
182 3003 324 3035 scriptum
345 3005 395 3027 est.
489 2999 519 3032 d)
543 3001 673 3032 Quinque
695 3009 734 3025 rr.
754 3007 812 3031 sqq.
834 3007 850 3024 α
876 3000 905 3024 C.
925 3006 1017 3030 supra
1040 3005 1152 3022 versum
1172 2997 1284 3028 scripta
1303 2999 1379 3022 sunt.

222 3119 232 3140 ¹
259 3119 313 3153 Mt
339 3117 394 3160 22,
423 3118 476 3152 16.
577 3117 590 3138 ²
615 3117 650 3151 IS
677 3117 731 3158 30,
760 3116 814 3151 10.
915 3115 927 3135 ⁸
952 3114 1007 3148 Mt
1035 3114 1088 3155 13,
1116 3113 1171 3148 25.
1271 3115 1283 3133 ⁴
1310 3113 1380 3147 Aoi:
1408 3113 1460 3154 15,
1487 3112 1545 3148 28.

172 3188 483 3220 Braunsberger,
503 3186 615 3213 canisii
633 3186 789 3220 Epistulae
810 3185 841 3211 et
861 3185 946 3212 Acta.
977 3183 1041 3211 vn.
1536 3178 1580 3212 55
