<?xml version="1.0" encoding="UTF-8"?>
<!DOCTYPE html PUBLIC "-//W3C//DTD XHTML 1.0 Transitional//EN"
    "http://www.w3.org/TR/xhtml1/DTD/xhtml1-transitional.dtd">
<html xmlns="http://www.w3.org/1999/xhtml" xml:lang="en" lang="en">
 <head>
  <title>
</title>
<meta http-equiv="Content-Type" content="text/html;charset=utf-8" />
  <meta name='ocr-system' content='tesseract 3.04.00' />
  <meta name='ocr-capabilities' content='ocr_page ocr_carea ocr_par ocr_line ocrx_word'/>
</head>
<body>
  <div class='ocr_page' id='page_1' title='image "beatipetricanisi07cani_0306.png"; bbox 0 0 2051 3433; ppageno 0'>
   <div class='ocr_carea' id='block_1_1' title="bbox 211 122 1528 170">
    <p class='ocr_par' dir='ltr' id='par_1_1' title="bbox 211 122 1528 170">
     <span class='ocr_line' id='line_1_1' title="bbox 211 122 1528 170; baseline -0.001 -11"><span class='ocrx_word' id='word_1_1' title='bbox 211 130 295 170; x_wconf 82' lang='lat'>212</span> <span class='ocrx_word' id='word_1_2' title='bbox 654 124 757 159; x_wconf 80' lang='lat'>1884.</span> <span class='ocrx_word' id='word_1_3' title='bbox 784 122 950 158; x_wconf 79' lang='lat' dir='ltr'>canisius</span> <span class='ocrx_word' id='word_1_4' title='bbox 977 122 1149 167; x_wconf 85' lang='lat' dir='ltr'>Gregorio</span> <span class='ocrx_word' id='word_1_5' title='bbox 1176 122 1275 157; x_wconf 78' lang='lat' dir='ltr'>XHI.</span> <span class='ocrx_word' id='word_1_6' title='bbox 1303 122 1407 158; x_wconf 87' lang='lat' dir='ltr'>Pont.</span> <span class='ocrx_word' id='word_1_7' title='bbox 1429 123 1528 158; x_wconf 86' lang='lat' dir='ltr'>Max.</span> 
     </span>
    </p>
   </div>
   <div class='ocr_carea' id='block_1_2' title="bbox 208 243 1983 1210">
    <p class='ocr_par' dir='ltr' id='par_1_2' title="bbox 208 243 1983 1210">
     <span class='ocr_line' id='line_1_2' title="bbox 210 243 1980 297; baseline -0.001 -12"><span class='ocrx_word' id='word_1_8' title='bbox 210 258 293 297; x_wconf 90' lang='lat' dir='ltr'>quo</span> <span class='ocrx_word' id='word_1_9' title='bbox 326 243 576 294; x_wconf 83' lang='lat' dir='ltr'>Lutherani,</span> <span class='ocrx_word' id='word_1_10' title='bbox 617 243 718 297; x_wconf 92' lang='lat' dir='ltr'>quin</span> <span class='ocrx_word' id='word_1_11' title='bbox 760 243 937 296; x_wconf 84' lang='lat' dir='ltr'>grauius</span> <span class='ocrx_word' id='word_1_12' title='bbox 979 243 1110 284; x_wconf 84' lang='lat' dir='ltr'>etiam</span> <span class='ocrx_word' id='word_1_13' title='bbox 1153 257 1226 284; x_wconf 93' lang='lat' dir='ltr'>eos</span> <span class='ocrx_word' id='word_1_14' title='bbox 1261 245 1591 296; x_wconf 87' lang='lat' dir='ltr'>persequuntur,</span> <span class='ocrx_word' id='word_1_15' title='bbox 1635 243 1706 296; x_wconf 91' lang='lat' dir='ltr'>qui</span> <span class='ocrx_word' id='word_1_16' title='bbox 1739 246 1841 286; x_wconf 89' lang='lat' dir='ltr'>sunt</span> <span class='ocrx_word' id='word_1_17' title='bbox 1873 244 1980 286; x_wconf 87' lang='lat' dir='ltr'>Ger-</span> 
     </span>
     <span class='ocr_line' id='line_1_3' title="bbox 209 307 1981 364; baseline 0 -14"><span class='ocrx_word' id='word_1_18' title='bbox 209 307 421 364; x_wconf 72' lang='lat' dir='ltr'>maui⁸[?]</span> <span class='ocrx_word' id='word_1_19' title='bbox 456 308 706 358; x_wconf 85' lang='lat' dir='ltr'>Lutherani,</span> <span class='ocrx_word' id='word_1_20' title='bbox 749 308 888 361; x_wconf 91' lang='lat' dir='ltr'>qualis</span> <span class='ocrx_word' id='word_1_21' title='bbox 922 312 989 350; x_wconf 91' lang='lat' dir='ltr'>est</span> <span class='ocrx_word' id='word_1_22' title='bbox 1023 307 1221 361; x_wconf 90' lang='lat' dir='ltr'>Illyricus</span> <span class='ocrx_word' id='word_1_23' title='bbox 1263 322 1357 350; x_wconf 89' lang='lat' dir='ltr'>cum</span> <span class='ocrx_word' id='word_1_24' title='bbox 1391 322 1470 350; x_wconf 89' lang='lat' dir='ltr'>sua</span> <span class='ocrx_word' id='word_1_25' title='bbox 1502 308 1714 350; x_wconf 75' lang='lat' dir='ltr'><strong>factione:</strong></span> <span class='ocrx_word' id='word_1_26' title='bbox 1748 308 1868 358; x_wconf 85' lang='lat' dir='ltr'>Quod</span> <span class='ocrx_word' id='word_1_27' title='bbox 1900 308 1981 350; x_wconf 86' lang='lat' dir='ltr'>nisi</span> 
     </span>
     <span class='ocr_line' id='line_1_4' title="bbox 209 372 1980 427; baseline 0 -12"><span class='ocrx_word' id='word_1_28' title='bbox 209 375 262 416; x_wconf 87' lang='lat' dir='ltr'>de</span> <span class='ocrx_word' id='word_1_29' title='bbox 295 375 572 417; x_wconf 79' lang='lat' dir='ltr'>restitutione</span> <span class='ocrx_word' id='word_1_30' title='bbox 604 374 812 415; x_wconf 86' lang='lat' dir='ltr'>bonorum</span> <span class='ocrx_word' id='word_1_31' title='bbox 838 372 1243 415; x_wconf 79' lang='lat' dir='ltr'>Ecclesiasticorum</span> <span class='ocrx_word' id='word_1_32' title='bbox 1277 373 1512 427; x_wconf 87' lang='lat' dir='ltr'>periculum</span> <span class='ocrx_word' id='word_1_33' title='bbox 1547 375 1663 416; x_wconf 89' lang='lat' dir='ltr'>esset</span> <span class='ocrx_word' id='word_1_34' title='bbox 1689 374 1980 423; x_wconf 87' lang='lat' dir='ltr'>metuendum,</span> 
     </span>
     <span class='ocr_line' id='line_1_5' title="bbox 210 437 1980 492; baseline -0.001 -11"><span class='ocrx_word' id='word_1_35' title='bbox 210 440 341 481; x_wconf 89' lang='lat' dir='ltr'>etiam</span> <span class='ocrx_word' id='word_1_36' title='bbox 376 454 401 481; x_wconf 90' lang='lat' dir='ltr'>a</span> <span class='ocrx_word' id='word_1_37' title='bbox 434 439 688 482; x_wconf 85' lang='lat' dir='ltr'>Christianis</span> <span class='ocrx_word' id='word_1_38' title='bbox 721 439 847 491; x_wconf 89' lang='lat' dir='ltr'>(quos</span> <span class='ocrx_word' id='word_1_39' title='bbox 879 438 1032 492; x_wconf 88' lang='lat' dir='ltr'>lepidis</span> <span class='ocrx_word' id='word_1_40' title='bbox 1055 437 1150 479; x_wconf 89' lang='lat' dir='ltr'>istis</span> <span class='ocrx_word' id='word_1_41' title='bbox 1173 437 1415 480; x_wconf 89' lang='lat' dir='ltr'>hominibus</span> <span class='ocrx_word' id='word_1_42' title='bbox 1438 437 1639 492; x_wconf 86' lang='lat' dir='ltr'>Papistas</span> <span class='ocrx_word' id='word_1_43' title='bbox 1662 452 1819 480; x_wconf 84' lang='lat' dir='ltr'>vocare</span> <span class='ocrx_word' id='word_1_44' title='bbox 1842 439 1980 480; x_wconf 91' lang='lat' dir='ltr'>visum</span> 
     </span>
     <span class='ocr_line' id='line_1_6' title="bbox 209 502 1979 558; baseline -0.001 -11"><span class='ocrx_word' id='word_1_45' title='bbox 209 505 296 557; x_wconf 89' lang='lat' dir='ltr'>est)</span> <span class='ocrx_word' id='word_1_46' title='bbox 328 520 413 547; x_wconf 89' lang='lat' dir='ltr'>non</span> <span class='ocrx_word' id='word_1_47' title='bbox 443 505 697 547; x_wconf 85' lang='lat' dir='ltr'>abhorreret</span> <span class='ocrx_word' id='word_1_48' title='bbox 718 504 791 545; x_wconf 92' lang='lat' dir='ltr'>ille</span> <span class='ocrx_word' id='word_1_49' title='bbox 814 503 1032 557; x_wconf 87' lang='lat' dir='ltr'>Princeps,</span> <span class='ocrx_word' id='word_1_50' title='bbox 1066 506 1111 545; x_wconf 92' lang='lat' dir='ltr'>et</span> <span class='ocrx_word' id='word_1_51' title='bbox 1143 517 1216 544; x_wconf 91' lang='lat' dir='ltr'>eos</span> <span class='ocrx_word' id='word_1_52' title='bbox 1248 502 1290 544; x_wconf 92' lang='lat' dir='ltr'>in</span> <span class='ocrx_word' id='word_1_53' title='bbox 1322 502 1452 545; x_wconf 90' lang='lat' dir='ltr'>terris</span> <span class='ocrx_word' id='word_1_54' title='bbox 1475 503 1564 545; x_wconf 91' lang='lat' dir='ltr'>suis</span> <span class='ocrx_word' id='word_1_55' title='bbox 1593 503 1720 545; x_wconf 84' lang='lat' dir='ltr'>facile</span> <span class='ocrx_word' id='word_1_56' title='bbox 1742 506 1979 558; x_wconf 84' lang='lat' dir='ltr'>pateretur,</span> 
     </span>
     <span class='ocr_line' id='line_1_7' title="bbox 210 568 1981 612; baseline -0.001 -1"><span class='ocrx_word' id='word_1_57' title='bbox 210 585 304 612; x_wconf 88' lang='lat' dir='ltr'>cum</span> <span class='ocrx_word' id='word_1_58' title='bbox 338 570 519 612; x_wconf 83' lang='lat' dir='ltr'>istarum</span> <span class='ocrx_word' id='word_1_59' title='bbox 554 570 668 612; x_wconf 87' lang='lat' dir='ltr'>inter</span> <span class='ocrx_word' id='word_1_60' title='bbox 699 583 746 610; x_wconf 90' lang='lat' dir='ltr'>se</span> <span class='ocrx_word' id='word_1_61' title='bbox 778 572 868 611; x_wconf 84' lang='lat' dir='ltr'>tam</span> <span class='ocrx_word' id='word_1_62' title='bbox 894 569 1179 610; x_wconf 79' lang='lat' dir='ltr'>dissectarum</span> <span class='ocrx_word' id='word_1_63' title='bbox 1212 570 1430 610; x_wconf 89' lang='lat' dir='ltr'>sectarum</span> <span class='ocrx_word' id='word_1_64' title='bbox 1453 568 1734 611; x_wconf 87' lang='lat' dir='ltr'>vehementer</span> <span class='ocrx_word' id='word_1_65' title='bbox 1766 583 1862 610; x_wconf 93' lang='lat' dir='ltr'>eum</span> <span class='ocrx_word' id='word_1_66' title='bbox 1894 569 1981 611; x_wconf 85' lang='lat' dir='ltr'>iam</span> 
     </span>
     <span class='ocr_line' id='line_1_8' title="bbox 209 633 1981 689; baseline 0 -13"><span class='ocrx_word' id='word_1_67' title='bbox 209 635 266 677; x_wconf 90' lang='lat' dir='ltr'>sit</span> <span class='ocrx_word' id='word_1_68' title='bbox 299 638 560 689; x_wconf 75' lang='lat' dir='ltr'>pertaesum.</span> <span class='ocrx_word' id='word_1_69' title='bbox 624 634 671 676; x_wconf 92' lang='lat' dir='ltr'>In</span> <span class='ocrx_word' id='word_1_70' title='bbox 706 634 854 676; x_wconf 85' lang='lat' dir='ltr'>Suetia</span> <span class='ocrx_word' id='word_1_71' title='bbox 896 647 966 675; x_wconf 92' lang='lat' dir='ltr'>res</span> <span class='ocrx_word' id='word_1_72' title='bbox 998 633 1176 675; x_wconf 91' lang='lat' dir='ltr'>meliore</span> <span class='ocrx_word' id='word_1_73' title='bbox 1217 634 1311 675; x_wconf 84' lang='lat' dir='ltr'>loco</span> <span class='ocrx_word' id='word_1_74' title='bbox 1349 633 1519 676; x_wconf 88' lang='lat' dir='ltr'>futuras</span> <span class='ocrx_word' id='word_1_75' title='bbox 1560 633 1604 675; x_wconf 95' lang='lat' dir='ltr'>in</span> <span class='ocrx_word' id='word_1_76' title='bbox 1634 634 1818 676; x_wconf 88' lang='lat' dir='ltr'>Domino</span> <span class='ocrx_word' id='word_1_77' title='bbox 1852 635 1981 677; x_wconf 88' lang='lat' dir='ltr'>confi-</span> 
     </span>
     <span class='ocr_line' id='line_1_9' title="bbox 209 699 1980 754; baseline 0.001 -12"><span class='ocrx_word' id='word_1_78' title='bbox 209 700 349 742; x_wconf 88' lang='lat' dir='ltr'>dimus</span> <span class='ocrx_word' id='word_1_79' title='bbox 366 702 391 752; x_wconf 85' lang='lat'>¹,</span> <span class='ocrx_word' id='word_1_80' title='bbox 434 700 514 742; x_wconf 89' lang='lat' dir='ltr'>nisi</span> <span class='ocrx_word' id='word_1_81' title='bbox 549 700 661 753; x_wconf 91' lang='lat' dir='ltr'>quod</span> <span class='ocrx_word' id='word_1_82' title='bbox 704 702 987 754; x_wconf 78' lang='lat' dir='ltr'>posteaquam</span> <span class='ocrx_word' id='word_1_83' title='bbox 1023 699 1094 752; x_wconf 88' lang='lat' dir='ltr'>qui</span> <span class='ocrx_word' id='word_1_84' title='bbox 1135 699 1292 740; x_wconf 92' lang='lat' dir='ltr'>missus</span> <span class='ocrx_word' id='word_1_85' title='bbox 1323 699 1407 741; x_wconf 88' lang='lat' dir='ltr'>huc</span> <span class='ocrx_word' id='word_1_86' title='bbox 1439 699 1537 741; x_wconf 89' lang='lat' dir='ltr'>inde</span> <span class='ocrx_word' id='word_1_87' title='bbox 1570 699 1726 750; x_wconf 88' lang='lat' dir='ltr'>fuerat,</span> <span class='ocrx_word' id='word_1_88' title='bbox 1770 700 1980 751; x_wconf 85' lang='lat' dir='ltr'>discessit,</span> 
     </span>
     <span class='ocr_line' id='line_1_10' title="bbox 209 764 1983 819; baseline 0.001 -12"><span class='ocrx_word' id='word_1_89' title='bbox 209 766 351 808; x_wconf 87' lang='lat' dir='ltr'>nullas</span> <span class='ocrx_word' id='word_1_90' title='bbox 392 769 545 819; x_wconf 84' lang='lat' dir='ltr'>postea</span> <span class='ocrx_word' id='word_1_91' title='bbox 576 764 728 806; x_wconf 80' lang='lat' dir='ltr'>literas</span> <span class='ocrx_word' id='word_1_92' title='bbox 763 764 1008 818; x_wconf 84' lang='lat' dir='ltr'>accepimus</span> <span class='ocrx_word' id='word_1_93' title='bbox 1021 765 1051 807; x_wconf 79' lang='lat'>².</span> <span class='ocrx_word' id='word_1_94' title='bbox 1115 764 1336 806; x_wconf 85' lang='lat' dir='ltr'>Pontificis</span> <span class='ocrx_word' id='word_1_95' title='bbox 1364 764 1611 807; x_wconf 86' lang='lat' dir='ltr'>institutum</span> <span class='ocrx_word' id='word_1_96' title='bbox 1645 765 1697 806; x_wconf 91' lang='lat' dir='ltr'>de</span> <span class='ocrx_word' id='word_1_97' title='bbox 1729 766 1983 808; x_wconf 87' lang='lat' dir='ltr'>reuocandis</span> 
     </span>
     <span class='ocr_line' id='line_1_11' title="bbox 209 829 1982 885; baseline 0 -12"><span class='ocrx_word' id='word_1_98' title='bbox 209 832 262 873; x_wconf 86' lang='lat' dir='ltr'>ad</span> <span class='ocrx_word' id='word_1_99' title='bbox 287 831 502 873; x_wconf 76' lang='lat' dir='ltr'>Christum</span> <span class='ocrx_word' id='word_1_100' title='bbox 538 831 603 885; x_wconf 87' lang='lat' dir='ltr'>ijs,</span> <span class='ocrx_word' id='word_1_101' title='bbox 637 829 708 883; x_wconf 89' lang='lat' dir='ltr'>qui</span> <span class='ocrx_word' id='word_1_102' title='bbox 731 829 774 871; x_wconf 93' lang='lat' dir='ltr'>in</span> <span class='ocrx_word' id='word_1_103' title='bbox 798 829 1030 871; x_wconf 83' lang='lat' dir='ltr'>Germania</span> <span class='ocrx_word' id='word_1_104' title='bbox 1063 829 1341 872; x_wconf 84' lang='lat' dir='ltr'>doctrinis</span> <span class='ocrx_word' id='word_1_105' title='bbox 1374 830 1554 883; x_wconf 85' lang='lat' dir='ltr'>varijs</span> <span class='ocrx_word' id='word_1_106' title='bbox 1586 833 1638 872; x_wconf 90' lang='lat' dir='ltr'>et</span> <span class='ocrx_word' id='word_1_107' title='bbox 1661 831 1982 885; x_wconf 82' lang='lat' dir='ltr'>peregrinis</span> 
     </span>
     <span class='ocr_line' id='line_1_12' title="bbox 208 894 1982 949; baseline 0 -11"><span class='ocrx_word' id='word_1_108' title='bbox 208 897 264 938; x_wconf 86' lang='lat' dir='ltr'>ab</span> <span class='ocrx_word' id='word_1_109' title='bbox 303 910 353 938; x_wconf 92' lang='lat' dir='ltr'>eo</span> <span class='ocrx_word' id='word_1_110' title='bbox 386 898 488 938; x_wconf 90' lang='lat' dir='ltr'>sunt</span> <span class='ocrx_word' id='word_1_111' title='bbox 521 895 791 945; x_wconf 75' lang='lat' dir='ltr'>abducti3‚</span> <span class='ocrx_word' id='word_1_112' title='bbox 833 908 958 936; x_wconf 89' lang='lat' dir='ltr'>nemo</span> <span class='ocrx_word' id='word_1_113' title='bbox 999 894 1096 948; x_wconf 89' lang='lat' dir='ltr'>pius</span> <span class='ocrx_word' id='word_1_114' title='bbox 1133 895 1314 937; x_wconf 84' lang='lat' dir='ltr'>laudare</span> <span class='ocrx_word' id='word_1_115' title='bbox 1346 895 1454 937; x_wconf 84' lang='lat' dir='ltr'>satis</span> <span class='ocrx_word' id='word_1_116' title='bbox 1486 895 1697 949; x_wconf 64' lang='lat' dir='ltr'>potestb4.</span> <span class='ocrx_word' id='word_1_117' title='bbox 1762 896 1907 938; x_wconf 84' lang='lat' dir='ltr'>Etiam</span> <span class='ocrx_word' id='word_1_118' title='bbox 1939 896 1982 938; x_wconf 94' lang='lat' dir='ltr'>in</span> 
     </span>
     <span class='ocr_line' id='line_1_13' title="bbox 211 959 1982 1014; baseline 0.001 -11"><span class='ocrx_word' id='word_1_119' title='bbox 211 961 401 1004; x_wconf 83' lang='lat' dir='ltr'>Suetiam</span> <span class='ocrx_word' id='word_1_120' title='bbox 436 961 624 1003; x_wconf 84' lang='lat' dir='ltr'>scribere</span> <span class='ocrx_word' id='word_1_121' title='bbox 657 974 724 1002; x_wconf 89' lang='lat' dir='ltr'>me</span> <span class='ocrx_word' id='word_1_122' title='bbox 756 959 896 1009; x_wconf 89' lang='lat' dir='ltr'>iussit,</span> <span class='ocrx_word' id='word_1_123' title='bbox 930 962 979 1002; x_wconf 91' lang='lat' dir='ltr'>vt</span> <span class='ocrx_word' id='word_1_124' title='bbox 1010 960 1109 1002; x_wconf 89' lang='lat' dir='ltr'>inde</span> <span class='ocrx_word' id='word_1_125' title='bbox 1142 974 1312 1014; x_wconf 90' lang='lat' dir='ltr'>quoque</span> <span class='ocrx_word' id='word_1_126' title='bbox 1343 960 1621 1002; x_wconf 87' lang='lat' dir='ltr'>mitterentur</span> <span class='ocrx_word' id='word_1_127' title='bbox 1643 960 1776 1014; x_wconf 83' lang='lat' dir='ltr'>aliqui</span> <span class='ocrx_word' id='word_1_128' title='bbox 1789 962 1818 1004; x_wconf 82' lang='grc'>5.</span> <span class='ocrx_word' id='word_1_129' title='bbox 1864 962 1982 1004; x_wconf 92' lang='lat' dir='ltr'>Deus</span> 
     </span>
     <span class='ocr_line' id='line_1_14' title="bbox 209 1025 1981 1081; baseline 0.001 -13"><span class='ocrx_word' id='word_1_130' title='bbox 209 1026 361 1081; x_wconf 84' lang='lat' dir='ltr'>optimi</span> <span class='ocrx_word' id='word_1_131' title='bbox 384 1025 605 1068; x_wconf 90' lang='lat' dir='ltr'>Pontificis</span> <span class='ocrx_word' id='word_1_132' title='bbox 638 1030 820 1068; x_wconf 85' lang='lat' dir='ltr'>conatus</span> <span class='ocrx_word' id='word_1_133' title='bbox 844 1028 1083 1080; x_wconf 83' lang='lat' dir='ltr'>prosperet,</span> <span class='ocrx_word' id='word_1_134' title='bbox 1118 1028 1163 1068; x_wconf 90' lang='lat' dir='ltr'>et</span> <span class='ocrx_word' id='word_1_135' title='bbox 1185 1025 1459 1067; x_wconf 86' lang='lat' dir='ltr'>consiliorum</span> <span class='ocrx_word' id='word_1_136' title='bbox 1483 1025 1679 1067; x_wconf 86' lang='lat' dir='ltr'>foelicem</span> <span class='ocrx_word' id='word_1_137' title='bbox 1702 1040 1981 1080; x_wconf 86' lang='lat' dir='ltr'>progressum</span> 
     </span>
     <span class='ocr_line' id='line_1_15' title="bbox 208 1090 1982 1145; baseline 0.001 -11"><span class='ocrx_word' id='word_1_138' title='bbox 208 1097 255 1134; x_wconf 84' lang='lat' dir='ltr'>et</span> <span class='ocrx_word' id='word_1_139' title='bbox 288 1092 454 1133; x_wconf 83' lang='lat' dir='ltr'>exitum</span> <span class='ocrx_word' id='word_1_140' title='bbox 476 1091 703 1145; x_wconf 84' lang='lat' dir='ltr'>largiatur.</span> <span class='ocrx_word' id='word_1_141' title='bbox 749 1090 869 1132; x_wconf 92' lang='lat' dir='ltr'>Nihil</span> <span class='ocrx_word' id='word_1_142' title='bbox 891 1090 928 1132; x_wconf 90' lang='lat' dir='ltr'>is</span> <span class='ocrx_word' id='word_1_143' title='bbox 951 1104 1097 1132; x_wconf 90' lang='lat' dir='ltr'>eorum</span> <span class='ocrx_word' id='word_1_144' title='bbox 1121 1090 1447 1145; x_wconf 86' lang='lat' dir='ltr'>praetermittit,</span> <span class='ocrx_word' id='word_1_145' title='bbox 1482 1105 1592 1144; x_wconf 86' lang='lat' dir='ltr'>quae</span> <span class='ocrx_word' id='word_1_146' title='bbox 1625 1091 1679 1133; x_wconf 84' lang='lat' dir='ltr'>ad</span> <span class='ocrx_word' id='word_1_147' title='bbox 1711 1093 1982 1135; x_wconf 84' lang='lat' dir='ltr'>reuocandos</span> 
     </span>
     <span class='ocr_line' id='line_1_16' title="bbox 208 1156 1979 1210; baseline 0.001 -11"><span class='ocrx_word' id='word_1_148' title='bbox 208 1157 264 1199; x_wconf 84' lang='lat' dir='ltr'>ad</span> <span class='ocrx_word' id='word_1_149' title='bbox 297 1161 486 1199; x_wconf 81' lang='lat' dir='ltr'>mentem</span> <span class='ocrx_word' id='word_1_150' title='bbox 519 1156 735 1198; x_wconf 89' lang='lat' dir='ltr'>saniorem</span> <span class='ocrx_word' id='word_1_151' title='bbox 771 1156 1028 1206; x_wconf 87' lang='lat' dir='ltr'>Germanos,</span> <span class='ocrx_word' id='word_1_152' title='bbox 1066 1158 1111 1198; x_wconf 89' lang='lat' dir='ltr'>et</span> <span class='ocrx_word' id='word_1_153' title='bbox 1143 1157 1205 1198; x_wconf 85' lang='lat' dir='ltr'>ad</span> <span class='ocrx_word' id='word_1_154' title='bbox 1239 1170 1369 1198; x_wconf 90' lang='lat' dir='ltr'>oues</span> <span class='ocrx_word' id='word_1_155' title='bbox 1403 1170 1539 1209; x_wconf 86' lang='lat' dir='ltr'>quae</span> <span class='ocrx_word' id='word_1_156' title='bbox 1571 1157 1895 1210; x_wconf 75' lang='lat' dir='ltr'>perierunt6</span> <span class='ocrx_word' id='word_1_157' title='bbox 1926 1159 1979 1200; x_wconf 84' lang='lat' dir='ltr'>ad</span> 
     </span>
    </p>
   </div>
   <div class='ocr_carea' id='block_1_3' title="bbox 208 1220 1983 1343">
    <p class='ocr_par' dir='ltr' id='par_1_3' title="bbox 208 1220 1983 1343">
     <span class='ocr_line' id='line_1_17' title="bbox 208 1220 1983 1276; baseline 0.001 -13"><span class='ocrx_word' id='word_1_158' title='bbox 208 1236 367 1264; x_wconf 88' lang='lat' dir='ltr'>vnum</span> <span class='ocrx_word' id='word_1_159' title='bbox 411 1222 588 1264; x_wconf 85' lang='lat' dir='ltr'>ouile⁷</span> <span class='ocrx_word' id='word_1_160' title='bbox 620 1220 778 1263; x_wconf 86' lang='lat' dir='ltr'>Christi</span> <span class='ocrx_word' id='word_1_161' title='bbox 819 1220 1116 1275; x_wconf 82' lang='lat' dir='ltr'>perducendas</span> <span class='ocrx_word' id='word_1_162' title='bbox 1156 1221 1374 1276; x_wconf 86' lang='lat' dir='ltr'>pertinere</span> <span class='ocrx_word' id='word_1_163' title='bbox 1411 1221 1626 1265; x_wconf 87' lang='lat' dir='ltr'>videntur.</span> <span class='ocrx_word' id='word_1_164' title='bbox 1649 1248 1707 1253; x_wconf 93' lang='lat'>—</span> <span class='ocrx_word' id='word_1_165' title='bbox 1729 1246 1786 1251; x_wconf 84' lang='lat'>-—</span> <span class='ocrx_word' id='word_1_166' title='bbox 1818 1223 1983 1266; x_wconf 85' lang='lat' dir='ltr'>Romae</span> 
     </span>
     <span class='ocr_line' id='line_1_18' title="bbox 211 1287 553 1343; baseline 0 -12"><span class='ocrx_word' id='word_1_167' title='bbox 211 1289 251 1331; x_wconf 83' lang='lat'>8.</span> <span class='ocrx_word' id='word_1_168' title='bbox 286 1287 387 1343; x_wconf 86' lang='lat' dir='ltr'>Maij</span> <span class='ocrx_word' id='word_1_169' title='bbox 428 1289 553 1331; x_wconf 81' lang='grc'><strong>1574.</strong></span> 
     </span>
    </p>
   </div>
   <div class='ocr_carea' id='block_1_4' title="bbox 208 1400 1932 1508">
    <p class='ocr_par' dir='ltr' id='par_1_4' title="bbox 208 1400 1932 1508">
     <span class='ocr_line' id='line_1_19' title="bbox 208 1400 1674 1445; baseline -0.001 -6"><span class='ocrx_word' id='word_1_170' title='bbox 208 1400 364 1439; x_wconf 84' lang='grc'><strong>1884.</strong></span> <span class='ocrx_word' id='word_1_171' title='bbox 464 1402 682 1438; x_wconf 83' lang='lat' dir='ltr'>CANISIUS</span> <span class='ocrx_word' id='word_1_172' title='bbox 710 1400 1076 1438; x_wconf 76' lang='lat' dir='ltr'>GREGORIO</span> <span class='ocrx_word' id='word_1_173' title='bbox 1104 1401 1266 1438; x_wconf 84' lang='lat' dir='ltr'><strong>XIII.</strong></span> <span class='ocrx_word' id='word_1_174' title='bbox 1294 1402 1459 1437; x_wconf 85' lang='lat' dir='ltr'>Pontifici</span> <span class='ocrx_word' id='word_1_175' title='bbox 1485 1401 1674 1445; x_wconf 59' lang='lat' dir='ltr'>Maximo]</span> 
     </span>
     <span class='ocr_line' id='line_1_20' title="bbox 1411 1462 1932 1508; baseline 0.004 -11"><span class='ocrx_word' id='word_1_176' title='bbox 1411 1462 1612 1508; x_wconf 85' lang='lat' dir='ltr'>Oeniponte</span> <span class='ocrx_word' id='word_1_177' title='bbox 1642 1463 1695 1499; x_wconf 88' lang='lat'>10.</span> <span class='ocrx_word' id='word_1_178' title='bbox 1715 1463 1802 1498; x_wconf 85' lang='lat' dir='ltr'>Maii</span> <span class='ocrx_word' id='word_1_179' title='bbox 1830 1465 1932 1499; x_wconf 87' lang='lat'>1574.</span> 
     </span>
    </p>
   </div>
   <div class='ocr_carea' id='block_1_5' title="bbox 207 1526 1982 1733">
    <p class='ocr_par' dir='ltr' id='par_1_5' title="bbox 207 1526 1982 1733">
     <span class='ocr_line' id='line_1_21' title="bbox 328 1526 1982 1572; baseline 0.002 -12"><span class='ocrx_word' id='word_1_180' title='bbox 328 1527 383 1561; x_wconf 88' lang='lat' dir='ltr'>Ex</span> <span class='ocrx_word' id='word_1_181' title='bbox 402 1526 610 1572; x_wconf 75' lang='lat' dir='ltr'>archetypo,</span> <span class='ocrx_word' id='word_1_182' title='bbox 639 1527 730 1571; x_wconf 85' lang='lat' dir='ltr'>quod</span> <span class='ocrx_word' id='word_1_183' title='bbox 752 1526 918 1561; x_wconf 83' lang='lat' dir='ltr'>Canisius</span> <span class='ocrx_word' id='word_1_184' title='bbox 935 1527 1013 1571; x_wconf 91' lang='lat' dir='ltr'>ipse</span> <span class='ocrx_word' id='word_1_185' title='bbox 1032 1527 1246 1572; x_wconf 84' lang='lat' dir='ltr'>subscripsit</span> <span class='ocrx_word' id='word_1_186' title='bbox 1268 1526 1345 1569; x_wconf 73' lang='lat'><strong>(2⁰3</strong></span> <span class='ocrx_word' id='word_1_187' title='bbox 1368 1527 1391 1560; x_wconf 91' lang='lat'>4</span> <span class='ocrx_word' id='word_1_188' title='bbox 1410 1528 1496 1572; x_wconf 87' lang='lat' dir='ltr'>pp.),</span> <span class='ocrx_word' id='word_1_189' title='bbox 1523 1528 1689 1572; x_wconf 88' lang='lat' dir='ltr'>quodque</span> <span class='ocrx_word' id='word_1_190' title='bbox 1707 1530 1828 1563; x_wconf 82' lang='lat' dir='ltr'>exstat</span> <span class='ocrx_word' id='word_1_191' title='bbox 1846 1528 1982 1564; x_wconf 83' lang='lat' dir='ltr'>Romae</span> 
     </span>
     <span class='ocr_line' id='line_1_22' title="bbox 207 1580 1981 1625; baseline 0.001 -10"><span class='ocrx_word' id='word_1_192' title='bbox 207 1581 242 1615; x_wconf 93' lang='lat' dir='ltr'>in</span> <span class='ocrx_word' id='word_1_193' title='bbox 271 1581 417 1615; x_wconf 85' lang='lat' dir='ltr'>archivo</span> <span class='ocrx_word' id='word_1_194' title='bbox 436 1581 614 1620; x_wconf 81' lang='lat' dir='ltr'>vaticano,</span> <span class='ocrx_word' id='word_1_195' title='bbox 646 1580 832 1622; x_wconf 77' lang='lat' dir='ltr'>„Nunziat.</span> <span class='ocrx_word' id='word_1_196' title='bbox 853 1580 887 1614; x_wconf 81' lang='lat' dir='ltr'>di</span> <span class='ocrx_word' id='word_1_197' title='bbox 908 1580 1028 1615; x_wconf 86' lang='lat' dir='ltr'>Germ.</span> <span class='ocrx_word' id='word_1_198' title='bbox 1049 1581 1113 1615; x_wconf 67' lang='lat'>76²</span> <span class='ocrx_word' id='word_1_199' title='bbox 1135 1593 1169 1625; x_wconf 88' lang='lat' dir='ltr'>p.</span> <span class='ocrx_word' id='word_1_200' title='bbox 1189 1581 1340 1615; x_wconf 82' lang='lat'>54—57.</span> <span class='ocrx_word' id='word_1_201' title='bbox 1380 1581 1584 1625; x_wconf 83' lang='lat' dir='ltr'>Epistulam</span> <span class='ocrx_word' id='word_1_202' title='bbox 1615 1583 1768 1616; x_wconf 76' lang='lat' dir='ltr'>Tliei&#39;ner</span> <span class='ocrx_word' id='word_1_203' title='bbox 1793 1594 1839 1616; x_wconf 83' lang='lat' dir='ltr'>ex</span> <span class='ocrx_word' id='word_1_204' title='bbox 1857 1583 1981 1617; x_wconf 91' lang='lat' dir='ltr'>eodem</span> 
     </span>
     <span class='ocr_line' id='line_1_23' title="bbox 207 1634 1980 1679; baseline 0.001 -11"><span class='ocrx_word' id='word_1_205' title='bbox 207 1634 406 1679; x_wconf 85' lang='lat' dir='ltr'>archetypo</span> <span class='ocrx_word' id='word_1_206' title='bbox 445 1634 679 1676; x_wconf 78' lang='lat' dir='ltr'>(,Germania</span> <span class='ocrx_word' id='word_1_207' title='bbox 708 1634 784 1668; x_wconf 94' lang='lat' dir='ltr'>Vol.</span> <span class='ocrx_word' id='word_1_208' title='bbox 813 1634 869 1668; x_wconf 83' lang='lat'>26.</span> <span class='ocrx_word' id='word_1_209' title='bbox 906 1634 967 1668; x_wconf 87' lang='lat' dir='ltr'>fol.</span> <span class='ocrx_word' id='word_1_210' title='bbox 996 1635 1060 1668; x_wconf 79' lang='lat'>54“</span> <span class='ocrx_word' id='word_1_211' title='bbox 1100 1634 1228 1668; x_wconf 89' lang='lat' dir='ltr'>scribit</span> <span class='ocrx_word' id='word_1_212' title='bbox 1262 1634 1338 1677; x_wconf 91' lang='lat' dir='ltr'>ille)</span> <span class='ocrx_word' id='word_1_213' title='bbox 1377 1636 1514 1679; x_wconf 89' lang='lat' dir='ltr'>primus</span> <span class='ocrx_word' id='word_1_214' title='bbox 1550 1635 1680 1677; x_wconf 81' lang='lat' dir='ltr'>edidit,</span> <span class='ocrx_word' id='word_1_215' title='bbox 1716 1636 1876 1670; x_wconf 84' lang='lat' dir='ltr'>Annales</span> <span class='ocrx_word' id='word_1_216' title='bbox 1903 1636 1918 1670; x_wconf 94' lang='lat' dir='ltr'>I</span> <span class='ocrx_word' id='word_1_217' title='bbox 1944 1637 1980 1670; x_wconf 91' lang='lat' dir='ltr'>in</span> 
     </span>
     <span class='ocr_line' id='line_1_24' title="bbox 207 1688 1978 1733; baseline 0.001 -11"><span class='ocrx_word' id='word_1_218' title='bbox 207 1700 240 1723; x_wconf 87' lang='lat' dir='ltr'>a.</span> <span class='ocrx_word' id='word_1_219' title='bbox 263 1689 353 1722; x_wconf 75' lang='lat'>1574</span> <span class='ocrx_word' id='word_1_220' title='bbox 378 1700 412 1722; x_wconf 93' lang='lat' dir='ltr'>n.</span> <span class='ocrx_word' id='word_1_221' title='bbox 432 1689 487 1722; x_wconf 81' lang='lat'>23.</span> <span class='ocrx_word' id='word_1_222' title='bbox 532 1688 617 1722; x_wconf 88' lang='lat' dir='ltr'>Eius</span> <span class='ocrx_word' id='word_1_223' title='bbox 644 1699 821 1722; x_wconf 84' lang='lat' dir='ltr'>summam</span> <span class='ocrx_word' id='word_1_224' title='bbox 847 1688 994 1722; x_wconf 85' lang='lat' dir='ltr'>brevem</span> <span class='ocrx_word' id='word_1_225' title='bbox 1022 1688 1142 1733; x_wconf 88' lang='lat' dir='ltr'>posuit</span> <span class='ocrx_word' id='word_1_226' title='bbox 1167 1689 1268 1722; x_wconf 68' lang='lat' dir='ltr'>Riess</span> <span class='ocrx_word' id='word_1_227' title='bbox 1293 1688 1318 1723; x_wconf 91' lang='lat' dir='ltr'>l.</span> <span class='ocrx_word' id='word_1_228' title='bbox 1336 1700 1364 1722; x_wconf 92' lang='lat' dir='ltr'>c.</span> <span class='ocrx_word' id='word_1_229' title='bbox 1384 1689 1464 1723; x_wconf 80' lang='lat'>428.</span> <span class='ocrx_word' id='word_1_230' title='bbox 1510 1689 1641 1723; x_wconf 89' lang='lat' dir='ltr'>Eodem</span> <span class='ocrx_word' id='word_1_231' title='bbox 1668 1689 1724 1723; x_wconf 88' lang='lat' dir='ltr'>usi</span> <span class='ocrx_word' id='word_1_232' title='bbox 1750 1692 1834 1724; x_wconf 88' lang='lat' dir='ltr'>sunt</span> <span class='ocrx_word' id='word_1_233' title='bbox 1853 1691 1978 1731; x_wconf 65' lang='lat' dir='ltr'>Rom-0,</span> 
     </span>
    </p>
   </div>
   <div class='ocr_carea' id='block_1_6' title="bbox 207 1769 1980 1886">
    <p class='ocr_par' dir='ltr' id='par_1_6' title="bbox 207 1769 1980 1886">
     <span class='ocr_line' id='line_1_25' title="bbox 327 1769 1979 1803; baseline 0.002 -9"><span class='ocrx_word' id='word_1_234' title='bbox 327 1770 356 1799; x_wconf 81' lang='lat' dir='ltr'>a.)</span> <span class='ocrx_word' id='word_1_235' title='bbox 378 1770 536 1801; x_wconf 67' lang='lat' dir='ltr'>Si·1·lil1e›-;</span> <span class='ocrx_word' id='word_1_236' title='bbox 562 1773 591 1794; x_wconf 69' lang='grc' dir='ltr'>αἱ</span> <span class='ocrx_word' id='word_1_237' title='bbox 612 1771 798 1795; x_wconf 63' lang='lat' dir='ltr'>scribendum</span> <span class='ocrx_word' id='word_1_238' title='bbox 823 1770 918 1800; x_wconf 73' lang='lat' dir='ltr'>fuisse</span> <span class='ocrx_word' id='word_1_239' title='bbox 943 1770 1075 1794; x_wconf 76' lang='lat' dir='ltr'>videtur.-</span> <span class='ocrx_word' id='word_1_240' title='bbox 1100 1769 1255 1801; x_wconf 85' lang='lat' dir='ltr'>germani;</span> <span class='ocrx_word' id='word_1_241' title='bbox 1281 1771 1391 1795; x_wconf 73' lang='lat' dir='ltr'>Hosius</span> <span class='ocrx_word' id='word_1_242' title='bbox 1410 1771 1487 1795; x_wconf 82' lang='lat' dir='ltr'>enim</span> <span class='ocrx_word' id='word_1_243' title='bbox 1511 1771 1544 1795; x_wconf 76' lang='lat' dir='ltr'>(Ie</span> <span class='ocrx_word' id='word_1_244' title='bbox 1568 1771 1607 1795; x_wconf 77' lang='lat' dir='ltr'>iis</span> <span class='ocrx_word' id='word_1_245' title='bbox 1626 1771 1737 1802; x_wconf 52' lang='lat' dir='ltr'>scr-ibin</span> <span class='ocrx_word' id='word_1_246' title='bbox 1762 1772 1812 1803; x_wconf 77' lang='lat' dir='ltr'>qui</span> <span class='ocrx_word' id='word_1_247' title='bbox 1838 1780 1895 1797; x_wconf 83' lang='lat' dir='ltr'>mm</span> <span class='ocrx_word' id='word_1_248' title='bbox 1920 1773 1979 1797; x_wconf 75' lang='lat' dir='ltr'>solo</span> 
     </span>
     <span class='ocr_line' id='line_1_26' title="bbox 207 1810 1980 1846; baseline 0.002 -10"><span class='ocrx_word' id='word_1_249' title='bbox 207 1812 322 1836; x_wconf 72' lang='lat' dir='ltr'>nomine</span> <span class='ocrx_word' id='word_1_250' title='bbox 338 1812 502 1836; x_wconf 77' lang='lat' dir='ltr'>Lutherani</span> <span class='ocrx_word' id='word_1_251' title='bbox 522 1812 591 1841; x_wconf 76' lang='lat' dir='ltr'>sint,</span> <span class='ocrx_word' id='word_1_252' title='bbox 610 1812 660 1836; x_wconf 73' lang='lat' dir='ltr'>sed</span> <span class='ocrx_word' id='word_1_253' title='bbox 684 1820 747 1836; x_wconf 78' lang='lat' dir='ltr'>rere</span> <span class='ocrx_word' id='word_1_254' title='bbox 768 1812 893 1836; x_wconf 55' lang='lat' dir='ltr'>chtlier‘i</span> <span class='ocrx_word' id='word_1_255' title='bbox 913 1812 1076 1836; x_wconf 75' lang='lat' dir='ltr'>doctrinam</span> <span class='ocrx_word' id='word_1_256' title='bbox 1097 1815 1222 1837; x_wconf 76' lang='lat' dir='ltr'>teneant.</span> <span class='ocrx_word' id='word_1_257' title='bbox 1295 1810 1325 1836; x_wconf 72' lang='lat' dir='ltr'>bi</span> <span class='ocrx_word' id='word_1_258' title='bbox 1346 1813 1393 1837; x_wconf 70' lang='lat' dir='ltr'>Ex</span> <span class='ocrx_word' id='word_1_259' title='bbox 1410 1813 1548 1843; x_wconf 68' lang='lat' dir='ltr'>pro-rima</span> <span class='ocrx_word' id='word_1_260' title='bbox 1568 1813 1713 1837; x_wconf 76' lang='lat' dir='ltr'>sententia</span> <span class='ocrx_word' id='word_1_261' title='bbox 1732 1814 1898 1845; x_wconf 70' lang='lat' dir='ltr'>confeceris,</span> <span class='ocrx_word' id='word_1_262' title='bbox 1913 1817 1980 1846; x_wconf 73' lang='lat' dir='ltr'>post</span> 
     </span>
     <span class='ocr_line' id='line_1_27' title="bbox 207 1852 1689 1886; baseline 0.001 -8"><span class='ocrx_word' id='word_1_263' title='bbox 207 1853 286 1878; x_wconf 76' lang='lat' dir='ltr'>satis</span> <span class='ocrx_word' id='word_1_264' title='bbox 306 1852 410 1886; x_wconf 80' lang='lat' dir='ltr'>potest</span> <span class='ocrx_word' id='word_1_265' title='bbox 429 1854 530 1885; x_wconf 71' lang='lat' dir='ltr'>aliqua</span> <span class='ocrx_word' id='word_1_266' title='bbox 550 1854 586 1878; x_wconf 81' lang='lat' dir='ltr'>ab</span> <span class='ocrx_word' id='word_1_267' title='bbox 607 1854 716 1878; x_wconf 78' lang='lat' dir='ltr'>editore</span> <span class='ocrx_word' id='word_1_268' title='bbox 739 1854 780 1878; x_wconf 76' lang='lat' dir='ltr'>vel</span> <span class='ocrx_word' id='word_1_269' title='bbox 800 1861 818 1877; x_wconf 80' lang='lat' dir='ltr'>a</span> <span class='ocrx_word' id='word_1_270' title='bbox 838 1854 1018 1885; x_wconf 70' lang='lat' dir='ltr'>typoyrapho</span> <span class='ocrx_word' id='word_1_271' title='bbox 1039 1854 1146 1877; x_wconf 73' lang='lat' dir='ltr'>omissa</span> <span class='ocrx_word' id='word_1_272' title='bbox 1166 1861 1245 1884; x_wconf 83' lang='lat' dir='ltr'>esse;</span> <span class='ocrx_word' id='word_1_273' title='bbox 1266 1854 1331 1878; x_wconf 67' lang='lat' dir='ltr'>ride</span> <span class='ocrx_word' id='word_1_274' title='bbox 1350 1854 1445 1885; x_wconf 75' lang='lat' dir='ltr'>infra.</span> <span class='ocrx_word' id='word_1_275' title='bbox 1465 1855 1563 1880; x_wconf 74' lang='lat' dir='ltr'>adnot.</span> <span class='ocrx_word' id='word_1_276' title='bbox 1582 1856 1598 1879; x_wconf 70' lang='lat'><em>4</em></span> <span class='ocrx_word' id='word_1_277' title='bbox 1618 1858 1645 1879; x_wconf 78' lang='lat' dir='ltr'>et</span> <span class='ocrx_word' id='word_1_278' title='bbox 1664 1857 1689 1880; x_wconf 90' lang='lat'>5.</span> 
     </span>
    </p>
   </div>
   <div class='ocr_carea' id='block_1_7' title="bbox 220 1915 477 1918">
    <p class='ocr_par' dir='ltr' id='par_1_7' title="bbox 220 1915 477 1918">
     <span class='ocr_line' id='line_1_28' title="bbox 220 1915 477 1918; baseline 0 0"><span class='ocrx_word' id='word_1_279' title='bbox 220 1915 477 1918; x_wconf 95' lang='lat' dir='ltr'> </span> 
     </span>
    </p>
   </div>
   <div class='ocr_carea' id='block_1_8' title="bbox 549 1915 632 1917">
    <p class='ocr_par' dir='ltr' id='par_1_8' title="bbox 549 1915 632 1917">
     <span class='ocr_line' id='line_1_29' title="bbox 549 1915 632 1917; baseline 0 0"><span class='ocrx_word' id='word_1_280' title='bbox 549 1915 632 1917; x_wconf 95' lang='lat' dir='ltr'> </span> 
     </span>
    </p>
   </div>
   <div class='ocr_carea' id='block_1_9' title="bbox 207 1948 1983 3163">
    <p class='ocr_par' dir='ltr' id='par_1_9' title="bbox 207 1948 1982 2151">
     <span class='ocr_line' id='line_1_30' title="bbox 207 1948 1980 1994; baseline 0.001 -12"><span class='ocrx_word' id='word_1_281' title='bbox 207 1948 396 1982; x_wconf 77' lang='lat'><strong>335—337</strong></span> <span class='ocrx_word' id='word_1_282' title='bbox 425 1948 509 1984; x_wconf 61' lang='lat'>378,</span> <span class='ocrx_word' id='word_1_283' title='bbox 539 1952 575 1982; x_wconf 90' lang='lat' dir='ltr'>et</span> <span class='ocrx_word' id='word_1_284' title='bbox 601 1960 631 1983; x_wconf 85' lang='lat' dir='ltr'>a.</span> <span class='ocrx_word' id='word_1_285' title='bbox 654 1948 744 1983; x_wconf 80' lang='lat'>1532</span> <span class='ocrx_word' id='word_1_286' title='bbox 771 1951 847 1982; x_wconf 87' lang='lat' dir='ltr'>tum</span> <span class='ocrx_word' id='word_1_287' title='bbox 874 1949 918 1982; x_wconf 87' lang='lat' dir='ltr'>ab</span> <span class='ocrx_word' id='word_1_288' title='bbox 937 1948 1086 1982; x_wconf 78' lang='lat' dir='ltr'>Alberto</span> <span class='ocrx_word' id='word_1_289' title='bbox 1104 1948 1296 1982; x_wconf 86' lang='lat' dir='ltr'>Borussiae</span> <span class='ocrx_word' id='word_1_290' title='bbox 1324 1948 1422 1990; x_wconf 88' lang='lat' dir='ltr'>duce,</span> <span class='ocrx_word' id='word_1_291' title='bbox 1449 1951 1525 1982; x_wconf 89' lang='lat' dir='ltr'>tum</span> <span class='ocrx_word' id='word_1_292' title='bbox 1551 1960 1572 1982; x_wconf 86' lang='lat' dir='ltr'>a</span> <span class='ocrx_word' id='word_1_293' title='bbox 1598 1949 1816 1994; x_wconf 85' lang='lat' dir='ltr'>reipublicae</span> <span class='ocrx_word' id='word_1_294' title='bbox 1842 1949 1980 1984; x_wconf 82' lang='lat' dir='ltr'>franco-</span> 
     </span>
     <span class='ocr_line' id='line_1_31' title="bbox 207 2001 1982 2046; baseline 0.002 -11"><span class='ocrx_word' id='word_1_295' title='bbox 207 2002 381 2036; x_wconf 83' lang='lat' dir='ltr'>furtensis</span> <span class='ocrx_word' id='word_1_296' title='bbox 413 2001 472 2042; x_wconf 85' lang='lat' dir='ltr'>(ad</span> <span class='ocrx_word' id='word_1_297' title='bbox 500 2002 683 2045; x_wconf 89' lang='lat' dir='ltr'>Moenum)</span> <span class='ocrx_word' id='word_1_298' title='bbox 723 2002 864 2036; x_wconf 89' lang='lat' dir='ltr'>civibus</span> <span class='ocrx_word' id='word_1_299' title='bbox 897 2002 1107 2046; x_wconf 83' lang='lat' dir='ltr'>postulavit,</span> <span class='ocrx_word' id='word_1_300' title='bbox 1144 2005 1183 2035; x_wconf 90' lang='lat' dir='ltr'>ut</span> <span class='ocrx_word' id='word_1_301' title='bbox 1209 2013 1270 2036; x_wconf 89' lang='lat' dir='ltr'>eos</span> <span class='ocrx_word' id='word_1_302' title='bbox 1295 2006 1393 2036; x_wconf 88' lang='lat' dir='ltr'>terra</span> <span class='ocrx_word' id='word_1_303' title='bbox 1428 2002 1602 2036; x_wconf 85' lang='lat' dir='ltr'>excedere</span> <span class='ocrx_word' id='word_1_304' title='bbox 1636 2003 1800 2037; x_wconf 85' lang='lat' dir='ltr'>iuberent</span> <span class='ocrx_word' id='word_1_305' title='bbox 1828 2002 1982 2046; x_wconf 78' lang='lat' dir='ltr'>(Grisar</span> 
     </span>
     <span class='ocr_line' id='line_1_32' title="bbox 208 2055 1979 2101; baseline 0.002 -12"><span class='ocrx_word' id='word_1_306' title='bbox 208 2055 232 2090; x_wconf 90' lang='lat' dir='ltr'>l.</span> <span class='ocrx_word' id='word_1_307' title='bbox 252 2067 280 2090; x_wconf 85' lang='lat' dir='ltr'>c.</span> <span class='ocrx_word' id='word_1_308' title='bbox 301 2056 389 2096; x_wconf 78' lang='lat'>734;</span> <span class='ocrx_word' id='word_1_309' title='bbox 418 2056 463 2089; x_wconf 89' lang='lat' dir='ltr'>N.</span> <span class='ocrx_word' id='word_1_310' title='bbox 484 2056 631 2100; x_wconf 67' lang='lat' dir='ltr'>Paulus,</span> <span class='ocrx_word' id='word_1_311' title='bbox 650 2056 975 2090; x_wconf 86' lang='lat' dir='ltr'>Protestantismus</span> <span class='ocrx_word' id='word_1_312' title='bbox 992 2055 1064 2089; x_wconf 91' lang='lat' dir='ltr'>und</span> <span class='ocrx_word' id='word_1_313' title='bbox 1083 2055 1257 2090; x_wconf 84' lang='lat' dir='ltr'>Toleranz</span> <span class='ocrx_word' id='word_1_314' title='bbox 1276 2056 1322 2089; x_wconf 87' lang='lat' dir='ltr'>im</span> <span class='ocrx_word' id='word_1_315' title='bbox 1346 2056 1397 2090; x_wconf 89' lang='lat'>16.</span> <span class='ocrx_word' id='word_1_316' title='bbox 1417 2055 1672 2098; x_wconf 80' lang='lat' dir='ltr'>Jahrhundert,</span> <span class='ocrx_word' id='word_1_317' title='bbox 1692 2056 1866 2101; x_wconf 80' lang='lat' dir='ltr'>Freiburg</span> <span class='ocrx_word' id='word_1_318' title='bbox 1884 2058 1905 2092; x_wconf 91' lang='lat' dir='ltr'>i.</span> <span class='ocrx_word' id='word_1_319' title='bbox 1920 2058 1979 2092; x_wconf 71' lang='grc' dir='ltr'>ΒΓ.</span> 
     </span>
     <span class='ocr_line' id='line_1_33' title="bbox 213 2109 510 2151; baseline 0.003 -9"><span class='ocrx_word' id='word_1_320' title='bbox 213 2109 314 2150; x_wconf 76' lang='lat'>1911,</span> <span class='ocrx_word' id='word_1_321' title='bbox 340 2109 510 2151; x_wconf 81' lang='lat'>47-48).</span> 
     </span>
    </p>

    <p class='ocr_par' dir='ltr' id='par_1_10' title="bbox 207 2162 1983 2580">
     <span class='ocr_line' id='line_1_34' title="bbox 332 2162 1982 2207; baseline 0.002 -12"><span class='ocrx_word' id='word_1_322' title='bbox 332 2163 340 2182; x_wconf 96' lang='lat'>¹</span> <span class='ocrx_word' id='word_1_323' title='bbox 367 2162 520 2195; x_wconf 76' lang='lat' dir='ltr'>Ioannes</span> <span class='ocrx_word' id='word_1_324' title='bbox 546 2162 608 2196; x_wconf 80' lang='grc' dir='ltr'><strong>ΙΙΙ.</strong></span> <span class='ocrx_word' id='word_1_325' title='bbox 636 2163 692 2196; x_wconf 90' lang='lat' dir='ltr'>vir</span> <span class='ocrx_word' id='word_1_326' title='bbox 717 2162 919 2196; x_wconf 85' lang='lat' dir='ltr'>litterarum</span> <span class='ocrx_word' id='word_1_327' title='bbox 946 2162 1053 2196; x_wconf 84' lang='lat' dir='ltr'>valde</span> <span class='ocrx_word' id='word_1_328' title='bbox 1079 2162 1217 2207; x_wconf 83' lang='lat' dir='ltr'>peritus</span> <span class='ocrx_word' id='word_1_329' title='bbox 1243 2174 1274 2196; x_wconf 86' lang='lat' dir='ltr'>a.</span> <span class='ocrx_word' id='word_1_330' title='bbox 1301 2162 1402 2203; x_wconf 80' lang='lat'>1562,</span> <span class='ocrx_word' id='word_1_331' title='bbox 1439 2174 1518 2196; x_wconf 89' lang='lat' dir='ltr'>cum</span> <span class='ocrx_word' id='word_1_332' title='bbox 1544 2162 1757 2197; x_wconf 80' lang='lat' dir='ltr'>lutheranus</span> <span class='ocrx_word' id='word_1_333' title='bbox 1783 2165 1889 2205; x_wconf 86' lang='lat' dir='ltr'>esset,</span> <span class='ocrx_word' id='word_1_334' title='bbox 1918 2164 1982 2199; x_wconf 89' lang='lat' dir='ltr'>Ca-</span> 
     </span>
     <span class='ocr_line' id='line_1_35' title="bbox 207 2214 1982 2259; baseline 0.001 -11"><span class='ocrx_word' id='word_1_335' title='bbox 207 2214 388 2248; x_wconf 82' lang='lat' dir='ltr'>tharinam</span> <span class='ocrx_word' id='word_1_336' title='bbox 417 2215 637 2258; x_wconf 80' lang='lat' dir='ltr'>Sigismundi</span> <span class='ocrx_word' id='word_1_337' title='bbox 665 2216 822 2259; x_wconf 85' lang='lat' dir='ltr'>Augusti</span> <span class='ocrx_word' id='word_1_338' title='bbox 849 2216 1019 2250; x_wconf 86' lang='lat' dir='ltr'>Poloniae</span> <span class='ocrx_word' id='word_1_339' title='bbox 1054 2216 1150 2259; x_wconf 83' lang='lat' dir='ltr'>regis</span> <span class='ocrx_word' id='word_1_340' title='bbox 1185 2227 1343 2249; x_wconf 84' lang='lat' dir='ltr'>sororem</span> <span class='ocrx_word' id='word_1_341' title='bbox 1376 2215 1590 2250; x_wconf 80' lang='lat' dir='ltr'>catholicam</span> <span class='ocrx_word' id='word_1_342' title='bbox 1627 2216 1779 2250; x_wconf 85' lang='lat' dir='ltr'>duxerat</span> <span class='ocrx_word' id='word_1_343' title='bbox 1813 2228 1982 2258; x_wconf 79' lang='lat' dir='ltr'>uxorem;</span> 
     </span>
     <span class='ocr_line' id='line_1_36' title="bbox 208 2268 1983 2313; baseline 0.001 -11"><span class='ocrx_word' id='word_1_344' title='bbox 208 2268 315 2302; x_wconf 88' lang='lat' dir='ltr'>huius</span> <span class='ocrx_word' id='word_1_345' title='bbox 333 2269 509 2302; x_wconf 85' lang='lat' dir='ltr'>virtutum</span> <span class='ocrx_word' id='word_1_346' title='bbox 537 2270 714 2313; x_wconf 86' lang='lat' dir='ltr'>exemplis</span> <span class='ocrx_word' id='word_1_347' title='bbox 739 2272 775 2303; x_wconf 84' lang='lat' dir='ltr'>et</span> <span class='ocrx_word' id='word_1_348' title='bbox 793 2272 998 2303; x_wconf 85' lang='lat' dir='ltr'>sanctorum</span> <span class='ocrx_word' id='word_1_349' title='bbox 1019 2269 1166 2303; x_wconf 82' lang='lat' dir='ltr'>Patrum</span> <span class='ocrx_word' id='word_1_350' title='bbox 1194 2269 1347 2303; x_wconf 84' lang='lat' dir='ltr'>lectione</span> <span class='ocrx_word' id='word_1_351' title='bbox 1374 2269 1586 2304; x_wconf 81' lang='lat' dir='ltr'>catholicam</span> <span class='ocrx_word' id='word_1_352' title='bbox 1607 2270 1795 2303; x_wconf 81' lang='lat' dir='ltr'>veritatem</span> <span class='ocrx_word' id='word_1_353' title='bbox 1824 2270 1983 2311; x_wconf 87' lang='lat' dir='ltr'>edoctus,</span> 
     </span>
     <span class='ocr_line' id='line_1_37' title="bbox 209 2322 1982 2368; baseline 0.002 -13"><span class='ocrx_word' id='word_1_354' title='bbox 209 2322 429 2366; x_wconf 83' lang='lat' dir='ltr'>simulatque</span> <span class='ocrx_word' id='word_1_355' title='bbox 456 2334 608 2366; x_wconf 80' lang='lat' dir='ltr'>regnare</span> <span class='ocrx_word' id='word_1_356' title='bbox 637 2323 906 2366; x_wconf 79' lang='lat'>(1568—1592)</span> <span class='ocrx_word' id='word_1_357' title='bbox 934 2324 1062 2368; x_wconf 85' lang='lat' dir='ltr'>coepit,</span> <span class='ocrx_word' id='word_1_358' title='bbox 1090 2323 1239 2357; x_wconf 82' lang='lat' dir='ltr'>Sueciae</span> <span class='ocrx_word' id='word_1_359' title='bbox 1266 2322 1450 2367; x_wconf 83' lang='lat' dir='ltr'>paullatim</span> <span class='ocrx_word' id='word_1_360' title='bbox 1472 2323 1516 2357; x_wconf 83' lang='lat' dir='ltr'>ad</span> <span class='ocrx_word' id='word_1_361' title='bbox 1543 2323 1732 2357; x_wconf 82' lang='lat' dir='ltr'>ecclesiam</span> <span class='ocrx_word' id='word_1_362' title='bbox 1760 2323 1982 2358; x_wconf 78' lang='lat' dir='ltr'>reducendae</span> 
     </span>
     <span class='ocr_line' id='line_1_38' title="bbox 208 2376 1982 2421; baseline 0.001 -12"><span class='ocrx_word' id='word_1_363' title='bbox 208 2376 356 2409; x_wconf 79' lang='lat' dir='ltr'>studere</span> <span class='ocrx_word' id='word_1_364' title='bbox 393 2376 529 2420; x_wconf 82' lang='lat' dir='ltr'>coepit;</span> <span class='ocrx_word' id='word_1_365' title='bbox 568 2378 678 2420; x_wconf 77' lang='lat' dir='ltr'>atque</span> <span class='ocrx_word' id='word_1_366' title='bbox 710 2376 810 2410; x_wconf 90' lang='lat' dir='ltr'>Hosii</span> <span class='ocrx_word' id='word_1_367' title='bbox 842 2388 950 2421; x_wconf 81' lang='lat' dir='ltr'>opera</span> <span class='ocrx_word' id='word_1_368' title='bbox 990 2377 1213 2421; x_wconf 71' lang='lat' dir='ltr'>interposita,</span> <span class='ocrx_word' id='word_1_369' title='bbox 1241 2376 1279 2410; x_wconf 88' lang='lat' dir='ltr'>P.</span> <span class='ocrx_word' id='word_1_370' title='bbox 1310 2376 1512 2411; x_wconf 79' lang='lat' dir='ltr'>Stanislaus</span> <span class='ocrx_word' id='word_1_371' title='bbox 1539 2377 1768 2411; x_wconf 82' lang='lat' dir='ltr'>Varsevitius</span> <span class='ocrx_word' id='word_1_372' title='bbox 1802 2377 1982 2419; x_wconf 56' lang='lat' dir='ltr'>(NVarsze-</span> 
     </span>
     <span class='ocr_line' id='line_1_39' title="bbox 209 2428 1982 2474; baseline 0.002 -12"><span class='ocrx_word' id='word_1_373' title='bbox 209 2428 333 2472; x_wconf 79' lang='lat' dir='ltr'>wicki)</span> <span class='ocrx_word' id='word_1_374' title='bbox 362 2428 395 2463; x_wconf 87' lang='lat' dir='ltr'>S.</span> <span class='ocrx_word' id='word_1_375' title='bbox 416 2430 449 2464; x_wconf 85' lang='lat' dir='ltr'>J.</span> <span class='ocrx_word' id='word_1_376' title='bbox 477 2440 506 2463; x_wconf 81' lang='lat' dir='ltr'>a.</span> <span class='ocrx_word' id='word_1_377' title='bbox 531 2430 620 2464; x_wconf 85' lang='lat'>1570</span> <span class='ocrx_word' id='word_1_378' title='bbox 650 2430 760 2463; x_wconf 78' lang='lat' dir='ltr'>Roma</span> <span class='ocrx_word' id='word_1_379' title='bbox 788 2430 953 2473; x_wconf 78' lang='lat' dir='ltr'>Gregorii</span> <span class='ocrx_word' id='word_1_380' title='bbox 978 2429 1076 2464; x_wconf 79' lang='lat' dir='ltr'>Xlil.</span> <span class='ocrx_word' id='word_1_381' title='bbox 1103 2431 1273 2464; x_wconf 87' lang='lat' dir='ltr'>mandatu</span> <span class='ocrx_word' id='word_1_382' title='bbox 1300 2430 1335 2463; x_wconf 89' lang='lat' dir='ltr'>in</span> <span class='ocrx_word' id='word_1_383' title='bbox 1363 2430 1524 2464; x_wconf 79' lang='lat' dir='ltr'>Sueciam</span> <span class='ocrx_word' id='word_1_384' title='bbox 1553 2442 1682 2464; x_wconf 79' lang='lat' dir='ltr'>versus</span> <span class='ocrx_word' id='word_1_385' title='bbox 1707 2431 1892 2474; x_wconf 82' lang='lat' dir='ltr'>profectus</span> <span class='ocrx_word' id='word_1_386' title='bbox 1911 2434 1982 2471; x_wconf 87' lang='lat' dir='ltr'>est;</span> 
     </span>
     <span class='ocr_line' id='line_1_40' title="bbox 209 2482 1981 2528; baseline 0.001 -13"><span class='ocrx_word' id='word_1_387' title='bbox 209 2482 243 2515; x_wconf 90' lang='lat' dir='ltr'>in</span> <span class='ocrx_word' id='word_1_388' title='bbox 272 2494 378 2525; x_wconf 85' lang='lat' dir='ltr'>quam</span> <span class='ocrx_word' id='word_1_389' title='bbox 416 2483 561 2516; x_wconf 81' lang='lat' dir='ltr'>tandem</span> <span class='ocrx_word' id='word_1_390' title='bbox 596 2494 640 2516; x_wconf 91' lang='lat' dir='ltr'>m.</span> <span class='ocrx_word' id='word_1_391' title='bbox 671 2483 759 2516; x_wconf 88' lang='lat' dir='ltr'>Iulio</span> <span class='ocrx_word' id='word_1_392' title='bbox 795 2495 825 2517; x_wconf 85' lang='lat' dir='ltr'>a.</span> <span class='ocrx_word' id='word_1_393' title='bbox 855 2484 947 2517; x_wconf 87' lang='lat'>1574</span> <span class='ocrx_word' id='word_1_394' title='bbox 982 2484 1146 2528; x_wconf 87' lang='lat' dir='ltr'>pervenit</span> <span class='ocrx_word' id='word_1_395' title='bbox 1185 2483 1367 2528; x_wconf 70' lang='lat' dir='ltr'>(Tleeiner,</span> <span class='ocrx_word' id='word_1_396' title='bbox 1403 2485 1493 2518; x_wconf 89' lang='lat' dir='ltr'>Ann.</span> <span class='ocrx_word' id='word_1_397' title='bbox 1523 2484 1536 2517; x_wconf 87' lang='lat'>1</span> <span class='ocrx_word' id='word_1_398' title='bbox 1563 2485 1596 2517; x_wconf 88' lang='lat' dir='ltr'>in</span> <span class='ocrx_word' id='word_1_399' title='bbox 1625 2484 1768 2519; x_wconf 79' lang='lat' dir='ltr'>a.1572</span> <span class='ocrx_word' id='word_1_400' title='bbox 1795 2496 1829 2519; x_wconf 91' lang='lat' dir='ltr'>n.</span> <span class='ocrx_word' id='word_1_401' title='bbox 1856 2485 1911 2525; x_wconf 86' lang='lat'>75,</span> <span class='ocrx_word' id='word_1_402' title='bbox 1945 2488 1981 2517; x_wconf 89' lang='lat' dir='ltr'>et</span> 
     </span>
     <span class='ocr_line' id='line_1_41' title="bbox 210 2533 1300 2580; baseline 0.001 -11"><span class='ocrx_word' id='word_1_403' title='bbox 210 2535 407 2569; x_wconf 81' lang='lat' dir='ltr'>Schweden</span> <span class='ocrx_word' id='word_1_404' title='bbox 435 2536 449 2568; x_wconf 89' lang='lat' dir='ltr'>l</span> <span class='ocrx_word' id='word_1_405' title='bbox 478 2536 686 2576; x_wconf 72' lang='lat'><strong>339—390;</strong></span> <span class='ocrx_word' id='word_1_406' title='bbox 714 2537 899 2571; x_wconf 74' lang='lat' dir='ltr'>Eichhorn</span> <span class='ocrx_word' id='word_1_407' title='bbox 924 2537 946 2571; x_wconf 89' lang='lat' dir='ltr'>l.</span> <span class='ocrx_word' id='word_1_408' title='bbox 966 2548 996 2571; x_wconf 89' lang='lat' dir='ltr'>c.</span> <span class='ocrx_word' id='word_1_409' title='bbox 1024 2537 1056 2570; x_wconf 84' lang='grc' dir='ltr'>ΙΙ</span> <span class='ocrx_word' id='word_1_410' title='bbox 1082 2533 1300 2580; x_wconf 42' lang='grc'><strong>4484449).</strong></span> 
     </span>
    </p>

    <p class='ocr_par' dir='ltr' id='par_1_11' title="bbox 211 2588 1983 2739">
     <span class='ocr_line' id='line_1_42' title="bbox 334 2588 1983 2639; baseline 0.001 -18"><span class='ocrx_word' id='word_1_411' title='bbox 334 2589 346 2608; x_wconf 80' lang='lat'><strong>²</strong></span> <span class='ocrx_word' id='word_1_412' title='bbox 373 2588 508 2623; x_wconf 77' lang='lat' dir='ltr'>Paulus</span> <span class='ocrx_word' id='word_1_413' title='bbox 536 2589 676 2623; x_wconf 82' lang='lat' dir='ltr'>Ferrari</span> <span class='ocrx_word' id='word_1_414' title='bbox 714 2590 968 2629; x_wconf 78' lang='lat' dir='ltr'>cremonensis,</span> <span class='ocrx_word' id='word_1_415' title='bbox 1004 2590 1101 2634; x_wconf 83' lang='lat' dir='ltr'>regis</span> <span class='ocrx_word' id='word_1_416' title='bbox 1127 2590 1345 2634; x_wconf 79' lang='lat' dir='ltr'>reginaeque</span> <span class='ocrx_word' id='word_1_417' title='bbox 1372 2593 1592 2634; x_wconf 83' lang='lat' dir='ltr'>procurator,</span> <span class='ocrx_word' id='word_1_418' title='bbox 1629 2590 1683 2639; x_wconf 64' lang='lat'>25.</span> <span class='ocrx_word' id='word_1_419' title='bbox 1709 2590 1864 2624; x_wconf 80' lang='lat' dir='ltr'>Ianuarii</span> <span class='ocrx_word' id='word_1_420' title='bbox 1893 2591 1983 2625; x_wconf 76' lang='lat'>1574</span> 
     </span>
     <span class='ocr_line' id='line_1_43' title="bbox 213 2641 1982 2689; baseline 0.002 -15"><span class='ocrx_word' id='word_1_421' title='bbox 213 2641 327 2675; x_wconf 81' lang='lat' dir='ltr'>Roma</span> <span class='ocrx_word' id='word_1_422' title='bbox 353 2641 388 2675; x_wconf 92' lang='lat' dir='ltr'>in</span> <span class='ocrx_word' id='word_1_423' title='bbox 416 2642 580 2676; x_wconf 77' lang='lat' dir='ltr'>Sueciam</span> <span class='ocrx_word' id='word_1_424' title='bbox 608 2643 714 2677; x_wconf 78' lang='lat' dir='ltr'>rediit</span> <span class='ocrx_word' id='word_1_425' title='bbox 741 2643 990 2687; x_wconf 74' lang='lat' dir='ltr'>(JJ.J›¹1·amlet‚</span> <span class='ocrx_word' id='word_1_426' title='bbox 1018 2643 1066 2677; x_wconf 88' lang='lat' dir='ltr'>Le</span> <span class='ocrx_word' id='word_1_427' title='bbox 1093 2643 1317 2687; x_wconf 72' lang='lat' dir='ltr'>Saint-Siege</span> <span class='ocrx_word' id='word_1_428' title='bbox 1344 2647 1378 2676; x_wconf 83' lang='lat' dir='ltr'>et</span> <span class='ocrx_word' id='word_1_429' title='bbox 1406 2643 1440 2677; x_wconf 78' lang='lat' dir='ltr'>la</span> <span class='ocrx_word' id='word_1_430' title='bbox 1466 2644 1591 2685; x_wconf 74' lang='lat' dir='ltr'>Suede,</span> <span class='ocrx_word' id='word_1_431' title='bbox 1626 2644 1762 2678; x_wconf 78' lang='lat' dir='ltr'>Etudes</span> <span class='ocrx_word' id='word_1_432' title='bbox 1789 2643 1982 2689; x_wconf 84' lang='lat' dir='ltr'>politiques</span> 
     </span>
     <span class='ocr_line' id='line_1_44' title="bbox 211 2695 1341 2739; baseline 0.003 -12"><span class='ocrx_word' id='word_1_433' title='bbox 211 2695 237 2735; x_wconf 87' lang='lat' dir='ltr'>l,</span> <span class='ocrx_word' id='word_1_434' title='bbox 267 2696 370 2729; x_wconf 78' lang='lat' dir='ltr'>Paris</span> <span class='ocrx_word' id='word_1_435' title='bbox 401 2696 502 2736; x_wconf 56' lang='lat'>1907,</span> <span class='ocrx_word' id='word_1_436' title='bbox 530 2697 718 2730; x_wconf 56' lang='lat'>282—284</span> <span class='ocrx_word' id='word_1_437' title='bbox 745 2697 843 2739; x_wconf 78' lang='lat'>289).</span> <span class='ocrx_word' id='word_1_438' title='bbox 1063 2698 1075 2716; x_wconf 90' lang='lat'>³</span> <span class='ocrx_word' id='word_1_439' title='bbox 1102 2697 1200 2730; x_wconf 85' lang='lat' dir='ltr'>Hebr</span> <span class='ocrx_word' id='word_1_440' title='bbox 1229 2698 1281 2737; x_wconf 84' lang='lat'>13,</span> <span class='ocrx_word' id='word_1_441' title='bbox 1308 2697 1341 2731; x_wconf 85' lang='lat'>9.</span> 
     </span>
    </p>

    <p class='ocr_par' dir='ltr' id='par_1_12' title="bbox 210 2748 1982 2852">
     <span class='ocr_line' id='line_1_45' title="bbox 331 2748 1982 2795; baseline 0.002 -14"><span class='ocrx_word' id='word_1_442' title='bbox 331 2750 343 2768; x_wconf 74' lang='lat'>⁴</span> <span class='ocrx_word' id='word_1_443' title='bbox 372 2748 519 2782; x_wconf 89' lang='lat' dir='ltr'>Hosium</span> <span class='ocrx_word' id='word_1_444' title='bbox 548 2750 774 2793; x_wconf 83' lang='lat' dir='ltr'>potissimum</span> <span class='ocrx_word' id='word_1_445' title='bbox 803 2750 982 2794; x_wconf 83' lang='lat' dir='ltr'>pontificis</span> <span class='ocrx_word' id='word_1_446' title='bbox 1011 2750 1044 2784; x_wconf 90' lang='lat' dir='ltr'>in</span> <span class='ocrx_word' id='word_1_447' title='bbox 1072 2750 1224 2793; x_wconf 80' lang='lat' dir='ltr'>collegio</span> <span class='ocrx_word' id='word_1_448' title='bbox 1251 2750 1457 2793; x_wconf 84' lang='lat' dir='ltr'>germanico</span> <span class='ocrx_word' id='word_1_449' title='bbox 1490 2750 1741 2795; x_wconf 82' lang='lat' dir='ltr'>amplificando</span> <span class='ocrx_word' id='word_1_450' title='bbox 1768 2753 1803 2784; x_wconf 89' lang='lat' dir='ltr'>et</span> <span class='ocrx_word' id='word_1_451' title='bbox 1830 2750 1982 2785; x_wconf 79' lang='lat' dir='ltr'>dotando</span> 
     </span>
     <span class='ocr_line' id='line_1_46' title="bbox 210 2800 1776 2852; baseline 0.003 -19"><span class='ocrx_word' id='word_1_452' title='bbox 210 2800 425 2835; x_wconf 76' lang='lat' dir='ltr'>liberalitem</span> <span class='ocrx_word' id='word_1_453' title='bbox 452 2802 657 2845; x_wconf 76' lang='lat' dir='ltr'>significare</span> <span class='ocrx_word' id='word_1_454' title='bbox 684 2804 878 2837; x_wconf 85' lang='lat' dir='ltr'>ostendunt</span> <span class='ocrx_word' id='word_1_455' title='bbox 905 2804 1026 2843; x_wconf 80' lang='lat' dir='ltr'>verba,</span> <span class='ocrx_word' id='word_1_456' title='bbox 1053 2815 1145 2847; x_wconf 81' lang='lat' dir='ltr'>quae</span> <span class='ocrx_word' id='word_1_457' title='bbox 1171 2805 1332 2848; x_wconf 84' lang='lat' dir='ltr'>proxime</span> <span class='ocrx_word' id='word_1_458' title='bbox 1359 2807 1568 2847; x_wconf 81' lang='lat' dir='ltr'>sequuntur.</span> <span class='ocrx_word' id='word_1_459' title='bbox 1770 2848 1776 2852; x_wconf 37' lang='grc' dir='ltr'>Ι</span> 
     </span>
    </p>

    <p class='ocr_par' dir='ltr' id='par_1_13' title="bbox 209 2856 1983 3110">
     <span class='ocr_line' id='line_1_47' title="bbox 331 2856 1983 2902; baseline 0.002 -13"><span class='ocrx_word' id='word_1_460' title='bbox 331 2856 343 2873; x_wconf 76' lang='lat'>⁵</span> <span class='ocrx_word' id='word_1_461' title='bbox 370 2856 504 2889; x_wconf 60' lang='lat' dir='ltr'>Hosius</span> <span class='ocrx_word' id='word_1_462' title='bbox 531 2856 747 2890; x_wconf 67' lang='lat' dir='ltr'>catharinae</span> <span class='ocrx_word' id='word_1_463' title='bbox 774 2857 888 2890; x_wconf 82' lang='lat' dir='ltr'>Roma</span> <span class='ocrx_word' id='word_1_464' title='bbox 915 2857 970 2891; x_wconf 81' lang='lat'>24.</span> <span class='ocrx_word' id='word_1_465' title='bbox 998 2857 1154 2890; x_wconf 77' lang='lat' dir='ltr'>ianuarii</span> <span class='ocrx_word' id='word_1_466' title='bbox 1185 2859 1275 2891; x_wconf 76' lang='lat'>1574</span> <span class='ocrx_word' id='word_1_467' title='bbox 1301 2858 1465 2902; x_wconf 85' lang='lat' dir='ltr'>scripsit:</span> <span class='ocrx_word' id='word_1_468' title='bbox 1507 2858 1597 2897; x_wconf 75' lang='lat' dir='ltr'>„Sex</span> <span class='ocrx_word' id='word_1_469' title='bbox 1624 2857 1911 2892; x_wconf 83' lang='lat' dir='ltr'>adolescentulos</span> <span class='ocrx_word' id='word_1_470' title='bbox 1938 2869 1983 2892; x_wconf 85' lang='lat' dir='ltr'>ex</span> 
     </span>
     <span class='ocr_line' id='line_1_48' title="bbox 209 2907 1980 2956; baseline 0.003 -16"><span class='ocrx_word' id='word_1_471' title='bbox 209 2907 365 2941; x_wconf 77' lang='lat' dir='ltr'>subditis</span> <span class='ocrx_word' id='word_1_472' title='bbox 380 2908 535 2942; x_wconf 83' lang='lat' dir='ltr'>Vestrae</span> <span class='ocrx_word' id='word_1_473' title='bbox 555 2909 758 2943; x_wconf 76' lang='lat' dir='ltr'>Maiestatis</span> <span class='ocrx_word' id='word_1_474' title='bbox 786 2909 854 2944; x_wconf 90' lang='lat' dir='ltr'>huc</span> <span class='ocrx_word' id='word_1_475' title='bbox 882 2911 975 2943; x_wconf 83' lang='lat' dir='ltr'>mitti</span> <span class='ocrx_word' id='word_1_476' title='bbox 995 2911 1178 2945; x_wconf 81' lang='lat' dir='ltr'>Sanctitas</span> <span class='ocrx_word' id='word_1_477' title='bbox 1204 2910 1302 2944; x_wconf 87' lang='lat' dir='ltr'>illius</span> <span class='ocrx_word' id='word_1_478' title='bbox 1321 2911 1439 2955; x_wconf 80' lang='lat' dir='ltr'>cupit“</span> <span class='ocrx_word' id='word_1_479' title='bbox 1464 2911 1587 2954; x_wconf 71' lang='lat' dir='ltr'>(Hosii</span> <span class='ocrx_word' id='word_1_480' title='bbox 1605 2910 1724 2956; x_wconf 81' lang='lat' dir='ltr'>Opera</span> <span class='ocrx_word' id='word_1_481' title='bbox 1749 2911 1772 2945; x_wconf 90' lang='lat' dir='ltr'>l.</span> <span class='ocrx_word' id='word_1_482' title='bbox 1792 2923 1821 2945; x_wconf 92' lang='lat' dir='ltr'>c.</span> <span class='ocrx_word' id='word_1_483' title='bbox 1845 2912 1872 2944; x_wconf 86' lang='lat' dir='ltr'>lI</span> <span class='ocrx_word' id='word_1_484' title='bbox 1893 2912 1980 2946; x_wconf 83' lang='lat'>380:</span> 
     </span>
     <span class='ocr_line' id='line_1_49' title="bbox 210 2961 1982 3008; baseline 0.002 -14"><span class='ocrx_word' id='word_1_485' title='bbox 210 2961 256 2995; x_wconf 89' lang='lat' dir='ltr'>cf.</span> <span class='ocrx_word' id='word_1_486' title='bbox 279 2961 307 2994; x_wconf 91' lang='lat' dir='ltr'>ll</span> <span class='ocrx_word' id='word_1_487' title='bbox 327 2961 544 3004; x_wconf 69' lang='lat'>348—349).</span> <span class='ocrx_word' id='word_1_488' title='bbox 582 2962 655 2996; x_wconf 78' lang='lat' dir='ltr'>Hos</span> <span class='ocrx_word' id='word_1_489' title='bbox 682 2975 726 2997; x_wconf 82' lang='lat' dir='ltr'>ex</span> <span class='ocrx_word' id='word_1_490' title='bbox 753 2964 927 2997; x_wconf 86' lang='lat' dir='ltr'>reditibus</span> <span class='ocrx_word' id='word_1_491' title='bbox 955 2963 1207 2997; x_wconf 79' lang='lat' dir='ltr'>valetudinarii</span> <span class='ocrx_word' id='word_1_492' title='bbox 1236 2964 1389 2998; x_wconf 82' lang='lat' dir='ltr'>Sanctae</span> <span class='ocrx_word' id='word_1_493' title='bbox 1408 2964 1597 3008; x_wconf 61' lang='lat' dir='ltr'>nii-gntae,</span> <span class='ocrx_word' id='word_1_494' title='bbox 1625 2965 1718 3008; x_wconf 89' lang='lat' dir='ltr'>quod</span> <span class='ocrx_word' id='word_1_495' title='bbox 1746 2964 1827 2998; x_wconf 90' lang='lat' dir='ltr'>olim</span> <span class='ocrx_word' id='word_1_496' title='bbox 1848 2964 1982 2999; x_wconf 86' lang='lat' dir='ltr'>Romae</span> 
     </span>
     <span class='ocr_line' id='line_1_50' title="bbox 210 3013 1981 3061; baseline 0.003 -15"><span class='ocrx_word' id='word_1_497' title='bbox 210 3013 313 3047; x_wconf 76' lang='lat' dir='ltr'>Sueei</span> <span class='ocrx_word' id='word_1_498' title='bbox 350 3014 559 3055; x_wconf 82' lang='lat' dir='ltr'>habuerant,</span> <span class='ocrx_word' id='word_1_499' title='bbox 600 3016 633 3048; x_wconf 88' lang='lat' dir='ltr'>in</span> <span class='ocrx_word' id='word_1_500' title='bbox 665 3016 817 3059; x_wconf 71' lang='lat' dir='ltr'>collegio</span> <span class='ocrx_word' id='word_1_501' title='bbox 853 3017 1058 3060; x_wconf 83' lang='lat' dir='ltr'>germanico</span> <span class='ocrx_word' id='word_1_502' title='bbox 1094 3017 1240 3050; x_wconf 85' lang='lat' dir='ltr'>alendos</span> <span class='ocrx_word' id='word_1_503' title='bbox 1267 3028 1346 3051; x_wconf 85' lang='lat' dir='ltr'>esse</span> <span class='ocrx_word' id='word_1_504' title='bbox 1373 3017 1608 3051; x_wconf 82' lang='lat' dir='ltr'>cardinalium</span> <span class='ocrx_word' id='word_1_505' title='bbox 1644 3019 1877 3061; x_wconf 76' lang='lat' dir='ltr'>congregatio</span> <span class='ocrx_word' id='word_1_506' title='bbox 1903 3029 1981 3061; x_wconf 85' lang='lat' dir='ltr'>ger-</span> 
     </span>
     <span class='ocr_line' id='line_1_51' title="bbox 210 3068 1150 3110; baseline 0.005 -11"><span class='ocrx_word' id='word_1_507' title='bbox 210 3068 351 3101; x_wconf 81' lang='lat' dir='ltr'>manica</span> <span class='ocrx_word' id='word_1_508' title='bbox 378 3072 568 3102; x_wconf 76' lang='lat' dir='ltr'>censuerat</span> <span class='ocrx_word' id='word_1_509' title='bbox 595 3070 763 3108; x_wconf 74' lang='lat' dir='ltr'>(Bt&#39;andet</span> <span class='ocrx_word' id='word_1_510' title='bbox 791 3070 813 3104; x_wconf 92' lang='lat' dir='ltr'>l.</span> <span class='ocrx_word' id='word_1_511' title='bbox 833 3081 863 3104; x_wconf 88' lang='lat' dir='ltr'>c.</span> <span class='ocrx_word' id='word_1_512' title='bbox 892 3070 904 3103; x_wconf 94' lang='lat' dir='ltr'>I</span> <span class='ocrx_word' id='word_1_513' title='bbox 933 3070 1150 3110; x_wconf 68' lang='lat'>278-2861.</span> 
     </span>
    </p>

    <p class='ocr_par' dir='ltr' id='par_1_14' title="bbox 330 3121 1127 3163">
     <span class='ocr_line' id='line_1_52' title="bbox 330 3121 1127 3163; baseline 0.005 -10"><span class='ocrx_word' id='word_1_514' title='bbox 330 3123 343 3140; x_wconf 59' lang='grc' dir='ltr'>ὅ</span> <span class='ocrx_word' id='word_1_515' title='bbox 369 3121 423 3154; x_wconf 73' lang='lat' dir='ltr'>Mt</span> <span class='ocrx_word' id='word_1_516' title='bbox 452 3121 505 3162; x_wconf 83' lang='lat'>10,</span> <span class='ocrx_word' id='word_1_517' title='bbox 532 3123 571 3162; x_wconf 82' lang='lat'>6;</span> <span class='ocrx_word' id='word_1_518' title='bbox 601 3123 653 3163; x_wconf 82' lang='lat'>15,</span> <span class='ocrx_word' id='word_1_519' title='bbox 681 3123 737 3157; x_wconf 79' lang='lat'>24.</span> <span class='ocrx_word' id='word_1_520' title='bbox 884 3124 896 3143; x_wconf 82' lang='lat'>⁷</span> <span class='ocrx_word' id='word_1_521' title='bbox 922 3124 960 3157; x_wconf 83' lang='lat'>10</span> <span class='ocrx_word' id='word_1_522' title='bbox 990 3123 1043 3163; x_wconf 83' lang='grc'>10,</span> <span class='ocrx_word' id='word_1_523' title='bbox 1074 3124 1127 3157; x_wconf 90' lang='grc'><strong>16.</strong></span> 
     </span>
    </p>
   </div>
  </div>
 </body>
</html>
