2051 3433
228 147 314 188 272
354 143 454 178 1914.
476 142 560 177 Can.
577 142 699 177 Hasio.
722 142 967 177 1574—1577.
998 142 1098 177 1915.
1116 141 1201 177 Can.
1215 141 1348 176 Paulae
1366 142 1569 177 Merendae.
1590 143 1686 188 Inter
1705 143 1797 178 1574
1815 146 1851 178 et
1872 145 1972 179 1597.

226 262 260 295 in
296 261 410 295 lucem
450 260 582 305 prodiit
607 271 639 293 a.
670 260 779 299 1577;
817 270 924 303 quam
964 258 1113 303 „Operis
1146 258 1388 293 catechistici“
1421 278 1462 282 —
1492 258 1541 293 ita
1578 259 1670 293 enim
1706 259 1795 295 liber
1830 261 1998 307 deinceps

226 314 424 349 vocabatur
443 333 486 337 —
506 313 697 347 editionem
726 315 873 347 secutae
899 316 984 347 sunt
1002 313 1220 357 parisienses
1247 324 1420 346 annorum
1442 313 1531 347 1579
1552 315 1587 347 et
1610 313 1696 348 1585
1724 316 1758 347 et
1777 314 1998 350 colonienses

225 380 256 402 a.
278 368 368 402 1586
395 371 431 401 et
460 367 549 402 1606
577 369 613 400 et
639 366 842 411 complures
860 366 1035 400 editiones
1062 367 1278 410 posteriores
1305 366 1576 409 (semmei-coya
1602 366 1692 401 Bibl.
1711 367 1743 400 11
1770 368 1994 412 439-442):

226 422 404 455 Busaeum
440 423 561 455 tamen
599 423 635 454 et
661 420 845 454 Canisium
872 421 942 454 iam
969 431 998 454 a.
1022 421 1113 454 1574
1141 431 1181 454 ea
1209 420 1251 454 de
1279 431 1316 454 re
1342 420 1437 454 inter
1462 431 1500 454 se
1532 420 1720 465 scripsisse
1747 420 1927 464 colligitur
1954 434 1998 456 ex

224 474 356 509 litteris
384 486 430 509 ni.
450 474 597 508 Octobri
627 474 712 508 1571
745 473 955 508 Vindobona
982 474 1085 514 datis,
1120 473 1250 517 quibus
1277 473 1440 507 Busaeus
1474 484 1513 507 se
1546 473 1739 507 secundam
1776 475 1893 519 operis
1928 475 1998 509 edi-

224 529 357 562 tionem
384 539 510 562 curare
537 538 642 572 posse
668 527 825 570 negabat
854 527 960 570 (Can.
981 527 1030 561 VI
1049 527 1148 569 484),
1176 529 1212 560 et
1238 538 1283 560 ex
1309 526 1492 571 *epistula
1519 527 1665 561 Colonia
1694 527 1746 561 11.
1767 527 1888 562 Martii
1909 529 1999 563 1574

225 593 246 616 a
271 582 312 616 P.
332 583 524 615 Leonardo
551 582 672 615 Kessel
699 580 841 624 collegii
868 583 1007 615 rectore
1033 581 1076 614 ad
1104 580 1370 614 Mei-curianum
1398 581 1641 624 praepositum
1669 580 1873 623 generalem
1904 581 1998 623 data,

224 635 260 669 in
288 646 359 679 qua
385 635 474 669 haec
500 638 604 669 sunt:
641 634 806 668 Hectoris
836 634 986 677 „tertius
1013 633 1204 668 Consultor
1231 637 1287 668 est
1314 634 1351 668 P.
1380 634 1529 668 Ioannes
1556 634 1688 668 Hasius
1714 634 2001 669 Buscoducensis

225 688 259 723 S.
282 688 500 732 Theologiae
527 688 749 722 Licentiatus
776 689 837 731 qui
864 699 987 723 sacras
1022 687 1194 721 lectiones
1230 688 1264 720 in
1293 686 1453 731 Collegio
1479 687 1673 721 maioribus
1699 687 1875 722 classibus
1901 700 2000 733 prae-

224 742 323 786 legit,
350 742 465 776 sextis
491 742 592 787 ferijs
611 741 888 781 Catechismum,
916 741 1112 775 Dominicis
1130 752 1214 775 uero
1234 741 1358 775 diebus
1378 741 1525 785 exponit
1543 740 1753 784 Euangelia.
1793 740 2000 787 Occupatur

224 796 259 830 in
293 796 572 830 auctoritatibus
598 795 817 830 Catechismi
852 796 887 828 in
922 794 1106 829 meliorem
1141 794 1302 828 ordinem
1340 794 1545 838 redigendis
1573 806 1616 828 ex
1644 795 1865 829 ordinatione
1892 794 2000 840 Supe-

224 849 348 884 1·ioris“
374 849 436 894 (ex
455 849 666 894 archetypo.
719 848 839 883 Germ.
862 849 926 883 135
954 849 978 882 f.
998 847 1049 891 8).
1089 848 1226 882 Deinde
1244 848 1432 891 Moguntia
1461 848 1514 882 18.
1534 847 1670 892 Aprilis
1689 848 1791 883 1576.
1828 849 1868 883 Ρ.
1891 850 2000 883 Geor-

222 905 305 947 9ins
332 904 451 937 Bader
477 903 619 946 collegii
655 905 773 936 rector
800 903 1067 936 Mercurianum
1094 902 1137 935 de
1163 901 1276 935 Hasio
1303 904 1339 936 et
1364 901 1407 935 de
1434 901 1474 936 P.
1501 901 1706 936 Hermanno
1731 901 1896 946 Thyraeo
1923 914 2000 947 pro—

224 957 364 991 vinciae
391 956 570 990 rhenanae
595 956 799 1001 praeposito
826 955 1013 990 *monuit:
1046 956 1170 997 „Nunc
1188 955 1341 1000 primum
1369 954 1455 989 mihi
1474 955 1509 988 in
1528 958 1684 989 mentem
1711 957 1812 990 venit
1838 956 1879 991 Τ.
1899 956 1939 991 R.
1959 956 1999 991 P.

223 1012 342 1045 facere
361 1011 560 1051 certiorem,
579 1010 619 1044 P.
638 1010 691 1044 ιῙο.
709 1009 859 1044 Hasium
879 1009 980 1044 iussu
999 1010 1039 1043 R.
1056 1010 1095 1044 P.
1113 1009 1350 1044 Prouincialis
1368 1021 1437 1043 non
1455 1009 1532 1043 sine
1551 1009 1770 1043 incommodo
1789 1009 2000 1050 studiorum,

224 1064 316 1098 forte
344 1064 452 1098 etiam
479 1063 710 1105 valetudinis,
746 1063 817 1096 iam
850 1063 908 1097 diu
942 1063 1126 1097 laborasse
1152 1063 1187 1096 in
1223 1062 1398 1106 augendis
1435 1063 1712 1097 auctoritatibus
1739 1062 2000 1105 Catechisticis,

223 1128 315 1161 quae
341 1118 413 1151 iam
431 1118 516 1151 sunt
534 1116 600 1151 sub
618 1117 759 1162 praelo·
773 1116 950 1150 accedunt
968 1117 1011 1150 de
1028 1129 1120 1151 nouo
1139 1116 1375 1151 auctoritates
1400 1116 1435 1150 in
1453 1118 1650 1150 tractatum
1668 1117 1711 1151 de
1730 1117 2001 1157 Iustificatione,

224 1171 284 1215 qui
312 1183 356 1205 ex
384 1171 489 1205 Cone.
509 1170 606 1204 Trid.
626 1169 845 1205 catechismo
866 1169 1000 1215 Canisij
1029 1172 1083 1204 est
1109 1170 1301 1205 adiunctus
1321 1188 1328 1195 ·
1348 1171 1469 1204 nescio
1495 1181 1541 1204 an
1567 1170 1616 1205 sit
1641 1170 1732 1205 satis
1758 1172 1888 1212 tutum,
1915 1171 1999 1215 quia

224 1225 263 1259 P.
284 1224 418 1259 Hasius
446 1224 534 1258 adeo
561 1224 688 1258 doctus
714 1236 784 1258 non
812 1226 877 1266 est,
914 1226 950 1258 et
976 1235 1033 1258 res
1069 1235 1149 1258 cum
1175 1224 1317 1258 nemine
1344 1224 1640 1258 communicatur.
1690 1223 1880 1268 Significat
1904 1236 1999 1259 nunc

223 1279 262 1313 P.
283 1277 532 1318 Prouincialis,
558 1289 597 1311 se
624 1277 727 1322 quasi
755 1278 877 1318 inscio,
906 1279 969 1311 aut
995 1280 1092 1312 certe
1118 1290 1189 1312 non
1215 1278 1473 1320 consentiente,
1509 1277 1600 1312 haec
1625 1277 1724 1322 fierj⁴⁴
1757 1278 1819 1321 (ex
1845 1280 2000 1322 autogr.,

224 1331 343 1367 Germ.
367 1332 431 1366 137
448 1332 465 1366 f
489 1331 605 1375 218³).

224 1430 370 1467 1914.
448 1431 666 1467 CANISIUS
693 1430 754 1466 P.
782 1429 1027 1466 IOANNI
1054 1429 1269 1467 HASIO
1299 1429 1352 1466 S.
1373 1429 1428 1466 J.

1378 1482 1578 1530 Oeniponte
1606 1486 1673 1519 etc.
1703 1483 1950 1519 1574-1577.

346 1542 452 1583 Vide
485 1542 647 1583 litteras
680 1541 921 1595 superiores
953 1539 1125 1592 (1913).

224 1649 367 1686 1915.
468 1649 686 1685 CANISIUS
722 1618 1000 1685 PAULAE
1037 1648 1432 1691 MERENDAE,
1469 1661 1594 1684 sacrae
1621 1649 1753 1693 virgini
1789 1649 1999 1684 monasterii

413 1703 669 1744 inzikofiensis‚
697 1703 832 1738 ordinis
859 1703 894 1738 S.
913 1704 1122 1746 Augustini.

611 1763 811 1809 Oeniponte
837 1762 897 1797 vel
923 1763 1100 1807 Friburgo
1126 1762 1376 1798 Helvetiorum
1404 1763 1498 1797 inter
1523 1774 1636 1798 annos
1664 1763 1756 1798 1574
1782 1765 1817 1797 et
1846 1763 1947 1797 1597.

344 1828 400 1863 Ex
426 1828 562 1863 Paulae
588 1828 676 1870 vita,
712 1839 819 1873 quam
855 1828 942 1863 clar.
970 1828 1009 1863 P.
1029 1828 1117 1862 Picis
1142 1828 1344 1872 Bihlmeyer
1370 1827 1412 1862 Ο.
1431 1827 1465 1863 S.
1485 1828 1525 1862 B.
1553 1839 1598 1862 ex
1626 1827 1755 1862 Codice
1780 1827 1843 1862 lat.
1871 1827 1994 1863 21307

222 1882 415 1917 nationalis
450 1882 689 1917 bibliothecae
720 1882 946 1916 monacensis
973 1881 1083 1916 edidit
1110 1881 1146 1915 in
1175 1881 1411 1926 „Freiburger
1438 1881 1791 1916 Diozesan-Archiv⁵‘
1821 1880 1994 1915 XXXVII

224 1936 285 1979 (N.
305 1936 342 1970 F.
375 1936 427 1971 10.
448 1935 575 1979 Band),
603 1935 778 1979 Freiburg
804 1935 825 1969 i.
847 1935 906 1970 ΒΓ.
935 1935 1038 1976 1909,
1076 1935 1262 1970 180-203
1291 1935 1397 1979 („Die
1423 1934 1684 1978 Augustinerin
1709 1934 1823 1969 Paula
1850 1934 1998 1969 Merend

224 1989 259 2034 [†
287 1989 404 2034 1627]‚
433 1990 511 2024 eine
538 1988 737 2034 mystische
764 1988 871 2023 Bliite
897 1999 963 2023 aus
990 1989 1069 2022 dem
1097 1988 1373 2032 Klostergarten
1400 2000 1469 2023 von
1495 1988 1760 2033 Inzigkofen“).

342 2057 434 2090 Eam
462 2056 509 2089 ad
530 2057 698 2099 pietatem
724 2056 879 2088 instituit
906 2059 935 2088 et
960 2055 1092 2088 solacio
1119 2055 1242 2096 afficit.

343 2129 394 2169 In
419 2129 582 2170 Paulae
607 2127 853 2180 Merendae,
888 2140 1037 2168 sacrae
1059 2127 1236 2180 virqiuis
1259 2126 1427 2167 ordinis
1449 2127 1746 2180 aufflistiniani
1780 2127 1820 2167 in
1855 2139 1997 2167 mona-

223 2195 348 2235 sterio
382 2194 645 2248 inzilcofiensi
674 2192 959 2247 (Inziylrofen,
992 2206 1106 2233 nunc
1138 2193 1251 2233 vicus
1281 2193 1522 2246 provinciae
1544 2191 1892 2246 siqmarinyensis
1915 2192 1998 2232 rei-

219 2258 416 2313 publicae
457 2258 716 2309 borussicae)
757 2272 910 2313 masma
944 2272 1035 2299 cum
1068 2259 1291 2299 sanctitate
1332 2262 1521 2299 versatae
1554 2256 1788 2311 ibidemque
1820 2270 1859 2299 a.
1885 2257 1995 2298 1627

225 2329 428 2377 mortuae,
453 2325 551 2376 vita,
576 2338 702 2379 quam
725 2323 880 2365 ibidem
905 2324 1052 2365 Maria
1078 2323 1351 2377 Cuneyundis
1374 2323 1582 2364 comitissa
1607 2322 1658 2363 de
1670 2322 1998 2364 Hohenzollern-

224 2390 480 2444 Haiqerlocli
513 2389 563 2442 (†
587 2389 737 2439 1647),
772 2403 861 2430 una
885 2404 935 2430 ene
959 2390 1047 2430 eius
1071 2389 1317 2443 aequalibus
1351 2402 1399 2430 ac
1421 2387 1651 2440 sodalibus,
1685 2388 1864 2441 scripsit,
1899 2387 1999 2428 baec

223 2455 273 2497 de
308 2470 354 2496 ea
387 2459 657 2497 narrantur:
684 2454 793 2506 „Die
832 2455 982 2495 herren
1025 2458 1170 2508 patres
1212 2453 1287 2495 der
1327 2454 1497 2495 societa't
1539 2452 1657 2494 liebte
1698 2453 1757 2494 sie
1795 2452 1898 2494 iiber
1931 2452 2000 2493 die

225 2534 390 2562 massen
422 2521 519 2562 lzocle
555 2520 646 2562 und
679 2521 747 2561 die
779 2520 908 2561 hero-n
941 2525 1085 2575 patres
1117 2520 1177 2561 sie
1209 2520 1411 2573 liinqeyen
1435 2518 1555 2566 auch,
1591 2518 1680 2559 also
1705 2518 1807 2559 dass
1829 2518 1900 2558 vihr
1924 2517 1999 2559 der

225 2586 466 2641 elzrwiirdiy
483 2590 608 2640 pater
630 2586 796 2627 Paulus
822 2585 959 2639 Offius
985 2586 1077 2626 mid
1096 2589 1220 2638 pater
1242 2584 1395 2626 Petrus
1417 2584 1598 2625 scho'nne
1616 2583 1841 2637 qeisttiche,
1875 2587 1998 2624 trost-

227 2651 360 2692 reiclze
393 2651 520 2704 brieff
547 2651 810 2703 zuscliriben,
844 2651 989 2692 welche
1022 2650 1129 2703 briff
1156 2651 1216 2691 sie
1238 2650 1308 2691 ihr
1330 2649 1463 2703 lebtay
1493 2649 1651 2703 fleissiy
1685 2646 1994 2701 aufbehalten.“

344 2724 457 2759 Paula
485 2725 657 2760 Merenda
682 2726 761 2760 sive
779 2725 938 2767 Merend,
966 2736 996 2759 a.
1019 2725 1110 2758 1574
1128 2723 1386 2758 monasterium
1405 2723 1636 2757 inzikofiense
1655 2723 1830 2766 ingressa,
1857 2734 1888 2757 a.
1909 2723 1998 2757 1576

226 2777 355 2812 ibidem
384 2780 469 2812 vota
494 2779 664 2822 religiosa
690 2778 901 2813 sollenniter
926 2778 1101 2823 professa,
1138 2789 1200 2822 per
1225 2777 1271 2812 40
1297 2788 1409 2811 annos
1445 2779 1479 2811 et
1514 2776 1690 2820 magistra
1716 2776 1935 2810 noviciarum
1963 2778 1999 2810 et

225 2831 371 2865 aeditua
397 2831 466 2865 fuit
493 2831 712 2876 (Bihlmeyer
738 2832 760 2866 1.
780 2844 809 2866 c.
830 2831 1056 2874 188-189);
1093 2835 1171 2865 orta
1196 2833 1316 2864 autem
1345 2832 1422 2864 erat
1449 2842 1494 2864 ex
1521 2830 1651 2864 Ioanne
1679 2830 1786 2863 Petro
1815 2829 1997 2870 Merenda,

226 2884 464 2927 Magdalenae
491 2886 637 2928 reginae
664 2886 812 2929 eiusque
838 2896 1000 2920 sororum
1027 2887 1062 2919 et
1090 2884 1232 2927 collegii
1252 2883 1442 2918 Societatis
1461 2883 1690 2928 oenipontuni
1717 2882 1865 2924 medico,
1891 2894 1998 2927 quem

226 2948 258 2972 a.
288 2937 377 2971 1567
405 2940 584 2972 mortuum
613 2938 779 2973 Canisius
806 2938 840 2974 S.
860 2937 1043 2972 Francisci
1072 2937 1226 2981 Borgiao
1253 2938 1288 2971 et
1313 2936 1532 2980 reliquorum
1559 2936 1743 2971 Sociorum
1771 2947 1995 2970 romanorum

226 2990 446 3025 orationibus
473 2991 740 3026 commendavit
769 2992 874 3035 (Can.
894 2992 927 3027 V
952 2991 1037 3035 434)
1057 2992 1076 3026 ¹.
1128 2990 1245 3032 Quare
1273 2990 1350 3024 fieri
1378 2990 1483 3024 facile
1509 2992 1662 3036 poterat,
1689 2993 1729 3024 ut
1754 2988 1996 3041 PaulassOeni-

348 3091 357 3111 ¹
387 3090 424 3123 ln
453 3091 678 3124 matriculam
705 3091 954 3125 universitatis
979 3091 1184 3134 dilinganae
1212 3091 1266 3126 19.
1287 3090 1452 3125 Octobris
1473 3090 1563 3126 1565
1590 3089 1727 3124 relatus
1750 3091 1807 3124 est
1826 3088 1997 3132 „Ioannes

227 3143 440 3178 Franciscus
475 3144 665 3178 Merenda“
707 3145 790 3187 (Th.
819 3146 956 3188 Spei-let,
992 3144 1057 3178 Die
1084 3143 1254 3178 Matrikel
1289 3143 1351 3177 der
1379 3143 1604 3178 Universitiit
1642 3142 1824 3186 Dillingen
1862 3142 1886 3183 Ι,
1923 3141 1995 3176 Dil-
