2051 3433
170 143 222 182 14
379 139 479 173 1775.
508 138 673 173 Canisius
700 138 740 173 P.
760 137 979 183 Hieronymo
1005 137 1138 172 Natali.
1183 137 1383 182 Oeniponte
1412 138 1442 170 1.
1461 136 1562 170 Febr.
1584 137 1686 172 1572.

167 256 335 310 pediem
368 256 619 299 adfuturum
644 270 751 306 esse,
787 270 882 297 cum
906 257 950 297 et
971 255 1234 308 Magdalena
1256 254 1403 308 cupiat
1424 254 1544 296 illum
1566 255 1744 306 remitti,
1778 256 1935 309 illeque

165 335 287 363 suam
311 322 365 363 ad
388 334 465 363 nos
488 321 654 363 miserit
677 321 907 363 sarcinam.
947 320 1161 374 Sperabat
1182 322 1329 362 tamen
1352 333 1487 369 soror,
1513 320 1625 362 citra
1647 321 1934 364 conditionem

165 386 285 428 illum
308 386 556 429 Florentiae
580 386 882 428 dimittendum
906 399 1013 435 esse,
1049 385 1162 438 quod
1185 384 1387 438 quoniam
1416 384 1601 427 obtineri
1627 386 1706 427 1100
1739 389 1936 440 tempore

165 465 250 493 non
287 451 442 506 potuit,
486 452 632 506 placet
664 451 766 492 mihi
799 450 1017 493 sententia
1040 450 1090 492 R.
1115 450 1162 492 T.
1187 453 1236 492 ut
1269 464 1365 491 cum
1399 450 1453 491 ad
1486 464 1564 491 nos
1595 451 1779 501 uenerit,
1822 451 1937 493 haud

165 516 293 558 facile
325 516 426 557 illuc
458 516 572 558 unde
605 516 817 565 discessit,
851 515 991 557 redire
1024 515 1205 558 sinatur.
1251 514 1344 564 Qua
1366 514 1408 556 in
1433 529 1478 556 re
1506 514 1691 557 libenter
1714 515 1936 567 faciemus,

166 582 278 634 quod
310 581 455 623 facere
487 580 638 623 moniti
671 595 830 622 sumus.
885 579 953 621 Ad
987 580 1030 621 P.
1058 579 1366 621 Prouintialem
1400 579 1551 622 literas
1584 580 1790 633 alligatas
1824 581 1936 624 misi.

166 650 209 689 et
242 646 278 687 si
311 646 412 699 quid
454 646 526 687 ille
567 648 799 700 praeterea
840 644 1027 694 iusserit,
1071 644 1143 697 qui
1175 659 1287 686 nunc
1330 644 1423 698 agit
1455 645 1687 700 Monachij,
1731 645 1936 687 hocloco

164 712 349 754 fideliter
382 725 658 764 exequemur,
692 713 740 752 ut
764 711 812 753 R.
838 711 886 753 Τ.
911 712 1062 752 0011010
1096 713 1140 751 01
1171 710 1396 763 praeclaro
1431 710 1642 752 desiderio
1676 711 1875 753 satisfiat.

284 776 404 826 Quod
437 777 489 817 ad
527 776 570 818 P.
596 775 906 818 Laurentium¹
940 774 1166 816 Ferrariae
1200 775 1469 817 habitantem
1504 775 1678 826 attinet,
1712 775 1938 818 existimat

169 841 336 895 Regina
377 841 638 895 Magdalena
681 840 897 882 difficilius
939 840 1045 889 fore,
1089 843 1137 882 ut
1175 853 1298 881 soror
1338 840 1429 882 cius
1462 840 1660 883 Barbara
1702 841 1814 882 hunc
1858 840 1939 882 sibi

169 907 295 948 ualde
338 906 512 948 charum
557 906 676 948 abire
717 905 966 960 permittat,
1010 905 1092 946 etsi
1134 919 1219 947 non
1252 905 1401 948 dubito
1442 905 1590 947 multis
1622 906 1761 947 modis
1801 905 1863 947 illi
1895 909 1939 948 et

165 972 289 1013 nobis
322 971 541 1025 expedire,
585 975 633 1014 ut
665 971 733 1012 1110
767 984 937 1023 quoque
969 969 1085 1011 funis
1118 970 1283 1012 aulicus
1316 971 1613 1024 abrumpatur.
1679 971 1762 1024 Egi
1794 984 1938 1012 coram

166 1037 397 1090 aliquando
431 1051 526 1078 011111
551 1036 700 1078 eadem
726 1035 893 1088 Regina
916 1035 1126 1086 Barbara,
1162 1050 1272 1088 quae
1296 1036 1506 1078 audacter
1527 1050 1574 1078 se
1597 1036 1697 1078 mihi
1722 1036 1936 1090 opposuit,

166 1116 264 1143 cum
298 1115 480 1143 conarer
503 1102 685 1142 eundem
710 1101 885 1142 Patrem
918 1100 980 1143 ita
1012 1102 1233 1154 petentem
1267 1100 1513 1155 prouintiae
1538 1101 1637 1142 huic
1660 1101 1893 1144 restituere
1906 1102 1936 1142 2.

169 1166 379 1216 Quocirca
412 1180 566 1208 uereor
598 1169 641 1208 et
675 1180 769 1218 ego,
805 1180 857 1207 ne
890 1166 947 1207 sit
979 1165 1204 1207 molestius
1235 1166 1348 1207 hunc
1381 1180 1510 1219 quam
1541 1167 1726 1208 alterum
1760 1166 1938 1208 Floren-

164 1231 302 1274 tinum
326 1231 645 1273 Confessarium
679 1245 898 1281 reuocare,
935 1231 971 1272 si
1002 1245 1072 1272 res
1106 1231 1218 1272 bona
1251 1231 1422 1284 quidem
1455 1231 1582 1273 uenia
1605 1232 1720 1273 illius
1743 1231 1938 1284 Reginae

166 1296 314 1338 confici
348 1297 517 1339 debeat.
572 1296 788 1350 Experior
820 1296 994 1337 mollem
1019 1296 1214 1349 Reginae
1247 1296 1392 1348 Magd.
1428 1296 1618 1338 animum
1650 1296 1693 1338 in
1727 1311 1790 1347 eo,
1825 1297 1938 1350 quod

165 1362 403 1415 cogendam
435 1375 519 1403 non
543 1365 668 1416 putet
690 1375 882 1403 sororem
907 1362 960 1403 ob
983 1360 1074 1403 eius
1097 1361 1439 1403 imbecillitatem
1453 1362 1482 1411 3,
1515 1365 1564 1404 111
1586 1362 1632 1404 P.
1657 1361 1937 1404 Laurentium

165 1427 303 1470 inuita
335 1427 541 1469 dimittat.
591 1427 684 1469 Nec
716 1427 873 1469 desunt
897 1427 1140 1469 Germanae
1172 1429 1399 1469 matronae
1425 1426 1466 1468 in
1491 1427 1586 1469 istis
1619 1427 1729 1469 aulis
1751 1426 1936 1477 Jtalicis,

166 1507 275 1545 quae
309 1492 590 1534 dissuadeant
631 1506 809 1546 prorsus
842 1492 1102 1546 Confessarij
1146 1491 1444 1542 mutationem,
1489 1506 1723 1546 earumque
1757 1492 1938 1534 consilia

165 1571 249 1599 non
273 1572 423 1612 parum
447 1558 596 1599 ualent
620 1558 758 1612 apuda
781 1557 1102 1599 Ferrariensem
1129 1557 1353 1610 Reginam.
1389 1557 1473 1599 Sed
1496 1558 1731 1599 aduentum
1754 1558 1800 1600 Ρ.
1821 1557 1937 1600 Guil-

164 1623 295 1664 helmi
329 1623 670 1677 expectabimus,
704 1626 752 1665 ut
777 1623 828 1664 de
861 1637 907 1664 re
939 1625 1034 1665 tota
1068 1623 1228 1664 certius
1262 1622 1423 1675 aliquid
1457 1623 1733 1677 accipiamus,
1769 1637 1819 1665 ac
1851 1623 1937 1665 Re—

165 1688 311 1740 ginam
355 1688 508 1730 deinde
550 1689 854 1742 Magdalenam
898 1688 1177 1741 imploremus
1217 1690 1308 1729 tum
1352 1691 1400 1730 ut
1441 1688 1578 1730 sorori
1611 1689 1809 1730 Joannae
1851 1688 1937 1730 dis-

165 1753 348 1796 suadeat
370 1754 416 1796 P.
442 1753 671 1795 Guilhelmi
699 1753 1033 1803 reuocationem,
1067 1755 1159 1794 tum
1183 1755 1230 1794 ut
1253 1752 1366 1793 uiam
1392 1753 1561 1806 aperiat
1585 1753 1629 1796 P.
1654 1754 1936 1795 Laurentium

166 1818 219 1859 ad
252 1833 331 1860 nos
364 1818 626 1861 remittendi.
681 1819 802 1868 Quod
825 1818 861 1860 si
893 1818 1082 1861 10110000
1114 1818 1157 1860 id
1190 1818 1302 1859 effici
1336 1821 1525 1871 nequeat
1556 1818 1670 1860 bona
1701 1819 1828 1860 uenia
1851 1818 1936 1860 Re-

164 1883 291 1936 ginae
327 1884 563 1933 Barbarae,
598 1898 683 1925 non
718 1884 851 1927 fuerit
892 1883 1081 1925 fortasse
1114 1884 1191 1925 abs
1225 1897 1286 1932 re,
1321 1883 1356 1924 si
1392 1883 1437 1925 P.
1462 1883 1723 1925 Laurentius
1754 1884 1936 1925 Romam

165 1952 380 1999 euocetur,
415 1951 459 1991 et
490 1949 576 1990 illic
608 1952 896 2003 praeparetur
919 1948 973 1990 ad
997 1949 1107 1990 hanc
1140 1948 1462 1990 reuocationem
1486 1949 1788 2002 qualicumque
1811 1949 1937 1990 modo

163 2013 481 2067 impetrandam
527 2014 913 2067 obtinendamque,
957 2013 1069 2056 010111
1110 2013 1152 2055 111
1187 2014 1232 2056 P.
1259 2013 1501 2055 Guilhelmo
1544 2014 1731 2056 feliciter
1771 2014 1937 2057 factum

165 2092 259 2120 esse
293 2079 519 2120 cernimus.
575 2079 657 2121 Sed
691 2079 743 2121 de
775 2079 841 2120 1110
873 2078 1036 2121 rectius
1070 2079 1107 2120 R
1145 2079 1191 2121 T.
1226 2078 1447 2121 iudicabit.

283 2144 466 2198 Scripsit
507 2144 562 2186 ad
594 2158 662 2186 me
694 2145 842 2188 Jllust.
877 2145 928 2187 D.
964 2144 1132 2186 Cardin.
1167 2144 1307 2186 iunior
1340 2144 1619 2186 Tridentinus
1633 2147 1662 2194 4,
1705 2147 1754 2187 ut
1796 2158 1936 2186 meam

163 2209 435 2263 interponam
479 2223 653 2264 operam
698 2210 751 2252 ad
790 2210 1131 2264 componendum
1175 2209 1397 2251 dissidium
1440 2210 1671 2251 multorum
1711 2224 1935 2260 annorum,

164 2274 277 2326 quod
310 2274 424 2317 inter
456 2274 595 2328 ipsum
630 2277 675 2317 et
699 2275 942 2329 Principem
975 2276 1201 2316 nostrum5
1234 2275 1375 2324 durat,
1410 2289 1461 2316 00
1493 2275 1620 2316 ualde
1654 2275 1824 2327 quidem
1859 2288 1936 2316 ex-

164 2339 403 2382 ulceratum
440 2343 518 2383 est.
569 2340 729 2382 Videat
761 2354 923 2393 quaeso
956 2340 1006 2383 R.
1031 2340 1079 2382 T.
1115 2340 1222 2381 uelit
1254 2353 1306 2381 ne
1340 2340 1420 2381 hac
1452 2339 1494 2381 in
1528 2342 1653 2393 parte
1686 2354 1828 2381 meum
1862 2340 1936 2382 de-

164 2403 341 2446 fendere
374 2404 593 2447 silentium
627 2405 741 2459 apud
775 2405 984 2459 optimum
1019 2404 1304 2454 Cardinalem,
1340 2404 1463 2457 eique
1495 2404 1708 2446 rationem
1744 2405 1935 2458 aliquam

165 2469 358 2520 reddere,
394 2484 469 2511 cur
496 2485 580 2512 non
614 2470 818 2524 expediat
851 2485 929 2512 nos
962 2470 1149 2524 negotijs
1183 2472 1225 2512 et
1248 2469 1387 2511 turbis
1410 2469 1568 2512 talibus
1600 2469 1846 2519 immisceri,
1881 2484 1937 2512 ex

166 2534 319 2586 quibus
352 2535 542 2577 maxima
574 2535 642 2577 hic
675 2535 938 2578 detrimenta
968 2535 1012 2577 in
1035 2535 1334 2590 spiritualibus
1356 2535 1498 2585 rebus,
1533 2548 1644 2588 quae
1675 2535 1813 2577 nostri
1834 2538 1938 2578 sunt

165 2599 353 2641 instituti
386 2601 600 2654 propriae,
644 2604 869 2654 reportare
901 2614 1140 2655 possemus,
1180 2601 1428 2653 nullamque
1461 2599 1696 2643 utilitatem
1731 2614 1936 2642 consecu-

165 2665 251 2706 turi
286 2664 542 2707 uideremur.
607 2665 693 2707 Res
726 2680 946 2719 nunquam
980 2666 1023 2707 in
1056 2666 1202 2720 peiore
1235 2666 1329 2707 loco
1363 2665 1459 2715 fuit,
1493 2666 1789 2719 pugnantibus
1821 2665 1935 2720 apud

166 2729 394 2771 Caesarem
427 2730 634 2781 partibus,
669 2735 713 2773 et
746 2731 1022 2773 exacerbatis
1055 2731 1256 2784 utrinque
1288 2730 1442 2772 animis
1474 2730 1768 2774 uehementer.
1813 2730 1934 2772 Prin-

167 2808 267 2848 ceps
300 2795 541 2847 aegerrime
574 2795 722 2846 ferret,
766 2799 815 2838 ut
846 2797 974 2850 plane
1008 2796 1209 2847 arbitror,
1254 2809 1300 2837 se
1332 2795 1411 2837 hoc
1445 2795 1616 2838 nomine
1654 2810 1731 2849 per
1763 2799 1936 2838 nostros

286 2876 314 2905 a)
336 2876 475 2906 ,sequitur
496 2874 640 2904 Florenti,
661 2885 676 2899 (t
700 2878 727 2900 (¹.
749 2877 837 2900 oblim.

289 2976 298 2995 ¹
327 2976 618 3012 Hermanutium:
649 2988 681 3010 V.
709 2988 818 3021 supra
845 2989 877 3021 p.
898 2977 1001 3011 5—7.
1150 2976 1163 2996 ⁹
1188 2976 1278 3010 Vide
1309 2977 1393 3010 Can.
1416 2975 1463 3009 VI
1491 2976 1570 3010 599.

287 3029 299 3048 ³
328 3029 484 3063 Barbara
511 3029 587 3073 ipso
620 3029 686 3062 1100
713 3041 804 3063 011ηο
834 3030 925 3064 1572
958 3032 1099 3064 mortua
1125 3032 1181 3064 est
1209 3029 1268 3072 (L.
1288 3031 1403 3072 Rapp,
1441 3029 1594 3072 Konigin
1622 3028 1838 3072 Magdalena
1864 3040 1934 3063 von

168 3081 432 3126 Ocsterreich',
460 3082 592 3116 Brixen
621 3083 723 3122 1899,
752 3083 824 3124 17).

287 3136 299 3155 ⁴
325 3135 527 3170 Ludovicus
554 3135 773 3175 Madrutius3
804 3148 835 3171 v,
857 3148 965 3181 supra
992 3148 1023 3181 p.
1050 3136 1103 3170 11.
1252 3137 1264 3155 ⁵
1292 3135 1552 3170 Ferdinandum
1580 3135 1622 3169 ΙΙ.

2044 3060 2046 3080 W
2034 2957 2048 3047 Arm„
2042 2886 2051 2942 Q.-
2042 2850 2047 2877 ..-
