2051 3433
214 161 298 203 268

301 275 540 309 Rc'badenee'rcc
570 276 681 308 1572:

261 945 313 990 [L.
329 946 363 987 4,
383 956 412 979 c.
427 945 460 985 6,
479 944 503 978 f.
522 943 605 978 141¹>
618 942 639 987 ε]
669 943 721 986 [L.
737 943 769 984 4,

212 1011 241 1033 c.
261 999 293 1041 6,
319 998 344 1033 f.
366 998 474 1034 139221
505 996 655 1042 Collegij
683 996 769 1031 Ger-

212 1052 342 1086 manici
378 1050 591 1085 instituendi
617 1049 769 1090 initium,

212 1108 248 1140 et
279 1103 445 1148 caussae]
472 1103 614 1137 Mortuo
649 1105 771 1137 tamen

212 1158 301 1193 Iulio
327 1158 390 1193 III.
414 1158 451 1192 in
477 1169 518 1191 eo
544 1156 649 1198 bello,
676 1156 770 1201 quod

212 1213 256 1246 ad
294 1212 420 1247 urbem
464 1213 588 1256 postea
627 1212 771 1253 gestum

212 1268 269 1301 est
285 1266 306 1307 ¹,
343 1277 424 1300 cum
449 1264 590 1298 uideret
625 1265 772 1309 propter

213 1330 375 1354 annonae
390 1318 590 1358 caritatem,
609 1316 771 1352 bellicos-

212 1384 281 1418 que
322 1371 523 1413 tumultus,
571 1369 771 1414 Collegium

211 1425 409 1472 periclitari
435 1430 494 1459 etc.

263 1479 312 1523 [L.
328 1479 360 1521 4,
381 1490 409 1513 c.
428 1479 481 1520 11,
495 1478 519 1512 f.
538 1476 654 1521 155³:]
672 1476 724 1521 [L.
738 1478 772 1518 4,

212 1545 241 1568 c.
263 1533 317 1575 11,
353 1532 500 1567 f.154⁸:
538 1531 772 1566 Sorbonensis

213 1586 364 1631 Collegij
399 1586 434 1619 in
461 1584 678 1619 Societatem
706 1583 771 1618 De-

213 1642 362 1675 cretum.
403 1638 489 1683 Cap.
508 1638 582 1682 XL]
620 1636 696 1679 Quo
715 1637 772 1671 de-

213 1696 311 1728 creto
337 1693 446 1733 facto,
481 1692 623 1735 magnis
657 1689 772 1725 flucti-

212 1746 280 1782 bus
315 1746 480 1781 Lutetiae
492 1745 519 1786 ²,
568 1747 604 1779 et
649 1744 772 1778 turbu-

212 1801 332 1843 lentis,
368 1799 493 1834 iactati
528 1800 612 1833 sunt
647 1798 772 1832 nostri.

212 1854 304 1889 Nam
345 1853 482 1888 recenti
524 1851 668 1896 negotio
682 1851 705 1892 ³,
752 1863 773 1886 a

215 1907 443 1942 scholasticis
460 1906 497 1940 in
520 1905 733 1950 gymnasiis,
753 1916 773 1939 a

213 1960 401 1996 Monachis
428 1960 464 1993 in
483 1959 725 2000 concionibus,
752 1971 773 1992 a

213 2014 343 2060 populo
378 2014 414 2048 in
442 2013 586 2048 circulis
612 2012 772 2046 concide-

213 2069 355 2109 bantur,
382 2072 441 2102 etc.

266 2120 318 2165 [L.
331 2122 362 2163 4,
375 2132 404 2155 c.
416 2120 470 2161 15,
483 2117 773 2163 f.164b—165³:]

216 2176 358 2218 Pragae
395 2173 504 2218 (quae
540 2173 626 2207 urbs
661 2172 773 2207 totius

215 2227 408 2262 Bohelniae
444 2227 558 2270 Regia
593 2226 662 2270 est)
692 2226 773 2260 Fer-

215 2281 393 2316 dinandus
419 2280 660 2315 Romanorum
683 2278 772 2321 Rex,

216 2334 434 2369 Viennensis
471 2333 614 2379 collegij
653 2333 774 2368 fructu

215 2390 409 2433 permotus,
429 2387 626 2431 Collegium
641 2387 774 2421 nostris

216 2441 423 2476 constituit:
438 2443 477 2475 ut
491 2441 673 2483 Hussitas‚
692 2440 773 2475 Vic-

218 2495 405 2536 cleffistas,
433 2497 469 2529 et
495 2494 584 2529 alios
611 2494 774 2528 Haereti-

217 2560 289 2589 cos,
316 2548 378 2592 qui
395 2547 560 2592 Regnum
580 2547 773 2582 Bohemiae

217 2600 489 2646 depopulantur,
501 2602 577 2636 suis
588 2600 773 2635 laboribus

217 2655 481 2700 propulsarent,
517 2656 553 2688 et
583 2654 774 2689 Societatis

338 2731 366 2762 a)
387 2731 527 2763 Sequitur
547 2729 616 2761 alio,
636 2731 726 2756 oblitt.

217 2773 378 2798 sententiae
399 2774 430 2797 in
450 2774 583 2804 margine
604 2781 677 2797 crus·
696 2774 833 2805 apposita
849 2775 899 2797 est.

220 2823 243 2839 ι’.
262 2823 355 2846 supra
378 2823 490 2839 versum
510 2815 653 2845 scriptum
672 2818 722 2839 est.

1009 273 1083 306 Can
1090 273 1177 305 isius
1186 283 1198 304 .·

824 357 911 382 cum
933 344 978 382 de
994 346 1118 381 morte
1139 341 1379 380 imminentia

823 401 1380 452 suospraemonuisset,Vien-

822 476 896 500 nae
937 462 1037 500 diem
1077 461 1223 499 clausit
1253 464 1379 498 extre-

821 520 1378 571 mumipsodominicaetrans-

821 581 1069 630 figurationis
1105 580 1178 624 die,
1210 580 1273 617 etb
1302 592 1380 616 ma-

823 654 939 690 gnum
951 644 1058 678 certe
1071 639 1131 678 sui
1144 639 1378 677 desiderium

821 704 904 738 tum
951 700 1071 748 Regi,
1126 702 1209 737 tum
1265 697 1379 736 bonis

824 759 1003 797 omnibus
1051 758 1230 808 reliquit,
1279 758 1379 806 quod

824 819 992 857 omnium
1013 819 1096 856 fere
1124 818 1273 855 animos
1305 816 1379 855 sibi

824 877 1055 916 conciliatos
1085 878 1249 915 haberet
1277 907 1285 916 .

880 944 913 981 1.
935 944 1027 980 41.d
1056 943 1100 979 B.
1131 942 1235 980 folio.
1278 941 1379 978 Mor-

824 1005 891 1040 tuo
921 1005 1054 1039 tamen
1084 1001 1191 1039 Julio
1213 1000 1379 1048 Tertio]

823 1061 1043 1109 Ambiguus
1064 1061 1219 1099 videtur
1239 1073 1379 1098 sensus

825 1133 911 1158 cum
951 1120 1095 1158 bellum
1134 1121 1182 1157 ad
1215 1120 1379 1157 Paulum

825 1183 1007 1228 quartum
1037 1180 1090 1218 sit
1121 1179 1379 1223 referendum,

824 1252 897 1276 nec
940 1252 1037 1288 opus
1080 1239 1133 1276 sit
1173 1239 1237 1276 hic
1284 1238 1380 1287 Julij

825 1298 931 1348 tertij
953 1298 1187 1344 meminisse,
1209 1298 1287 1336 nisi
1306 1298 1381 1335 for-

828 1359 949 1396 tassis
992 1358 1040 1396 ad
1088 1358 1216 1396 odium
1268 1357 1381 1395 Pauli

827 1417 1029 1456 Pontificis
1065 1417 1381 1456 imminuendum.

880 1477 977 1526 Pag.
1001 1479 1034 1514 1.
1066 1478 1127 1515 55.
1184 1476 1284 1514 Nam
1323 1489 1381 1514 re-

828 1537 932 1575 centi
946 1537 1104 1585 negotio
1126 1540 1199 1575 etc.
1230 1536 1382 1574 Clarius

826 1597 930 1634 hunc
994 1609 1150 1634 sensum
1217 1595 1383 1646 exprimi

826 1669 945 1706 posse
980 1659 1074 1705 puto
1114 1655 1202 1705 alijs
1240 1655 1382 1693 uerbis.

881 2114 976 2161 Pag.
1014 2114 1047 2151 1.
1078 2113 1140 2151 64.
1170 2112 1251 2150 ΒΧ
1307 2111 1384 2149 Hic

830 2173 999 2223 optarim
1055 2171 1216 2219 adiungi
1269 2171 1384 2221 plura

830 2233 876 2270 de
890 2231 1003 2270 initio
1025 2230 1190 2280 Oollegij
1213 2230 1384 2279 Pragen-

830 2292 884 2330 sis
896 2291 944 2329 ad
958 2290 969 2310 f
984 2291 1107 2340 quodg
1122 2303 1207 2328 cum
1220 2290 1386 2340 primum

829 2364 901 2400 ego
953 2350 1182 2388 necessaria
1223 2362 1384 2400 praepa-

827 2423 990 2456 rassem,
1039 2410 1100 2447 Ex
1129 2410 1235 2447 Vrbe
1273 2408 1386 2459 primi

828 2469 938 2508 missi
976 2469 1086 2507 fuere
1122 2469 1268 2507 Rector
1295 2469 1386 2506 Vrs-

828 2543 960 2567 marus
973 2533 998 2576 ⁴,
1020 2530 1066 2568 D.
1079 2528 1276 2566 Henricus
1288 2527 1388 2566 Blis-

830 2589 974 2627 semius
1031 2592 1070 2626 et
1118 2588 1184 2637 alij
1248 2587 1388 2637 quibus

829 2648 1022 2686 habitatio
1054 2647 1221 2696 contigit
1249 2647 1289 2684 in
1311 2659 1387 2683 mo-

817 2730 848 2762 b)
869 2731 917 2755 Sic
938 2732 966 2755 C.
986 2730 1106 2762 scripsit
1127 2737 1180 2761 pro
1201 2729 1262 2761 qui,
1282 2729 1355 2760 quod
1377 2729 1409 2752 Ε.
1430 2728 1601 2759 scripserat.

963 2770 993 2803 d)
1015 2773 1050 2796 In
1071 2773 1178 2796 (trehet.
1193 2779 1266 2795 corr.
1281 2778 1317 2795 ex
1332 2769 1356 2796 l.
1369 2769 1412 2796 42.

785 2814 816 2846 g)
837 2815 865 2839 C.
888 2814 915 2838 in
938 2814 1071 2845 maryine
1094 2821 1116 2838 1'.
1131 2811 1220 2838 iactis
1236 2812 1368 2843 primum
1390 2812 1518 2843 scripsit,
1539 2812 1605 2836 (lein
1627 2811 1814 2836 oblitteravit.
1847 2810 1990 2835 Proxima

219 2864 327 2888 qnoque
347 2858 363 2881 5
386 2864 427 2882 vv.
448 2857 483 2881 ab
502 2857 567 2887 ipso
588 2857 616 2880 C.
637 2856 740 2880 addita
760 2859 837 2880 sunt.

651 155 753 191 1912.
781 155 948 190 Canisius
973 155 1013 189 P.
1032 154 1139 189 Petro
1166 152 1425 188 Ribadeneirae
1452 151 1486 186 S.
1506 151 1539 187 J.

1514 270 1752 303 Ribccdeneira
1783 272 1894 303 1586.-

1475 942 1540 986 [L.
1558 945 1590 986 4,
1605 954 1630 976 c.
1648 946 1680 987 6,
1697 944 1724 985 f.
1742 942 1868 986 133b:]
1883 943 1990 977 Nihil

1429 999 1648 1030 immutatum
1662 1001 1719 1039 est,
1728 1001 1984 1041 praeterquam

1429 1052 1522 1094 qnod
1556 1051 1604 1083 ad
1638 1051 1779 1083 verbum
1807 1048 1980 1094 „videret“

1428 1105 1569 1137 verbum
1614 1102 1822 1148 „Iynatiuffl
1865 1109 1894 1137 et
1937 1104 1987 1137 ad

1430 1156 1667 1202 ,‚Colle9c'um“
1720 1158 1881 1191 additum
1938 1162 1984 1190 est

1431 1239 1448 1256 „
1457 1213 1561 1246 Germ
1567 1209 1744 1245 ctnicaecm“.

1478 1483 1544 1527 [L.
1575 1486 1607 1528 4,
1646 1495 1674 1518 c.
1708 1487 1758 1527 11,
1799 1484 1826 1526 f.
1857 1483 1988 1525 2482]

1430 1539 1532 1572 Nihil
1559 1540 1782 1572 inmaezttatum
1809 1542 1864 1571 est.

1481 2120 1545 2166 [L.
1578 2125 1611 2165 4,
1650 2133 1676 2156 c.
1710 2124 1763 2165 15,
1801 2123 1828 2164 f.
1859 2120 1990 2166 258b:]

1433 2176 1535 2210 Nihil
1570 2180 1617 2209 est
1643 2187 1754 2219 neque
1779 2176 1987 2209 adiunctum

1436 2241 1544 2274 neque
1558 2232 1797 2273 immutatum,
1813 2230 1883 2262 nisi
1896 2229 1990 2272 quod

1430 2294 1500 2326 pro
1516 2294 1602 2326 „per
1620 2284 1862 2326 Germaniam,
1881 2283 1990 2316 Prae-

1429 2338 1587 2380 positum
1610 2334 1891 2369 Prouinm'alenff‘
1919 2336 1990 2369 dic-

1436 2395 1510 2424 tum
1529 2395 1575 2423 est
1594 2391 1649 2432 „in
1670 2390 1866 2423 Germania
1882 2390 1988 2423 Prae·

1433 2445 1587 2488 positum
1615 2441 1915 2477 Prouincialem.“

1691 2728 1717 2758 c)
1737 2728 1906 2753 Postremae
1924 2726 1993 2751 huic

1475 2770 1503 2802 e)
1525 2772 1606 2794 Crux
1627 2770 1655 2794 in
1678 2769 1819 2801 maryine.
1888 2767 1910 2799 f)
1931 2768 1991 2793 Hoc

342 2950 352 2970 ¹
379 2949 518 2984 Bellum
554 2950 789 2994 significatur,
825 2950 919 2994 quod
945 2949 1081 2984 Paulus
1108 2949 1167 2984 IV.
1196 2960 1227 2983 a.
1255 2948 1344 2983 1556
1372 2948 1537 2993 Philippo
1573 2948 1618 2983 11.
1645 2959 1714 2982 non
1749 2947 1826 2981 sine
1860 2956 1992 2989 magna

221 3002 320 3038 urbis
345 3014 515 3037 romanae
540 3004 809 3048 perturbatione
836 3006 872 3038 et
898 3002 1102 3048 pontificiae
1128 3002 1355 3036 auctoritatis
1383 3001 1630 3036 imminutione
1656 3000 1753 3035 fecit.

342 3056 355 3077 ²
380 3056 432 3091 De
458 3056 603 3091 decreto
628 3068 649 3090 a
675 3056 848 3091 facultate
882 3056 1086 3100 theologiae
1112 3055 1300 3100 parisiensi
1328 3066 1360 3089 a.
1381 3055 1472 3089 1555
1499 3057 1624 3089 contra
1650 3053 1866 3088 Societatem
1897 3052 1993 3086 facto

221 3110 266 3144 cf.
290 3111 376 3144 Can.
395 3109 427 3143 V
454 3109 521 3145 607
537 3110 548 3130 ¹
574 3111 610 3144 et
636 3111 855 3154 Fouqueray
880 3109 903 3144 1.
925 3109 989 3144 c.I
1015 3108 1216 3145 207—213.

342 3163 355 3184 ⁸
381 3162 530 3198 Recenti
555 3163 906 3206 negotio—-statim‚
933 3162 1024 3204 ilico,
1051 3162 1086 3196 in
1113 3173 1151 3196 re
1177 3161 1369 3206 praesenti.

1515 3162 1528 3182 ⁴
1556 3160 1776 3196 Goissonius.
