2051 3433
194 137 273 177 174
402 134 504 168 1869.
535 133 602 167 PP.
624 133 718 167 Petr.
740 132 905 167 Canisius
931 134 967 167 et
992 132 1095 177 Alph.
1117 132 1270 167 Pisanus
1298 133 1479 167 Everardo
1506 133 1741 168 Mercuri-ann.

189 252 380 302 arbitrio,
415 252 597 305 alijsque
630 252 824 305 materijs
856 251 935 293 hoc
968 254 1163 305 tempore
1196 252 1502 295 controuersiS.
1550 252 1665 295 Dicit
1688 253 1800 306 quod
1824 266 1955 307 opera

189 318 300 359 bona
333 317 564 371 disponant
595 318 765 359 tantum
800 316 1028 366 hominem,
1063 316 1139 358 sed
1163 330 1246 358 non
1269 320 1518 360 mereantur
1549 317 1684 360 uitam
1717 320 1953 360 aeternam.

189 383 359 425 Asserit
391 396 474 424 non
507 382 664 424 leuiter
696 381 826 423 etiam
859 381 1110 423 iudicandos
1144 385 1188 424 et
1210 381 1460 435 puniendos,
1495 382 1565 436 qui
1599 382 1811 436 prohibito
1845 386 1955 425 tem-

189 462 291 502 pore
315 450 466 489 contra
490 448 629 500 legem
654 446 1004 488 Ecclesiasticam
1030 447 1231 488 carnibus
1254 450 1501 490 uescuntur.
1549 447 1654 490 Vult
1687 448 1956 490 tolerabilius

188 527 283 555 esse
316 513 384 554 die
411 513 523 554 festo
547 512 723 554 Missam
748 511 979 554 intermitti
1002 526 1130 565 quam
1155 512 1413 554 concionem.
1459 514 1714 566 Exaggerat
1738 513 1954 555 hominum

187 578 498 628 infirmitatem,
534 578 784 620 consolatur
805 577 993 619 libenter
1016 580 1279 631 peccatores,
1302 577 1530 631 impugnat
1552 592 1681 633 soepe
1704 578 1957 632 hypocritas

188 647 232 686 et
249 642 579 685 sanctimoniam
599 645 838 685 externam.
875 642 1039 684 Tuetur
1062 656 1327 684 communem
1353 646 1622 685 contractum
1646 643 1955 693 usurariorum,

187 709 311 761 quasi
352 708 527 750 cuilibet
570 707 699 750 liceat
741 722 765 749 a
808 708 1000 760 quolibet
1043 708 1230 761 quinque
1277 722 1352 762 pro
1395 712 1566 750 centum
1609 708 1778 750 ratione
1820 709 1955 751 mutui

187 773 395 828 accipere.
445 774 660 815 Prouocat
683 773 737 814 ad
760 772 961 814 iudicium
986 773 1152 827 populi:
1187 774 1406 826 multaque
1430 773 1515 815 alia
1538 773 1768 816 haereticis
1792 773 1955 816 usitata

186 839 275 881 suis
307 838 504 892 adiungit
527 838 814 889 concionibus,
850 852 960 892 quae
984 837 1253 880 auditoribus
1276 853 1360 880 non
1384 842 1565 892 possunt
1594 853 1678 880 non
1711 853 1805 880 esse
1827 842 1953 892 grata

186 903 266 945 hoc
298 906 494 958 tempore
558 903 680 945 Vnde
722 902 847 945 multi
888 905 1118 957 suspectae
1161 907 1204 946 et
1246 917 1383 945 nouae
1422 903 1643 946 doctrinae
1677 904 1870 945 homines
1903 904 1956 946 ad

186 969 305 1011 illum
330 969 588 1011 audiendum
617 969 851 1018 confluunt,
884 968 955 1021 qui
983 971 1028 1010 et
1054 969 1250 1011 fatentur
1275 983 1322 1011 se
1348 983 1432 1010 non
1461 972 1613 1023 optare
1640 969 1769 1011 alium
1793 968 1829 1010 si
1858 983 1956 1023 pos-

186 1037 285 1077 sent
316 1035 611 1077 Lutheranum
646 1034 794 1077 audire
828 1034 1070 1077 doctorem:
1106 1048 1202 1075 curn
1235 1034 1306 1076 ille
1339 1049 1393 1076 ex
1417 1035 1589 1077 Coruini
1611 1034 1954 1089 Spangenbergij

187 1103 231 1142 et
263 1100 445 1142 aliorum
479 1100 797 1142 haereticorum
831 1099 1045 1154 postillis¹
1077 1113 1179 1141 suas
1204 1099 1430 1141 conciones
1454 1100 1705 1154 depromere
1737 1099 1952 1142 uideatur.

306 1166 366 1208 Vt
398 1180 500 1208 uero
534 1165 690 1208 clarios
722 1167 894 1208 constet
926 1165 1138 1218 quomodo
1162 1179 1208 1206 se
1230 1167 1357 1218 gerat
1379 1165 1446 1207 hic
1469 1165 1609 1207 frater
1631 1179 1726 1207 cum
1751 1164 1952 1207 Patribus

187 1231 417 1273 Societatis
449 1231 568 1281 Jesu,
612 1231 849 1273 notandum
884 1233 951 1273 est
982 1230 1025 1272 in
1059 1230 1222 1284 primiS,
1266 1231 1378 1283 quod
1410 1231 1464 1272 ab
1496 1230 1646 1284 ijsdem
1680 1231 1800 1272 nulla
1832 1230 1874 1272 in
1908 1243 1954 1271 re

186 1294 244 1337 sit
275 1295 495 1348 hucusque
528 1296 685 1345 laesus,
719 1294 804 1336 imo
838 1294 970 1338 etiam
1003 1294 1223 1349 beneficijs
1256 1295 1451 1346 affectus,
1495 1309 1589 1337 cum
1623 1295 1791 1336 illorum
1826 1297 1955 1336 antea

187 1360 422 1415 discipulus
462 1360 595 1402 fuerit
635 1360 677 1402 in
720 1360 868 1402 schola
900 1359 1248 1413 Jngolstadiana.
1300 1360 1534 1402 Praeterea
1575 1360 1676 1403 dicti
1720 1360 1872 1402 Patres
1914 1359 1954 1400 in

186 1426 274 1468 suis
307 1426 582 1468 concionibus
614 1429 708 1469 toto
740 1440 853 1468 anno
887 1429 932 1468 et
962 1425 1121 1468 diutius
1154 1429 1376 1475 cauerunt,
1420 1428 1467 1468 ut
1499 1425 1602 1468 licet
1635 1427 1686 1467 ab
1720 1426 1793 1467 illo
1826 1438 1957 1479 soepe

187 1495 543 1545 oppugnarentur
585 1495 629 1534 et
669 1491 711 1533 in
747 1491 864 1545 uulgi
898 1491 1040 1533 odium
1075 1492 1446 1545 pertraherentur,
1488 1491 1591 1533 nihil
1625 1495 1770 1534 tamen
1804 1491 1859 1532 ad
1891 1490 1955 1531 sui

188 1557 481 1599 defensionem
516 1560 560 1599 et
591 1557 705 1599 illius
738 1557 937 1598 iniuriam
972 1557 1209 1599 adferrent.
1260 1557 1344 1599 Sed
1376 1561 1420 1600 et
1444 1556 1602 1599 Rector
1626 1556 1802 1610 Collegi-j
1829 1555 1957 1598 Oeni-

187 1623 396 1676 pontani2
429 1623 659 1676 aliquoties
691 1623 803 1664 hunc
829 1622 1033 1668 ‘Fratrem
1068 1621 1228 1672 inuisit,
1263 1622 1572 1664 humanissime
1606 1636 1701 1664 cum
1733 1621 1806 1663 iilo
1839 1624 1958 1664 trac-

187 1688 313 1738 tauit,
349 1688 401 1730 de
423 1687 725 1742 praesentibus
758 1687 977 1730 scandalis
1011 1690 1054 1729 et
1086 1687 1367 1729 incommodis
1390 1687 1593 1729 cauendis
1616 1687 1752 1729 amice
1776 1686 1955 1736 monuit,

188 1753 420 1806 multisque
462 1753 598 1795 modis
639 1753 758 1795 illum
802 1752 968 1795 studuit
1010 1752 1216 1795 Societati
1260 1753 1503 1796 conciliare.
1552 1752 1842 1794 Nihilominus
1884 1752 1956 1793 ille

187 1818 373 1872 priorem
408 1818 741 1861 amarulentiam
776 1833 881 1873 prae
913 1832 959 1860 se
991 1818 1107 1860 ferre
1141 1818 1295 1872 pergit,
1330 1820 1374 1861 et
1406 1818 1552 1860 multis
1585 1818 1785 1872 conuitijs
1809 1817 1954 1860 Socie-

186 1887 324 1926 tatem
343 1884 538 1938 aspergit
551 1885 579 1934 3,
604 1898 654 1926 ac
672 1884 763 1926 eius
781 1883 1148 1926 existimationem
1173 1884 1292 1925 uelut
1314 1886 1492 1938 apertus
1517 1883 1652 1925 hostis
1674 1882 1955 1936 labefactare,

186 1949 425 2003 horumque
449 1950 627 1992 Patrum
650 1949 898 1992 institutum
923 1949 1150 2002 exagitare
1174 1949 1407 1992 contendit.
1459 1949 1618 2003 Obijcit
1650 1948 1735 1990 illis
1767 1948 1953 1990 studium

187 2015 344 2056 artium
391 2017 436 2057 et
478 2014 780 2069 Philosophiae
822 2014 935 2067 quod
980 2014 1023 2055 in
1064 2014 1222 2056 scholis
1263 2016 1541 2069 profitentur,
1589 2016 1717 2056 taxat
1761 2012 1958 2055 aedificia

188 2080 498 2133 Collegiorum,
543 2081 665 2122 uelut
703 2080 878 2121 nimium
921 2082 1175 2133 sumptuosa
1216 2082 1260 2122 et
1300 2079 1508 2130 illustria,
1555 2079 1658 2121 dicit
1700 2077 1959 2120 Germaniae

187 2147 372 2189 salutem
391 2160 416 2187 a
435 2146 604 2199 magnis
623 2145 825 2201 Collegijs
848 2147 893 2187 et
915 2145 1071 2186 scholis
1094 2159 1177 2186 non
1202 2146 1401 2199 pendere,
1426 2145 1640 2187 Christum
1660 2147 1704 2186 et
1722 2143 1956 2198 Apostolos

187 2211 380 2252 homines
404 2211 537 2252 fuisse
560 2210 651 2252 sine
674 2210 826 2260 literis,
853 2211 890 2252 Sv
914 2210 1190 2252 Franciscum
1215 2224 1366 2264 parum
1389 2210 1644 2252 literaturae
1667 2213 1711 2252 et
1734 2208 1956 2250 doctrinae

187 2276 403 2325 tribuisse,
446 2275 737 2330 simplicitatis
779 2279 924 2318 autem
967 2275 1109 2317 studio
1143 2275 1412 2318 excelluisse.
1463 2275 1696 2329 Oppugnat
1727 2273 1956 2328 priuilegia

187 2341 430 2392 Societatis,
475 2355 584 2394 quae
617 2341 822 2383 Parochis
863 2344 908 2383 et
947 2340 1214 2382 secularibus
1255 2341 1551 2383 sacerdotibus
1590 2340 1738 2382 odiosa
1775 2338 1958 2381 reddere

188 2410 382 2457 conatur,
417 2407 673 2460 praesertim
708 2407 822 2448 circa
848 2420 971 2448 usum
995 2407 1389 2448 Sacramentorum.
1439 2406 1501 2447 Eo
1525 2406 1729 2459 produxit
1752 2404 1953 2458 populum

188 2475 235 2515 ut
266 2472 516 2525 intelligant
549 2485 697 2513 omnes
730 2472 784 2513 ad
808 2471 1070 2514 Societatem
1097 2472 1264 2521 referri,
1299 2471 1410 2525 quod
1445 2475 1597 2513 contra
1628 2469 1879 2524 hypocritas
1912 2471 1956 2511 et-

186 2538 350 2591 templa
381 2537 609 2591 angularia
642 2537 753 2579 solet
785 2537 971 2587 adferre,
1007 2537 1205 2590 quodque
1238 2537 1439 2591 proponit
1477 2536 1528 2578 de
1566 2534 1954 2590 pseudoprophetis

186 2602 229 2644 in
253 2602 409 2644 Christi
431 2602 601 2644 nomine
624 2602 821 2645 uenturis
834 2604 862 2652 4,
888 2602 978 2644 siue
1001 2602 1087 2644 sint
1110 2602 1209 2652 albi,
1244 2604 1292 2643 ut
1314 2601 1517 2654 loquitur,
1546 2601 1637 2643 siue
1660 2600 1770 2654 nigri
1795 2598 1957 2641 ordinis

187 2671 263 2710 aut
296 2668 539 2711 SocietatiS.
590 2668 930 2709 Praemonuerat
964 2667 1183 2709 auditores
1215 2681 1262 2708 se
1294 2667 1438 2721 palam
1474 2666 1700 2716 dicturum,
1746 2678 1952 2718 quosnam

188 2736 357 2786 peteret
400 2736 445 2775 et
489 2736 773 2786 oppugnaret.
825 2732 1016 2774 Tandem
1062 2732 1104 2773 in
1149 2731 1494 2774 Circumcisionis
1535 2731 1707 2773 Domini
1751 2730 1849 2772 die⁵
1893 2729 1954 2771 sic

187 2798 379 2840 ,Jesuitas
413 2798 683 2852 perstrinxit,
717 2801 766 2840 ut
798 2798 1011 2841 sentirent
1034 2811 1182 2840 omnes
1205 2797 1259 2839 ad
1284 2796 1544 2839 Societatem
1578 2796 1827 2849 frequentes
1859 2794 1953 2836 eius

312 2925 320 2944 ¹
347 2925 399 2959 De
426 2925 580 2970 postillis
607 2925 752 2959 Antonii
781 2924 924 2959 Corvini
953 2924 1078 2969 (Rabe,
1109 2923 1302 2967 Rabener),
1338 2923 1479 2957 Ioannis
1506 2921 1773 2968 spangenberg,
1811 2921 1952 2966 Cyriaci

187 2978 446 3023 Spangenberg
473 2989 505 3013 v.
537 2980 623 3013 Can.
648 2978 694 3012 lV
722 2978 827 3012 672⁷.
1044 2978 1057 2998 ²
1083 2977 1122 3011 P.
1143 2977 1377 3011 Wendelinus
1400 2975 1527 3010 V'olck.

307 3033 320 3052 ³
346 3032 384 3065 ln
420 3031 552 3066 litteris
583 3032 627 3066 ad
655 3031 885 3065 Melchiorem
913 3031 955 3065 de
983 3031 1087 3065 Fabri
1123 3031 1217 3065 datis
1249 3030 1465 3065 Societatem
1493 3030 1573 3063 lesu
1604 3029 1793 3070 ,sectam“,
1831 3027 1952 3062 Socios

192 3085 427 3126 „Heuchler“,
459 3084 664 3126 „diekischo
682 3085 907 3127 Fi'ichslein“,
934 3084 1199 3126 ,Luziferische
1217 3084 1370 3128 geister“
1394 3083 1539 3117 vocavit
1560 3084 1675 3125 (chny
1693 3081 1714 3115 l.
1734 3093 1763 3116 c.
1788 3080 1952 3124 11-24).

307 3141 318 3158 ⁴
347 3139 398 3173 Cf.
426 3138 481 3172 Mt
507 3139 561 3179 24,
589 3139 609 3171 5
640 3139 679 3172 11
710 3139 773 3182 24;
803 3139 818 3172 1
850 3139 886 3173 10
912 3140 944 3180 4,
976 3139 1003 3172 l.
1113 3138 1126 3157 ⁵
1154 3136 1324 3171 Kalendis
1351 3136 1526 3170 Ianuariis
1553 3147 1583 3171 a.
1608 3136 1706 3170 1574.
