2051 3433
1030 719 1105 762 III.

355 801 665 857 'FABULAE
704 782 1244 855 CHRONOLOGIGAE
1283 798 1492 853 VITAE
1530 798 1780 855 CANISII

562 893 617 933 ab
651 895 684 932 1.
706 892 909 932 Ianuarii
940 892 1042 931 1572
1073 891 1127 931 ad
1158 892 1197 931 2.
1221 891 1422 930 Ianuarii
1454 892 1569 931 1581.

305 997 401 1038 Quae
419 996 468 1029 ad
485 996 597 1028 libros
619 994 757 1027 Cunissa?
777 999 806 1026 et
827 994 874 1026 ad
897 994 1028 1025 similes
1054 1004 1108 1025 res
1135 993 1332 1025 litterariae
1357 999 1523 1036 spectant,
1552 995 1701 1027 curse'm's
1725 995 1795 1027 sive
1819 995 1950 1029 italicis

181 1051 311 1083 litteris
336 1050 512 1092 descripta
539 1053 630 1081 sunt.

301 1103 470 1136 Numerts
506 1102 606 1134 umis
641 1100 800 1143 inclusis,
836 1102 898 1143 qm*
931 1100 1082 1142 sinyulis
1116 1102 1296 1132 sententiis
1321 1100 1518 1141 adduntur,
1554 1100 1792 1144 siym'ficatur,
1827 1102 1951 1145 quibus

179 1158 402 1200 potissimum
429 1156 515 1189 libri
536 1155 684 1198 payinis
708 1154 847 1197 sinyula
874 1154 973 1195 faeta
1000 1154 1175 1196 copiosius
1202 1157 1410 1187 narrentur.

304 1210 340 1243 C.
368 1223 411 1238 --
440 1210 619 1250 canisius,
649 1207 787 1241 Canisz'e'
813 1212 870 1240 etc.

233 1286 322 1320 1572

234 1459 322 1494 1572
372 1424 374 1473 Ξ

212 1575 321 1616 1572

233 2044 323 2080 1572
373 2024 375 2074 ἶ

232 2205 322 2240 1572
373 2184 374 2189 ’

233 2287 326 2347 1572¹
373 2317 374 2323 ¹

233 2478 323 2513 1572

234 2638 322 2672 1572
372 2633 374 2673 ἓ

235 2797 323 2831 1572

234 2903 324 2937 1572
373 2914 374 2917 ’

233 3009 324 3044 1572

234 3115 325 3149 1572

503 1571 633 1613 Initio

503 2047 574 2080 Ian.
600 2046 633 2079 4.

507 2208 580 2243 Ian.
605 2209 626 2243 6

442 2317 514 2351 Ian.
542 2318 687 2351 ineunte

460 2370 519 2405 vel
545 2370 673 2404 medio.

490 2638 564 2672 Ian.
589 2638 642 2673 13.

492 2799 565 2833 lan.
586 2798 643 2833 20.

492 2905 564 2939 Ian.
586 2904 642 2938 27.

497 3010 579 3044 Feb.
605 3010 636 3044 2.

501 3116 580 3151 Feb.
606 3116 636 3151 3.

777 1285 906 1317 Lcm'ne
924 1284 1042 1316 editur
1064 1284 1203 1317 Canise'i
1223 1284 1384 1327 „Parrus
1405 1283 1644 1316 Cam-hismus
1664 1284 1948 1319 Catholicorwn“

837 1338 1057 1379 Aunes-slavi,
1088 1339 1310 1380 Antrerpiae,
1350 1338 1525 1380 Dilinyae,
1561 1336 1755 1380 „Snmma“
1784 1339 1951 1383 De'linyae

840 1390 954 1431 (6091.

776 1456 945 1498 Dilinfsae
975 1456 1100 1499 prodit
1138 1457 1196 1492 (ut
1222 1456 1381 1496 videtur)
1420 1466 1506 1488 nora
1539 1457 1645 1489 editio
1674 1457 1848 1499 „Hortulz'
1873 1459 1951 1490 am·-

836 1507 1000 1543 marunst
1015 1511 1213 1552 yermam'cz'
1229 1514 1269 1549 (a
1290 1509 1324 1542 C.
1339 1510 1498 1552 primum
1520 1521 1552 1543 α.
1568 1512 1658 1543 1563
1677 1511 1814 1551 curati)
1837 1510 1950 1551 (643).

776 1575 972 1617 Canisius
995 1574 1232 1629 Oeniponte
1266 1575 1357 1627 agit
1391 1575 1739 1617 concionatorem
1765 1576 1950 1618 aulicum

835 1640 1098 1682 Ferdinandi
1114 1640 1163 1682 ΙΙ.
1182 1639 1445 1689 archiducis;
1465 1641 1688 1683 consultor
1702 1654 1870 1694 quoque
1885 1645 1953 1684 est

837 1706 881 1748 Ρ.
911 1706 1079 1748 Hoffaei
1113 1705 1392 1760 provincialis
1427 1705 1685 1748 Germaniae
1718 1706 1952 1760 superioris

836 1775 881 1813 et
915 1771 960 1815 P.
987 1771 1166 1814 Pastelii
1208 1770 1391 1813 rectoris
1433 1771 1604 1824 collegii
1649 1770 1950 1825 oenipontani;

836 1851 861 1879 a
897 1836 937 1880 S.
966 1837 1039 1879 Pio
1067 1837 1114 1880 V.
1150 1838 1302 1879 contra
1335 1835 1660 1879 Centuriatores
1692 1837 1951 1891 Magdebur-

836 1915 994 1955 genses
1037 1902 1227 1944 scribere
1267 1901 1422 1952 iussus,
1466 1901 1620 1943 librum
1656 1902 1708 1943 de
1741 1901 1788 1945 B.
1813 1903 1953 1945 Maria

838 1966 1020 2020 Virgine
1051 1970 1180 2021 parat
1212 1968 1256 2020 (2
1291 1968 1316 2008 8
1352 1966 1469 2020 612).

776 2042 887 2076 Terra
919 2045 1023 2076 nocte
1059 2042 1223 2087 proxima
1250 2041 1481 2076 vehementer
1516 2053 1690 2077 concussa
1717 2042 1754 2078 C.
1782 2054 1845 2088 pro
1873 2055 1952 2078 con-

836 2097 933 2130 tione
970 2095 1068 2136 dicit,
1105 2095 1189 2140 quid
1217 2107 1258 2129 ea
1286 2096 1328 2130 de
1354 2108 1392 2129 re
1427 2096 1653 2130 sentiendum
1687 2099 1723 2130 et
1750 2097 1952 2131 faciendum

836 2150 883 2184 sit
913 2149 1028 2192 (612).

777 2203 843 2237 Die
871 2202 1093 2248 Epiphaniae
1119 2202 1155 2236 in
1181 2203 1315 2248 templo
1337 2202 1371 2237 S.
1392 2202 1517 2238 Crucis
1544 2203 1631 2237 dicit
1658 2203 1700 2238 de
1726 2204 1844 2247 gratia
1870 2203 1953 2239 fidei

757 2257 758 2260 ’
837 2259 872 2291 et
899 2257 941 2291 de
970 2256 1112 2291 Christo
1139 2256 1346 2301 quaerendo
1373 2259 1481 2301 atque
1506 2256 1713 2291 honorando
1741 2257 1856 2301 (613).

776 2316 864 2351 Lud.
893 2316 1096 2350 Madrutius
1132 2316 1325 2350 cardinalis
1355 2316 1586 2351 Tridentinus
1622 2316 1802 2352 canisium
1839 2321 1953 2361 rogat,

836 2373 877 2405 ut
903 2371 996 2405 inter
1015 2382 1054 2405 se
1081 2373 1117 2404 et
1143 2370 1407 2405 Ferdinandum
1428 2371 1469 2404 ll.
1489 2370 1714 2405 archiducem
1743 2371 1786 2405 de
1804 2370 1953 2416 imperio

757 2436 758 2460 1
837 2424 936 2459 civili
962 2424 1150 2466 litigantes
1176 2435 1301 2468 pacem
1328 2426 1516 2469 componat
1546 2424 1635 2467 (11).

409 2477 511 2512 Circa
538 2477 629 2512 med.
648 2478 722 2512 Ian.
776 2478 816 2512 In
843 2477 1106 2523 supplicatione
1132 2480 1276 2522 propter
1302 2481 1420 2512 terrae
1447 2479 1566 2512 motus
1592 2477 1757 2512 instituta
1784 2477 1821 2513 C.
1845 2489 1952 2524 popu-

836 2531 921 2573 lum,
959 2534 999 2566 ut
1025 2531 1138 2565 Deum
1165 2532 1293 2565 timeat
1319 2535 1355 2565 et
1380 2543 1496 2565 mores
1531 2531 1707 2571 emendet,
1743 2531 1954 2566 exhortatur

776 2637 878 2673 Dom.
898 2639 924 2673 1.
952 2642 1033 2684 post
1060 2638 1187 2683 Epiph.
1208 2639 1243 2672 in
1271 2638 1405 2682 templo
1432 2637 1467 2673 S.
1489 2637 1614 2672 Crucis
1641 2638 1684 2672 de
1709 2637 1831 2673 liberis
1857 2642 1954 2673 reete

836 2692 1032 2726 educandis
1068 2695 1104 2726 et
1131 2693 1173 2726 de
1199 2693 1335 2737 pietate
1361 2694 1520 2736 tempore
1556 2692 1801 2727 concussionis
1836 2695 1953 2726 terrae

837 2745 1072 2790 singulariter
1099 2745 1247 2779 colenda
1273 2745 1361 2779 dicit
1389 2745 1472 2786 (613
1499 2744 1597 2787 629).

777 2799 879 2833 Dom.
906 2799 948 2833 ΙΙ.
977 2811 1010 2844 p.
1038 2799 1102 2844 Ep.
1130 2799 1260 2833 ibidem
1297 2798 1526 2841 evangelium
1554 2798 1623 2832 diei
1659 2798 1855 2843 explicans,
1890 2799 1953 2834 im-

837 2853 963 2897 primis
981 2852 1025 2886 de
1046 2852 1211 2896 coniugio
1238 2855 1335 2886 recte
1354 2851 1574 2886 instituendo
1592 2852 1818 2886 contionatur
1839 2852 1950 2896 (614).

778 2905 878 2940 Dom.
906 2905 967 2940 III.
996 2917 1029 2951 p.
1050 2905 1113 2950 Ep.
1142 2905 1271 2940 ibidem
1299 2916 1436 2938 morum
1465 2905 1747 2939 emendationem
1775 2917 1819 2939 ex
1846 2917 1952 2940 evan-

837 2958 931 3002 gelio
958 2959 1027 2993 diei
1054 2962 1091 2993 et
1117 2971 1162 2993 ex
1190 2958 1362 3003 principis
1388 2957 1557 2992 mandato
1585 2958 1809 2992 commendat
1838 2959 1952 3002 (614).

778 3011 844 3046 Die
872 3012 1140 3047 purificationis
1167 3012 1206 3045 B.
1226 3012 1272 3045 M.
1293 3010 1336 3045 V.
1362 3011 1490 3045 ibidem
1519 3010 1561 3044 de
1589 3011 1658 3045 diei
1685 3012 1778 3046 sacri
1804 3013 1951 3053 ratione,

836 3065 879 3099 de
907 3066 983 3100 eius
1011 3065 1213 3108 evangelio,
1242 3065 1284 3098 de
1312 3064 1388 3098 eius
1415 3064 1649 3099 caeremoniis
1676 3065 1760 3099 dicit
1790 3066 1903 3109 (614).

756 3093 758 3159 i
778 3117 878 3152 Dom.
900 3118 1070 3163 Septuag.
1090 3118 1220 3152 ibidem
1240 3117 1282 3150 de
1309 3117 1475 3161 operibus
1494 3117 1537 3151 ad
1559 3117 1713 3152 salutem
1740 3119 1952 3154 necessariis

757 3164 758 3199 l
837 3171 1065 3205 contionatur
1093 3171 1207 3213 (614).
