2062 3443
139 164 245 200 2009.
273 163 438 198 Canisius
458 163 640 198 Everardo
659 164 894 198 Mercuriano.
934 165 1100 207 Augusta
1119 163 1385 199 Vindelicorum
1413 166 1465 200 12.
1485 166 1570 211 Apr.
1593 165 1693 200 1578.
1730 169 1815 209 445

43 281 206 325 diutius
248 283 465 336 degerem,
508 285 584 325 aut
627 286 745 325 certe
787 284 866 324 sub
899 283 1148 325 Aduentum
1192 283 1350 325 domini
1385 287 1643 326 reuerterer.
1707 284 1815 326 Tum

45 347 291 390 admonitus
334 362 359 390 a
401 348 561 390 nostris
603 348 784 398 curauit,
829 347 1038 401 quosdam
1082 348 1245 390 aulicos
1288 350 1341 391 ad
1385 348 1571 390 officium
1607 349 1815 393 reuocari.

45 412 230 455 'I'urcam
263 413 478 466 quendam
517 427 594 466 per
626 427 705 454 nos
737 413 995 454 instructum
1029 413 1281 455 solemniter
1313 416 1357 455 et
1388 414 1558 467 publice
1591 414 1815 467 baptizari,

45 491 156 530 quae
198 491 267 519 res
308 478 511 532 populum
555 477 675 519 illum
709 478 835 519 ualde
869 478 1103 520 commouit
1136 479 1214 519 ob‘*
1246 479 1473 522 adiunctas
1507 479 1816 529 ce1·emonias¹,

44 556 96 585 ac
129 546 359 597 praeterea
391 542 700 596 ‹Indulgentias
734 542 976 597 peculiares
1009 557 1104 584 cum
1144 543 1351 585 bonorum
1387 543 1576 585 omnium
1610 544 1816 597 singulari

44 608 342 650 consolatione
367 610 410 650 et
442 608 659 661 frequenti
694 607 913 649 hominum
938 610 1064 649 coetu
1088 608 1299 661 publicari
1323 612 1367 651 et
1388 609 1565 663 accipi2.
1612 609 1817 651 Curatum

43 675 113 715 est
145 672 334 727 insuper,
368 676 416 715 ut
449 687 586 715 nouas
620 675 665 715 et
697 672 889 726 ampliss.
947 673 1255 726 Jndulgentias
1288 688 1364 727 pro
1398 688 1482 715 uno
1517 676 1647 727 atque
1680 675 1819 716 altero

44 738 260 780 Bauariae
282 738 459 792 templo,
495 738 607 791 quod
632 752 656 779 a
680 738 920 791 peregrinis
944 738 1094 779 crebro
1117 738 1359 788 inuisitur³=‚
1393 753 1418 780 a
1443 738 1818 781 Reuerendissimo

46 803 98 845 D.
129 803 294 845 Nuntio
336 803 636 857 impetraret4.
702 803 796 855 Ego
840 805 1012 845 tantum
1055 803 1231 845 uirtutis
1274 808 1318 846 ct
1350 807 1577 858 spectatae
1618 803 1822 858 pietatis¹'

43 869 88 910 in
122 868 202 910 hoc
236 868 449 922 Principe,
493 870 702 921 quantum
737 868 779 909 in
811 870 907 911 tota
941 868 1174 910 Germania
1208 883 1434 921 nusquam,
1469 869 1679 923 comperi:
1714 870 1822 912 adeo

44 933 182 974 sacris
231 934 360 975 rebus
408 936 453 975 et
500 932 729 974 charitatis
776 927 1185 986 misericordiaeque
1231 934 1433 987 operibus
1476 949 1598 976 suam
1644 948 1820 988 operam

45 999 240 1052 praebet.
303 998 428 1040 Vnde
471 998 621 1052 paucis
664 998 899 1040 comitatus
940 999 1104 1052 templa
1146 1000 1413 1052 frequenter,
1456 999 1569 1042 sicut
1611 1003 1654 1042 et
1686 1014 1822 1042 xeno-

43 1063 200 1105 dochia
233 1066 277 1106 et
309 1063 506 1118 priuatas
533 1066 811 1116 aegrotorum
838 1063 969 1105 aedes
991 1063 1152 1112 muisis,
1189 1064 1496 1106 decumbentes
1521 1068 1565 1108 et
1587 1065 1822 1107 morientes

45 1128 247 1171 hortatur
279 1131 324 1171 et
357 1129 621 1178 consolatur,
656 1128 908 1171 sacerdotes
941 1129 1072 1183 officij
1107 1129 1173 1171 sui
1206 1130 1423 1180 admonet,
1459 1130 1623 1171 nullum
1656 1131 1699 1172 in
1723 1131 1823 1174 aula

44 1193 310 1236 haereticum
344 1193 445 1244 fert,
485 1208 511 1235 a
544 1193 668 1235 uanis
702 1197 748 1236 et
779 1193 959 1248 impuris
992 1194 1240 1248 Principum
1275 1195 1392 1249 uitijs
1425 1195 1604 1245 alienus,
1648 1195 1691 1237 in
1726 1209 1823 1250 pre-

39 1259 182 1301 cando
224 1259 413 1309 sedulus
457 1263 501 1302 et
543 1259 613 1312 qui
657 1260 828 1300 demum
874 1259 1066 1301 eiusdem
1108 1260 1287 1314 pietatis
1321 1260 1648 1303 aemulatricem
1691 1261 1824 1304 habet

42 1324 272 1378 coniugem
306 1324 588 1378 Lotoringam
605 1326 634 1374 ὅ,
681 1338 863 1377 quacum
909 1338 1040 1379 saepe
1082 1325 1259 1368 Rectori
1302 1329 1453 1367 nostro
1495 1326 1824 1368 Monachicnsi6

40 1389 158 1432 solet
190 1389 399 1432 confiteri.
453 1389 597 1438 Quare
629 1393 720 1432 tam
752 1403 852 1432 raro
887 1404 1014 1443 quam
1050 1391 1274 1444 praeclaro
1309 1391 1496 1445 Principi
1529 1406 1613 1433 non
1648 1406 1821 1446 possum

45 1468 130 1496 non
163 1454 326 1504 fauere,
361 1458 405 1497 et
437 1469 514 1508 pro
549 1469 632 1507 quo
656 1455 702 1498 P.
723 1455 774 1497 V.
800 1468 951 1508 preces
985 1455 1130 1497 offerri
1164 1455 1336 1497 domino
1370 1457 1501 1499 etiam
1526 1460 1658 1510 atque
1691 1458 1824 1500 etiam

44 1533 164 1573 rogo.
229 1520 438 1562 Testatur
479 1520 592 1562 enim
634 1533 680 1562 se
714 1520 946 1562 Societatis
987 1525 1166 1563 nostrae
1206 1521 1374 1563 meritis
1416 1525 1460 1564 et
1500 1523 1825 1576 precationibus

44 1585 311 1639 permultum
343 1585 490 1636 fidere,
525 1587 570 1628 et
601 1585 668 1626 his
701 1585 891 1628 maxime
924 1599 1047 1627 suam
1080 1586 1265 1629 salutem
1299 1586 1419 1641 cupit
1444 1588 1750 1632 commendari.

166 1650 318 1692 Visum
352 1654 420 1693 est
452 1653 597 1693 autem
630 1650 706 1702 illi,
742 1655 790 1693 ut
815 1651 865 1692 R.
891 1650 936 1693 P.
963 1651 1249 1694 Prouintiali7
1281 1652 1493 1704 quaedam
1527 1667 1826 1708 proponerem,

48 1718 96 1758 et
127 1715 196 1757 hic
229 1716 383 1758 deinde
415 1715 554 1766 iussit,
589 1719 638 1758 ut
670 1716 820 1758 eadem
856 1716 1003 1770 capita
1035 1717 1172 1759 literis
1205 1717 1261 1759 ad
1284 1718 1329 1760 P.
1355 1718 1403 1760 T.
1428 1718 1543 1761 datis
1569 1721 1826 1773 repeterem.

0 1810 1 1813 η
49 1784 291 1834 meamque
311 1782 364 1823 de
397 1781 482 1823 illis
515 1781 777 1824 sententiam
811 1781 938 1823 simul
972 1782 1251 1836 explicarem.
1308 1783 1496 1825 Primum
1530 1784 1611 1826 hoc
1643 1799 1719 1826 suo
1754 1800 1827 1827 no-

50 1846 166 1888 mine
198 1847 411 1901 postulari
439 1847 590 1896 uoluit,
624 1849 673 1889 ut
695 1846 924 1889 Aduentus
949 1849 993 1889 et
1015 1847 1385 1901 Quadragesimae
1417 1852 1613 1903 tempore
1646 1851 1828 1904 posthac

46 1925 281 1965 numquam
331 1912 640 1954 concionatore
685 1912 872 1965 quodam
918 1926 941 1953 e
989 1912 1149 1955 nostris
1198 1913 1524 1965 destitueretur,
1571 1916 1829 1969 ubicumque

167 1998 195 2028 a)
218 1999 265 2023 Sic
286 2000 314 2023 C.
336 2000 464 2024 correxi!
485 2007 521 2023 ea·
541 1998 588 2024 ad.
674 1998 705 2030 b)
727 2001 773 2024 Ita
795 2000 824 2025 C.
843 2000 972 2024 cori-esic
993 2007 1029 2024 ea:
1049 1999 1080 2024 et
1100 1999 1258 2032 spectatis.

176 2093 184 2112 ¹
210 2093 316 2126 Hunc
343 2095 408 2126 aut
434 2092 590 2127 Sabbato
617 2095 744 2128 sancto
774 2093 846 2136 (29.
866 2093 1004 2135 Martii)
1035 2105 1098 2138 pro
1123 2095 1237 2128 veteri
1265 2095 1440 2130 ecclesiae
1466 2107 1574 2137 more,
1602 2098 1665 2130 aut
1690 2107 1760 2129 uno
1787 2108 1832 2130 ex

48 2145 224 2191 proximis
251 2145 377 2180 diebus
404 2146 635 2191 paschalibus
665 2148 701 2188 (a
720 2147 909 2187 Canisio‘?)
937 2147 1160 2191 baptizatum
1189 2159 1268 2182 esse
1287 2149 1436 2183 dixeris.
1470 2149 1562 2183 Vide
1589 2149 1699 2184 etiam
1725 2149 1831 2198 infra,

50 2210 207 2233 monum.
236 2199 336 2234 1169.

170 2252 183 2272 ²
210 2251 394 2294 Quomodo
422 2252 591 2296 Canisius
617 2253 863 2296 indulgentias
891 2253 972 2287 illas
1008 2254 1258 2299 promulgarit,
1294 2255 1377 2289 vide
1404 2256 1508 2296 infra,
1544 2268 1699 2290 monum.
1729 2256 1831 2291 1228.

46 2305 201 2340 Turcam
231 2305 331 2339 illum
370 2317 439 2340 non
466 2306 580 2340 solum
614 2306 870 2348 ⁷,instructum'‘
901 2318 980 2341 esse
1007 2319 1027 2341 a
1055 2308 1208 2348 CanisiO,
1245 2308 1308 2342 sed
1335 2309 1556 2354 baptizatum
1585 2321 1726 2354 quoque
1753 2321 1833 2344 esse

48 2359 92 2394 ab
119 2359 253 2400 eodem,
290 2362 326 2393 et
356 2360 492 2404 „ipsum
522 2359 727 2394 Canisium²⁴
759 2360 1005 2403 indulgentias
1032 2361 1115 2395 illas
1149 2364 1224 2395 tum
1252 2363 1467 2403 impetrasse
1494 2374 1515 2397 a
1540 2363 1665 2397 nuntio
1692 2366 1833 2408 aposto-

48 2411 129 2454 lico,
155 2415 232 2446 tum
265 2413 478 2456 „magnifice
505 2413 775 2457 pioniulgass&
806 2416 932 2448 narrat
959 2416 1159 2449 Sca-chinus
1185 2414 1206 2449 l.
1227 2427 1257 2450 c.
1286 2415 1374 2455 295;
1403 2427 1494 2459 quae
1522 2416 1615 2450 unde
1642 2418 1832 2462 acceperit,

48 2466 181 2500 nescio.
225 2465 318 2500 Vide
345 2466 453 2500 etiam
482 2478 534 2507 ea,
563 2478 654 2510 quae
682 2467 847 2501 dicentur
873 2467 977 2509 infra,
1006 2480 1161 2503 monum.
1185 2469 1287 2503 1228.

169 2520 182 2539 ³
208 2518 512 2563 Significanturne
531 2520 667 2564 templa
679 2521 716 2555 B.
730 2520 778 2555 M.
794 2521 1075 2564 V.0tti11ganum
1097 2525 1132 2555 et
1150 2522 1474 2556 tuntenhusianum
1498 2523 1556 2565 (de
1575 2523 1706 2567 quibus
1724 2535 1834 2569 supra

48 2583 81 2616 p.
109 2571 174 2606 381
206 2573 324 2615 382)‘.>
377 2574 578 2607 Sao-chinus
605 2575 701 2607 certe
731 2574 768 2616 (l.
790 2585 820 2608 c.
848 2574 933 2617 295)
965 2576 1015 2608 ita
1046 2575 1233 2619 „opinatus
1260 2577 1350 2609 est‘.

172 2627 185 2646 4
212 2625 512 2660 Bartholomaeus
535 2627 668 2667 Fortia,
697 2629 853 2661 exeunte
880 2639 911 2661 a.
934 2628 1024 2661 1577
1052 2628 1272 2672 apostolicus
1299 2629 1343 2662 ad
1363 2629 1591 2674 Rudolphum
1610 2631 1654 2664 ΙΙ.
1683 2630 1835 2675 impera-

48 2682 162 2712 torem
189 2680 339 2713 nuntius
366 2680 579 2721 destinatus,
617 2692 661 2713 ex
698 2681 845 2723 regione
871 2682 1031 2715 rhenana
1065 2682 1210 2715 ineunte
1238 2683 1369 2716 Martio
1400 2683 1490 2717 1578
1516 2683 1746 2717 Monachium
1775 2685 1834 2718 ad-

49 2732 168 2773 venit;
197 2733 291 2767 unde
311 2744 391 2766 cnm
419 2733 525 2778 paulo
544 2737 625 2778 post
643 2734 676 2767 4.
696 2734 833 2779 Aprilis
859 2734 1007 2775 abisset,
1035 2735 1090 2768 21.
1112 2735 1247 2779 Aprilis
1265 2735 1515 2771 vindobonam
1535 2738 1637 2771 venit
1659 2737 1834 2782 (Hansefn,

49 2784 159 2819 Nunt.
186 2785 201 2819 I
228 2786 249 2820 8
277 2786 297 2820 9
325 2787 548 2829 250-257).

170 2839 183 2858 ⁵
210 2839 400 2879 Renatam‚
429 2840 547 2874 Caroli
567 2840 628 2875 111.
650 2840 906 2884 Lotharingiae
935 2842 1036 2876 ducis
1062 2853 1232 2884 sororem,
1260 2854 1304 2877 ex
1331 2843 1524 2878 Francisco
1552 2843 1642 2878 duce
1669 2846 1705 2879 et
1733 2844 1833 2879 Chri-

50 2892 175 2926 stiana
202 2892 339 2926 Daniae
365 2894 463 2937 regis
490 2893 563 2927 filia
590 2897 816 2938 prognatam.

171 2945 184 2965 ⁶
211 2945 252 2979 P.
280 2946 465 2980 Dominico
492 2947 682 2990 Mengino;
720 2948 760 2985 is.
789 2959 834 2982 ex
861 2948 1016 2983 dioecesi
1043 2948 1193 2983 tullensi
1232 2949 1349 2990 (Toul,
1381 2950 1416 2985 in
1444 2950 1695 2996 Lotharingia)
1724 2954 1836 2994 ortus,

50 2996 214 3040 linguam
241 2998 410 3041 gallicam
438 3002 544 3033 norat
573 3000 863 3041 (Can.11151⁸;
892 3001 942 3034 Vl
973 3002 1093 3044 196⁹).
1136 3002 1189 3036 De
1217 3002 1505 3044 difficultatibus,
1533 3015 1624 3048 quas
1642 3005 1837 3048 Menginus

53 3061 86 3084 a.
108 3051 354 3091 1567—1578,
382 3063 464 3085 cum
492 3052 601 3086 simul
620 3055 655 3086 et
674 3053 817 3097 collegii
843 3055 1072 3089 monacensis
1099 3059 1218 3089 rector
1236 3058 1334 3090 esset
1359 3060 1396 3092 et
1415 3057 1599 3092 Guilielmi
1614 3069 1656 3092 ac
1675 3058 1836 3092 Renatae

51 3104 314 3138 confessarium
342 3108 477 3148 ageret.
506 3105 697 3141 Societatis
723 3108 951 3152 praepositis,
979 3108 1156 3152 imprimis
1186 3109 1221 3143 P.
1248 3110 1361 3144 Paulo
1388 3110 1538 3145 Hoffaeo
1564 3112 1727 3156 parabat,
1755 3112 1837 3146 vide

53 3157 173 3200 Dukr,
201 3157 276 3192 Jes.
304 3169 348 3191 an
377 3158 569 3194 Fiirstenh.
598 3161 785 3196 111—117
814 3164 849 3196 et
877 3162 953 3196 Jes.
980 3162 994 3195 1
1023 3162 1222 3197 699—700.
1371 3164 1384 3183 ⁷
1411 3164 1572 3200 Hoffaeo.
