2062 3443
657 157 846 192 Monachio
873 158 929 191 24.
948 156 1156 191 Decembris
1185 157 1287 191 1578.
1771 159 1855 199 477

87 276 323 330 scripserit,
347 275 439 317 siue
456 289 554 324 non,
578 277 709 328 atque
732 275 774 316 in
797 275 908 316 hunc
931 274 1022 315 fere
1040 287 1212 315 sensum
1236 273 1387 315 literas
1410 273 1628 327 parandas
1650 273 1858 327 putarim:

90 341 158 382 Ex
190 340 296 382 meis
328 340 468 383 literis
501 340 700 393 cognitas
731 339 859 382 isthic
892 353 987 381 esse
1020 352 1188 387 causas,
1224 352 1333 390 quae
1358 338 1598 392 Principem
1632 337 1771 391 ipsum
1807 337 1861 379 ad

87 405 405 447 Confessarium
440 405 485 447 P.
505 404 778 446 Dominicum
811 403 1061 456 Menginum
1094 417 1206 444 nunc
1240 403 1510 445 retinendum
1543 402 1782 456 impellant,
1817 405 1861 444 et

86 470 200 512 inter
232 470 341 512 alias
373 469 555 511 eundem
590 470 764 511 Patrem
798 469 991 523 corporis
1023 470 1069 510 et
1101 468 1362 509 ualetudinis
1395 467 1693 509 imbecillitate
1726 467 1860 520 impe-

88 535 202 588 dirjss,
232 549 314 588 quo
339 534 479 576 minus
503 534 682 575 Romam
707 534 920 588 proficisci
944 534 1102 588 possit:
1127 547 1265 586 neque
1289 534 1426 574 solum
1450 533 1677 575 Ducissam
1702 532 1860 573 Lotho-

86 599 255 653 ringam
293 599 428 654 ipsius
461 598 674 653 Principis
706 599 937 641 Jllustriss.
979 598 1218 650 coniugem,
1262 599 1337 639 scd
1376 601 1421 640 et
1452 600 1636 639 matrem
1671 597 1859 638 eiusdem

88 665 296 708 sereniss.
341 665 421 706 hoc
463 664 645 706 suadere
678 667 722 706 et
755 678 925 718 cupere,
969 666 1016 705 ut
1049 663 1258 705 eiusmodi
1291 662 1551 716 Confessarij
1594 663 1713 703 nulla
1746 676 1861 703 com-

87 729 271 772 mutatio
304 729 572 772 instituatur.
637 729 843 778 Quamuis
885 731 1030 771 autem
1064 729 1109 771 P.
1135 729 1182 770 Τ.
1218 730 1390 770 omnino
1428 728 1685 782 sperauerit,
1728 727 1860 769 talem

87 795 289 836 inducere
332 793 722 841 commutationem,
758 794 801 835 in
834 794 913 836 hoc
947 793 1200 844 ministerio,
1244 807 1354 847 quae
1393 795 1438 835 et
1469 793 1671 835 instituto
1714 795 1879 834 nostro·

87 863 392 910 consentanea,
435 862 481 901 et
512 859 629 901 hisce
667 859 931 913 principibus
965 859 1109 911 digna,
1151 858 1342 912 ipsisque
1385 858 1559 900 minime
1592 857 1862 911 displicitura

87 928 215 974 esset,
249 928 394 966 tamen
419 924 620 978 quoniam
655 925 706 966 de
737 938 783 966 re
806 927 902 967 tota
934 925 1102 979 plenius
1135 924 1402 977 cognouerit,
1437 926 1481 965 et
1514 937 1594 976 ego
1627 922 1775 965 itidem
1811 922 1863 963 de

87 1003 184 1031 mea
206 990 426 1031 sententia
448 989 701 1039 monuerim,
737 1003 786 1031 ac
810 1003 961 1043 preces
983 989 1330 1043 interposuerim,
1365 988 1522 1030 idcirco
1546 1002 1592 1030 se
1615 988 1658 1029 in
1681 987 1860 1029 eandem

88 1055 235 1096 venire
268 1054 544 1105 sententiam,
589 1069 717 1107 quam
750 1056 886 1108 ipsius
918 1055 1137 1097 Celsitudo
1172 1054 1444 1108 approbauit‚
1479 1057 1527 1096 ut
1559 1053 1788 1106 Menginus
1821 1052 1862 1093 in

87 1123 289 1174 suscepto
323 1119 561 1162 ministerio
585 1123 850 1174 perseueret,
885 1134 1024 1173 neque
1047 1120 1230 1161 Romam
1255 1120 1403 1161 venire
1427 1122 1621 1172 cogatur.
1676 1119 1741 1160 De
1763 1117 1862 1158 reli-

88 1185 183 1238 quis
216 1198 319 1227 uero
354 1185 407 1226 ad
442 1185 624 1226 eundem
659 1185 970 1239 spectantibus,
1011 1186 1066 1227 ad
1097 1185 1144 1229 P.
1170 1184 1478 1226 Prouintialem
1513 1198 1607 1226 esse
1640 1183 1861 1237 scriptum,

88 1250 159 1303 qui
191 1250 320 1292 facile
352 1250 410 1292 sit
443 1250 586 1291 omnia
618 1251 702 1293 rite
735 1251 852 1292 circa
884 1250 1005 1292 illum
1040 1250 1341 1304 dispositurus.
1388 1250 1509 1291 Haec
1542 1249 1684 1291 aliaue
1707 1248 1864 1290 similia

88 1316 124 1357 si
156 1315 211 1357 ad
245 1315 484 1369 Principem
520 1315 704 1368 benigne
737 1316 996 1365 scribantur,
1031 1315 1144 1357 bona
1177 1315 1281 1356 mihi
1313 1328 1413 1368 spes
1447 1318 1514 1357 cst
1547 1315 1653 1365 fore,
1693 1318 1740 1356 ut
1774 1313 1864 1355 eius

88 1381 276 1423 animum
311 1381 365 1422 ad
399 1381 566 1434 reliqua
587 1381 873 1434 transigenda
896 1381 1135 1422 molliorem
1159 1381 1346 1422 habituri
1370 1380 1517 1429 simus,
1552 1379 1721 1422 etiamsi
1751 1393 1864 1420 nunc

90 1445 278 1487 melioris
311 1445 492 1500 consilij,
528 1447 637 1498 quod
674 1447 834 1488 acriter
867 1460 1023 1499 urgere
1046 1445 1175 1496 uolui,
1210 1459 1351 1499 capax
1373 1459 1457 1486 non
1491 1445 1635 1494 fuerit,
1671 1444 1865 1497 quando-

88 1511 258 1564 quidem
298 1510 525 1553 immodice
567 1516 687 1553 amat
720 1511 1054 1561 Confessarium,
1099 1514 1142 1553 et
1179 1511 1291 1552 hunc
1324 1511 1446 1552 nouit
1477 1510 1666 1552 fortasse
1700 1508 1865 1563 potiusb

89 1590 143 1618 cx
175 1589 234 1625 se,
270 1590 399 1629 quam
433 1589 456 1618 e
488 1576 782 1630 superioribus
815 1577 1045 1631 ordinarijs
1079 1576 1361 1630 dependere&

208 1641 308 1683 Fuit
339 1641 513 1683 interim
548 1643 716 1684 fructus
749 1642 904 1695 aliquis
937 1642 1063 1684 huius
1095 1643 1252 1695 longae
1287 1641 1560 1693 difficilisque
1586 1639 1864 1682 tractationis

87 1710 180 1750 tum
213 1721 310 1749 cum
343 1707 553 1761 Principe,
586 1711 680 1749 tum
713 1722 809 1749 cum
842 1708 957 1750 dicto
991 1707 1083 1748 eius
1116 1706 1402 1749 Confessario.
1459 1706 1560 1747 Cum
1595 1706 1707 1747 enim
1742 1705 1865 1746 Prin-

89 1786 191 1827 ceps
233 1772 349 1813 uiros
390 1772 471 1813 hoc
512 1773 606 1814 loco
648 1777 927 1826 praestantes
969 1773 1023 1814 ad
1066 1786 1134 1813 me
1176 1772 1452 1821 destinasset,
1495 1771 1565 1824 qui
1608 1785 1749 1812 meum
1789 1784 1866 1811 ex-

88 1839 336 1892 pugnarent
376 1837 579 1887 animum,
625 1843 669 1880 et
709 1852 814 1880 suae
847 1837 1196 1891 Confessarijque
1238 1851 1396 1879 causae
1437 1835 1726 1878 fauentiorem
1768 1835 1866 1877 red-

90 1905 264 1953 derent,
307 1902 459 1943 horum
507 1903 771 1946 sententiam
818 1918 896 1957 pro
942 1906 1068 1957 parte
1114 1906 1265 1944 nostra
1312 1904 1431 1944 stare
1479 1902 1703 1955 cognouit,
1754 1901 1866 1954 quod

89 1968 294 2019 dicerent,
328 1968 369 2009 id
402 1968 492 2021 peti
525 1972 569 2010 et
601 1969 748 2021 urgeri
780 1983 806 2010 a
839 1969 975 2018 nobis,
1022 1969 1135 2021 quod
1168 1968 1266 2009 huic
1306 1968 1507 2010 instituto
1548 1967 1725 2020 eiusque
1763 1981 1867 2020 syn-

88 2033 262 2075 ceritati
314 2031 361 2074 et'
406 2032 587 2074 aliorum
641 2034 931 2076 aedificationi
979 2035 1261 2087 congrueret,
1310 2033 1511 2074 nimirum
1565 2034 1614 2074 ut
1661 2032 1715 2074 ab
1758 2031 1868 2073 aulis

87 2099 236 2153 procul
270 2098 415 2140 absint
446 2098 657 2149 Jesuitae,
702 2113 781 2140 nec
823 2099 1061 2141 familiares
1094 2099 1271 2139 nimium
1304 2099 1412 2140 fiant
1444 2097 1608 2147 aulicis,
1651 2111 1677 2138 a
1715 2098 1869 2150 quibus

88 2164 232 2206 uocati
274 2163 506 2217 aliquando
550 2164 661 2206 citod
703 2167 850 2206 tamen
893 2164 1045 2218 pedem
1080 2163 1245 2205 referre
1279 2164 1479 2213 debeant,
1523 2162 1712 2215 alioquin
1755 2162 1869 2216 peri-

89 2229 231 2270 culum
264 2242 381 2278 esse,
415 2242 469 2270 ne
502 2228 779 2283 naufragium
812 2229 992 2283 spiritus
1027 2229 1164 2271 multo
1198 2228 1371 2270 facilius
1403 2228 1485 2282 ipsi
1517 2228 1696 2278 faciant,
1739 2241 1867 2281 quam

89 2293 251 2335 aulicos
274 2293 444 2335 Christo
468 2293 759 2344 lucrifaciant,
790 2294 902 2337 sicut
924 2294 1157 2336 multorum
1182 2293 1497 2346 religiosorum,
1532 2307 1639 2346 quos
1672 2293 1772 2334 aula
1796 2292 1870 2333 de-

87 2359 273 2401 teriores
307 2358 463 2408 effecit,
507 2359 672 2413 apertis
705 2360 916 2414 exemplis
949 2360 1126 2412 liqueat.
1182 2359 1446 2400 Benedictus
1480 2359 1609 2409 Deus,
1653 2358 1725 2410 qui
1757 2358 1870 2400 tales

88 2424 291 2466 ueritatis
322 2427 474 2474 testes,
509 2428 554 2467 et
586 2438 745 2466 causae
777 2428 954 2467 nostrae
988 2428 1195 2478 patronos
1230 2424 1272 2465 in
1296 2424 1391 2478 ipsa
1415 2424 1546 2465 etiam
1570 2423 1671 2465 aula
1703 2423 1869 2472 tribuit,

89 2493 220 2542 atque
261 2489 420 2531 idcirco
462 2489 706 2543 Principem
746 2490 801 2532 ad
845 2490 1109 2533 Societatem
1151 2489 1312 2531 rectius
1355 2492 1398 2531 et
1440 2488 1784 2541 cognoscendam
1827 2491 1872 2530 et

89 2554 436 2608 amplectendam
470 2555 605 2597 efficit
636 2555 977 2609 propensiorem,
1013 2569 1142 2607 quum
1177 2556 1245 2596 tot
1276 2554 1446 2608 indicijs
1469 2554 1646 2607 colligit,
1681 2567 1760 2595 nos
1792 2568 1870 2608 pro

88 2619 239 2672 uigore
272 2619 526 2673 disciplinae
559 2634 645 2661 non
678 2620 931 2671 relaxando,
966 2621 1042 2661 sed
1076 2619 1335 2661 uindicando
1369 2623 1553 2662 certare.

208 2684 293 2726 Sed
334 2687 380 2727 et
411 2685 516 2726 illud
549 2685 880 2739 impetrauimus
913 2685 1084 2728 Christo
1118 2685 1239 2734 duce,
1279 2688 1327 2726 ut
1360 2684 1568 2738 Princeps
1600 2684 1712 2725 idem
1746 2698 1870 2725 suum

89 2749 408 2791 Confessarium
453 2764 538 2791 non
580 2764 734 2804 parum
777 2751 988 2792 offensum
1031 2764 1082 2791 ac
1126 2749 1429 2803 perturbatum
1471 2749 1609 2800 initio,
1652 2763 1781 2802 quum
1820 2749 1872 2790 de

88 2816 238 2857 futura
270 2815 513 2857 mutatione
545 2815 685 2857 literis
720 2815 765 2858 P.
790 2815 1071 2857 Prouintialis
1104 2814 1426 2865 admoneretur,
1460 2815 1584 2855 nobis
1617 2814 1871 2863 conciliarit,

89 2893 225 2932 eoque
257 2880 538 2933 permouerit,
582 2884 631 2923 ut
671 2881 856 2934 supplex
898 2881 1070 2922 ueniam
1113 2894 1139 2921 a
1180 2879 1302 2921 nobis
1342 2882 1609 2933 precaretur,
1653 2893 1704 2921 ac
1736 2879 1871 2921 uitam

90 2945 429 2987 emendatiorem
470 2946 759 2999 promitteret.
801 2944 941 2988 'Certe
983 2960 1067 2987 non
1106 2944 1248 2998 potuit
1281 2945 1404 2985 nobis
1438 2958 1522 2986 non
1555 2958 1651 2986 esse
1684 2958 1872 2998 magnae

209 3045 237 3075 a)
258 3045 284 3068 A
299 3045 327 3069 C.
342 3052 416 3069 corr.
437 3052 473 3068 ex
493 3042 649 3076 impedire.
716 3043 747 3076 b)
768 3045 909 3076 Sequitur
922 3051 1023 3077 quam,
1043 3044 1133 3069 oblim.
1196 3044 1222 3074 e)
1241 3044 1318 3073 Quae
1337 3046 1510 3074 sequuntur,
1531 3051 1619 3075 usque
1639 3043 1678 3068 ad
1699 3042 1874 3068 familiares.

89 3083 216 3110 nimium
243 3084 319 3110 fiant
344 3085 451 3111 aulicis
477 3086 553 3116 incl„
583 3093 671 3110 manu
700 3087 797 3118 iqnota
826 3087 1019 3117 (canis-iana?
1049 3093 1171 3109 romanu
1199 3085 1329 3109 eiusdem
1355 3085 1495 3116 temporis
1507 3085 1531 3115 .⁹)
1558 3086 1637 3109 linea
1664 3085 1781 3116 sr'ynata
1805 3088 1873 3109 sunt

90 3125 120 3157 d)
142 3128 171 3154 C.
191 3128 208 3151 8
229 3134 270 3151 vv.
291 3135 351 3159 sqq.
372 3127 402 3151 in
424 3127 558 3158 maryine
580 3128 691 3158 posuit,
717 3128 895 3152 oblitteratis
915 3129 960 3151 his
983 3136 1033 3157 rm,
1060 3134 1133 3158 quae
1161 3127 1189 3150 in
1214 3126 1276 3156 ipso
1302 3126 1471 3150 litterarum
1497 3134 1616 3158 corpore
1637 3127 1748 3158 scripta
1772 3129 1874 3151 erant:

90 3167 229 3193 referant
248 3168 368 3201 pedem,
388 3167 551 3200 religiosae
573 3168 754 3202 disciplinae
774 3176 938 3198 memores,
958 3176 975 3194 a
996 3175 1056 3201 qua
1075 3166 1170 3193 semel
1191 3166 1325 3193 abducti.
