2062 3443
294 110 394 146 1801.
423 110 518 144 Petr.
538 110 775 145 Ribadeneira
802 111 886 146 Can.
916 111 1017 146 1572.
1063 111 1163 147 1802.
1192 112 1277 161 Can.
1305 113 1352 147 Io.
1380 112 1519 148 Rethio.
1560 114 1660 149 1572.
1779 119 1832 159 47

74 226 221 264 1801.
325 226 380 262 P.
407 225 680 263 PETRIJS
707 226 1200 264 RIBADENEIRA
1229 228 1281 264 S.
1310 228 1364 264 J.
1392 230 1592 265 CANISlO.

1140 288 1252 322 Roma
1280 300 1324 322 m.
1346 289 1440 322 Maio
1470 289 1526 323 vel
1555 290 1655 324 Iunio
1686 291 1785 324 1572.

186 352 255 395 Ex
287 366 331 395 eo
364 353 540 407 quaerit,
577 354 680 407 quid
714 354 764 394 de
800 353 1021 406 „Historia
1056 354 1307 408 ἱρηαΐίαηαα
1345 370 1368 395 (ι
1403 370 1445 396 se
1479 357 1634 411 scripta
1667 358 1832 398 sentiat.

70 418 202 461 Plura
235 418 330 459 vide
361 417 496 470 infra,
532 432 591 472 ep.
619 420 746 459 1805.

184 497 419 532 Ribadeneira
446 497 513 532 hoe
540 500 698 543 tempore
718 498 755 532 P.
776 497 918 533 Natalis
938 499 1060 533 vicarii
1081 499 1262 544 generalis
1284 501 1555 542 „assistenteni“
1578 513 1641 547 pro
1660 502 1834 546 Hispania

68 554 103 588 et
127 551 312 587 Lusitania
344 551 461 594 egisse
494 551 636 585 videtur
664 552 785 593 (J.-M.
806 553 896 586 Prot
921 552 954 586 S.
975 553 1019 594 J.,
1055 553 1216 587 Histoire
1252 554 1296 587 du
1326 554 1414 588 Pere
1441 554 1702 600 Ribadeneyra,
1730 555 1833 589 Paris

70 605 168 646 1862,
195 605 292 648 210).
338 605 480 638 Natalis
507 604 618 638 Roma
645 605 699 639 29.
720 605 806 639 Maii
836 606 926 640 1572
963 606 1110 640 Hoffaeo
1138 606 1354 641 Germaniae
1389 609 1585 652 superioris
1621 608 1833 653 provinciali

67 658 253 704 *scripsit:
284 656 362 700 „Gli
388 658 516 692 mando
543 658 699 692 anchora
726 663 780 692 tre
808 659 1017 704 essemplari
1045 659 1139 694 della
1160 661 1235 694 vita
1263 661 1318 694 del
1346 661 1536 695 benedetto
1564 665 1685 696 nostro
1712 662 1832 707 padre.

67 712 162 747 accio
196 711 218 745 li
256 710 325 745 faoi
358 710 400 745 V.
430 710 469 745 R.
498 711 624 754 legger
659 711 694 745 in
726 712 924 757 Reffettorij
962 724 1024 757 per
1059 713 1082 746 li
1112 713 1281 759 Collegij“
1316 714 1377 755 (ex
1413 726 1534 759 apogr.
1564 715 1674 749 eiusd.
1702 718 1831 759 temp.;

67 765 184 801 Germ.
212 764 252 799 71
283 765 305 799 f.
335 764 425 807 70¹³).
479 764 514 798 P.
545 767 724 799 Antonius
749 767 918 800 Remtrus
943 766 976 801 S.
1007 766 1050 808 J.,
1087 778 1167 800 cum
1200 766 1349 812 Neapoli
1385 768 1416 803 5.
1446 768 1532 802 Maii
1562 769 1651 802 1572
1678 769 1830 813 primum

66 817 144 853 libri
179 817 383 863 exemplum
418 817 453 851 in
482 817 691 862 Hispaniam
727 820 771 853 ad
799 819 838 854 P.
858 820 1053 853 Antonium
1089 820 1205 854 Araoz
1233 819 1266 854 S.
1294 821 1326 855 J.
1355 821 1526 862 mitteret,
1563 822 1606 855 de
1641 834 1681 856 eo
1717 822 1831 856 eidem

65 871 226 917 scripsit:
265 873 342 916 „Ay
375 883 422 904 un
458 871 565 905 orden
593 871 635 905 de
661 876 807 907 nuestro
837 872 952 907 Padre
978 885 1056 917 que,
1088 876 1108 907 a
1136 873 1347 917 qualquiera
1375 877 1476 919 parte
1503 886 1571 919 que
1599 887 1637 909 se
1664 874 1830 917 embiare,

64 936 102 960 se
128 924 225 959 auise
251 936 320 969 que
346 936 389 959 no
408 936 446 959 se
473 927 631 959 niuestre
658 927 678 959 a
704 926 862 970 ninguno
890 927 932 960 de
959 926 1060 961 fuera
1087 927 1129 960 de
1156 926 1189 961 la
1209 927 1404 972 Compasiia
1432 928 1536 962 hasta
1563 940 1631 973 que
1654 940 1696 962 su
1715 931 1830 973 pater-

63 978 168 1013 nidad
206 978 248 1012 de'
286 980 362 1012 otro
401 978 526 1012 orden:
565 978 670 1023 quiea
708 982 838 1023 quei-ra
877 991 945 1024 que
983 980 1156 1025 primero‚
1195 981 1289 1014 uisto
1328 993 1391 1026 por
1429 982 1513 1016 toda
1556 982 1590 1016 la
1626 982 1830 1027 Compania.

63 1043 102 1067 se
127 1031 225 1066 auise
249 1031 283 1066 lo
311 1043 378 1076 que
404 1031 437 1065 le
463 1031 553 1065 faita
572 1034 590 1065 ό
609 1032 724 1072 sobra,
754 1044 840 1077 para
866 1044 934 1077 que
960 1045 998 1067 se
1025 1034 1140 1078 pueda
1159 1034 1336 1068 remediar
1354 1037 1457 1069 antes
1484 1046 1552 1079 que
1571 1047 1609 1069 se
1636 1036 1826 1081 publique'*

67 1084 306 1128 (Monumenta
334 1087 538 1128 [quatiam.
589 1085 662 1119 Ser.
695 1086 751 1126 IV,
779 1085 818 1121 Τ,
848 1087 875 1127 l,
903 1086 1043 1121 Mati-iti
1072 1087 1173 1128 1904,
1202 1087 1419 1131 712—713).
1471 1088 1613 1123 Laudes
1641 1100 1660 1123 a
1687 1089 1830 1123 Canisio

62 1138 149 1174 libro
175 1138 226 1173 illi
251 1138 406 1173 tributas
433 1150 465 1173 v.
485 1138 589 1180 infra,
617 1150 671 1183 ep.
694 1140 804 1180 1805;
840 1143 965 1184 postea
1000 1142 1120 1174 tamen
1148 1140 1207 1174 ille
1243 1140 1364 1185 aliqua
1400 1142 1435 1175 in
1463 1153 1504 1176 eo
1538 1142 1769 1186 reprehendit
1796 1146 1831 1176 et

68 1192 203 1227 auctori
229 1192 366 1236 aliquot
391 1192 490 1226 misit
517 1192 803 1233 emendationes;
832 1205 867 1227 v.
885 1193 989 1235 infra,
1017 1205 1071 1239 ep.
1094 1194 1194 1229 1912.

63 1300 216 1339 1802.
298 1302 514 1338 CANISlUS
541 1302 602 1338 P.
624 1301 867 1340 IOANNI
895 1303 1164 1340 RETHH)
1195 1303 1247 1340 S.
1267 1304 1321 1340 J.
1341 1306 1481 1350 regenti
1508 1307 1688 1352 gymnasii
1707 1305 1828 1340 Trium

250 1355 466 1391 Coronarum
494 1357 718 1392 coloniensis.

750 1412 949 1456 Oeniponte
976 1412 1069 1446 inter
1094 1424 1141 1448 ni.
1160 1413 1293 1446 Maium
1323 1415 1357 1447 et
1384 1414 1564 1447 ineuntem
1595 1413 1657 1448 lul.
1680 1414 1780 1447 1572.

177 1473 232 1508 Ex
259 1476 515 1510 commentario
543 1476 718 1521 epistulae
746 1477 875 1518 Reum,
912 1476 1024 1522 ipsius
1051 1489 1157 1512 manu
1185 1478 1329 1522 scripto.
1382 1477 1466 1512 Cod.
1486 1478 1597 1513 colon.
1622 1479 1708 1520 „Um
1736 1479 1824 1514 602⁴

63 1525 149 1572 Epp.
177 1528 200 1562 f.
220 1528 276 1563 42.

179 1602 354 1644 Rethius
390 1603 560 1644 Colonia
596 1606 664 1645 15.
689 1604 793 1645 Iulii
829 1606 941 1645 1572
976 1605 1214 1646 Lemnium
1248 1606 1306 1646 (ια’
1338 1605 1385 1647 P.
1415 1605 1642 1658 „Ioannem
1677 1606 1825 1648 17ίίἠεί-

63 1667 221 1708 minum
264 1667 559 1710 Hurlemimn“
607 1668 662 1720 (c.
699 1683 834 1724 supra
876 1684 915 1724 p.
951 1670 1028 1723 19)
1072 1671 1293 1726 epistulam
1333 1672 1466 1724 misit,
1509 1672 1556 1712 in
1601 1686 1684 1726 qua
1729 1672 1829 1713 haec

62 1737 182 1774 sunt:
218 1733 362 1785 „Scire
394 1733 603 1789 cupiebas,
638 1735 690 1777 R.
715 1735 858 1788 Pater,
895 1750 948 1777 (m
974 1737 1018 1777 in
1048 1737 1260 1791 publicum
1286 1738 1453 1778 exitura.
1480 1741 1578 1779 esset
1603 1738 1827 1778 Doctorum

65 1799 251 1840 ecclesiae
292 1799 506 1854 confessio,
551 1814 675 1855 (sicam
719 1801 771 1842 R.
807 1801 938 1842 Pater
974 1802 1263 1856 Hieronymus
1303 1802 1523 1844 Torrensis
1560 1804 1826 1857 promiserat.

61 1863 126 1905 De
155 1878 205 1905 ea
237 1866 490 1919 scripseram
523 1866 581 1907 acc
604 1867 655 1908 R.
681 1866 735 1908 D.
761 1866 932 1908 Petrum
961 1867 1193 1920 Canisium,
1229 1869 1299 1923 qui
1332 1868 1391 1909 act
1423 1868 1534 1909 hunc
1562 1869 1731 1909 modum
1766 1883 1826 1909 re-

62 1930 242 1983 spondet,
286 1930 502 1972 Dormiuit
534 1930 755 1981 hactenus,
800 1934 844 1974 et
877 1932 1034 1974 dormit
1067 1932 1206 1974 adhuc
1239 1932 1451 1986 promissa
1482 1933 1559 1974 illa
1590 1933 1826 1975 Doctorum

61 1992 277 2047 Quadriga
291 1996 316 2046 ¹,
361 1995 436 2037 sed
479 1995 598 2037 breui
633 1996 914 2039 concludetur
947 1997 1108 2051 aliquid
1143 1998 1246 2040 certi
1283 1998 1334 2039 de
1367 1997 1454 2049 illa,
1489 2001 1537 2040 ut
1569 2012 1709 2052 spero,
1753 1998 1827 2039 ab—

61 2058 278 2102 solvenda.

178 2125 366 2167 Ceterum
401 2127 493 2168 vide
524 2128 687 2169 litteras
712 2130 779 2170 16.
805 2129 910 2170 Iulii
936 2130 1051 2170 1552
1086 2130 1223 2182 clatos,
1260 2129 1412 2184 quibus
1445 2129 1622 2171 Rethius
1657 2129 1829 2171 Canisio

61 2191 286 2246 respondit.

61 2301 216 2340 1803.
315 2306 532 2342 CANISIUS
568 2306 629 2342 P.
666 2305 968 2343 NICOLAO
1004 2306 1265 2344 LANOIO
1303 2308 1356 2344 S.
1385 2307 1439 2344 J.
1478 2308 1620 2352 collegii
1656 2308 1828 2352 ingolsta-

248 2359 381 2395 diensis
407 2361 728 2405 superintendenti.
1051 2361 1253 2407 Oeniponte
1280 2374 1325 2396 m.
1345 2362 1446 2396 Iunio
1473 2362 1532 2396 vel
1559 2362 1649 2396 Iulio
1680 2363 1780 2396 1572.

177 2422 231 2458 Ex
257 2424 378 2459 Lanoii
406 2425 558 2470 epistula
585 2426 822 2472 autogiaplia.
874 2427 993 2462 Germ
1016 2427 1124 2462 134f
1145 2428 1239 2463 200.

176 2496 224 2540 P.
249 2498 450 2540 Nicotaus
484 2499 678 2541 Lanoius
711 2500 753 2542 S.
779 2500 820 2542 J.
847 2500 921 2553 (cf.
950 2501 1069 2542 Can
1096 2501 1284 2551 11494)
1318 2501 1544 2542 Monacleio
1569 2501 1623 2541 14
1645 2500 1830 2555 Achzcsti

66 2561 179 2603 1572
200 2562 249 2605 P.
273 2564 532 2619 Hieronymo
553 2565 706 2606 Natali
727 2567 886 2607 veffcmio
906 2567 1097 2621 yenerctli
1119 2568 1162 2608 S.
1183 2566 1224 2608 J
1245 2567 1438 2620 sclipszt:
1465 2567 1593 2618 „Cum
1619 2567 1830 2620 3α[)ε)ἱονι“

61 2639 198 2669 mense
229 2643 320 2670 cum
355 2630 402 2671 P.
427 2631 618 2672 Mar'tmo
652 2631 933 2672 Steuordiano
977 2632 1094 2686 apud
1128 2632 1481 2687 Sttsczibinyenses
1513 2632 1654 2673 adlmc
1687 2632 1827 2672 diner-

62 2703 193 2744 εανεν,
237 2694 295 2735 ad
327 2708 390 2736 me
420 2698 590 2748 scripsit
625 2696 873 2752 OEniponto
907 2697 1038 2738 Pater
1072 2697 1274 2738 Cam'sius
1316 2697 1365 2738 (le
1397 2698 1481 2738 vita
1515 2697 1663 2738 Patris
1696 2698 1830 2738 nostri

63 2755 293 2801 Ferrariae
338 2760 621 2803 decumbentis
661 2763 786 2803 etiam
820 2762 872 2803 ab
917 2764 1022 2817 ipsis
1064 2763 1238 2804 medicis
1273 2776 1355 2804 esse
1388 2762 1694 2818 quodammodo
1731 2776 1827 2817 pro-

65 2822 324 2866 clamatum.“

183 2951 191 2969 ¹
218 2949 269 2985 Eo
294 2950 383 2986 libro
409 2952 574 2996 singulae
601 2953 784 2988 doctrinae
812 2953 1010 2988 catholicae
1037 2966 1057 2988 a
1082 2955 1367 3000 protestantibus
1398 2955 1554 2990 reiectae
1580 2954 1829 3000 proponendae

63 3003 166 3036 erant
199 3002 286 3048 ipsis
324 3007 494 3049 quattuor
530 3017 740 3050 magnorum
777 3007 952 3042 ecclesiae
987 3007 1171 3042 doctorum
1217 3007 1491 3043 occidentalium
1533 3007 1609 3050 (SS.
1637 3006 1827 3048 Ambrosii,

65 3052 521 3146 {gentozylm'gbnAugustinss
560 3059 725 3104 Gregorii
760 3060 901 3104 Magni)
942 3061 1062 3095 verbis
1094 3072 1139 3095 ex
1175 3072 1296 3096 eorum
1332 3061 1498 3107 operibus
1533 3060 1746 3105 exsc1·iptis;
1781 3059 1827 3094 cf.
