2062 3443
367 134 517 180 Neapoli
544 134 638 169 inter
663 134 846 169 ineuntem
872 145 918 168 m.
938 134 1074 168 Maium
1102 136 1139 168 et
1163 134 1254 168 med.
1274 145 1321 168 m.
1342 135 1433 178 Aug.
1464 134 1564 168 1572.
1795 139 1850 178 43

87 256 279 299 diernum
301 258 462 307 vsque⁸
494 253 603 295 diem
628 267 788 307 magna
810 252 1018 306 religione
1050 252 1092 294 in
1117 252 1295 306 Templo
1320 251 1528 294 Ouetensi
1557 253 1850 295 asseruatur1.

86 320 218 364 Vides
248 319 291 361 in
329 319 409 361 hoc
442 318 640 372 exemplo
673 332 801 371 quam
835 318 1078 360 mercedem
1112 317 1198 360 tuis
1231 316 1627 358 elucubrationibus
1660 316 1850 370 polliceri

86 385 237 442 possiS.
301 384 531 426 Donantur
563 383 673 425 enim
708 382 1040 425 immortalitate
1072 382 1169 424 libri
1202 396 1278 436 pro
1302 381 1496 434 Virginis
1528 381 1681 424 matris
1714 381 1852 435 gloria

87 449 337 504 conscripti:
370 448 461 502 igni
490 450 731 490 exuruntur
754 447 1085 490 Haereticorum
1109 461 1253 501 opera,
1288 447 1323 488 si
1348 460 1458 499 quae
1490 446 1673 489 forsitan
1699 449 1851 488 contra

84 515 180 558 illos
208 514 470 569 prodierint:
505 515 553 555 tu
576 527 680 555 vero
702 512 807 554 illud
840 512 1004 567 poteris
1027 512 1079 554 de
1102 515 1176 554 tuo
1200 511 1352 554 melius
1380 511 1535 562 dicere,
1571 511 1683 564 quod
1715 511 1850 554 iacta-

85 579 250 623 bundus
282 578 455 632 quidam
488 579 653 621 Poeta2
686 578 738 620 de
771 592 848 620 suo
881 577 1038 620 cecinit
1071 591 1222 632 opere:

324 661 502 714 Iamque
535 675 641 715 opus
675 660 816 714 exegi,
859 660 972 714 quod
1005 673 1084 701 nec
1117 659 1232 701 Iouis
1264 659 1342 710 ira,
1378 672 1456 700 nec
1489 659 1614 713 ignis,

324 726 418 768 Nec
450 725 613 781 poterit
645 725 806 768 ferrum
839 739 919 767 nec
952 724 1065 767 edax
1097 724 1271 766 abolere
1303 726 1516 767 vetustas.

202 814 520 865 Gratissimum,
565 814 691 856 crede
732 813 848 864 mihi,
890 816 935 856 et
967 813 1313 856 commendatum
1346 813 1516 863 reddes,
1560 814 1604 854 et
1635 812 1769 854 Matri
1811 814 1855 853 et

84 880 190 924 Filio
222 883 342 923 tuum
367 879 690 930 Sacerdotium3
724 878 932 933 suscipiet
965 878 1017 920 de
1049 892 1179 920 manu
1211 881 1301 929 tua,
1336 891 1444 931 quas
1476 877 1538 919 illi
1572 876 1779 920 obtuleris
1811 876 1854 917 in

84 948 234 989 sancto
267 944 412 987 Altari
444 944 623 995 hostias,
658 947 866 997 tuumque
899 943 1078 998 proinde
1110 957 1281 993 nomen,
1316 943 1386 984 vel
1419 942 1583 992 nolens,
1618 945 1662 984 et
1693 941 1855 984 inuitus

83 1010 402 1054 immortalitati
425 1010 712 1052 consecrabis,
757 1010 838 1052 Est
856 1008 968 1051 enim
990 1008 1355 1059 honestissimum,
1379 1007 1606 1061 laudisque
1624 1010 1668 1050 et
1690 1006 1855 1060 gloriae

83 1077 253 1132 plenum
286 1089 453 1127 munus,
487 1075 585 1117 illos
617 1088 906 1129 propugnare,
942 1074 1013 1127 qui
1046 1088 1124 1116 nos
1158 1076 1456 1128 propugnant;
1499 1073 1670 1115 illorum
1704 1074 1853 1126 patro-

83 1141 238 1186 cinium
279 1154 462 1191 sumere,
506 1140 577 1194 qui
619 1154 789 1194 semper
825 1139 948 1182 nobis
989 1139 1341 1194 patrocinantur;
1385 1152 1531 1180 eorum
1571 1137 1850 1180 iustissimam

84 1220 257 1250 causam
298 1206 411 1260 apud
453 1206 646 1248 homines
689 1219 833 1258 agere,
877 1206 948 1258 qui
981 1207 1176 1248 nostram
1218 1205 1474 1259 plerumque
1511 1204 1652 1246 minus
1693 1203 1853 1245 iustam

85 1271 272 1325 (tantum
304 1271 366 1313 illi
397 1271 542 1325 gratia
574 1271 742 1323 valent)
776 1272 890 1325 apud
922 1271 1060 1312 Deum
1094 1273 1244 1323 agunt.
1298 1269 1494 1322 Denique
1517 1274 1567 1312 vt
1588 1268 1853 1322 Euangelice

83 1338 246 1391 loquar,
279 1337 376 1379 illos
410 1336 681 1379 confiteri
714 1350 896 1379 coram
929 1336 1266 1387 hominibus,
1301 1335 1373 1388 qui
1395 1335 1561 1385 volunt,
1596 1337 1640 1377 et
1672 1335 1854 1388 possunt

82 1403 125 1446 in
155 1405 374 1458 postremo
406 1402 480 1444 illo
523 1404 568 1445 et
609 1402 979 1445 contremiscendo
1021 1400 1176 1444 iudicio
1219 1415 1315 1443 nos
1358 1399 1629 1442 confiteri
1672 1413 1852 1441 coram

85 1468 316 1522 Angelis
358 1467 499 1511 Dei3.

204 1533 346 1583 Quare
368 1547 453 1575 non
477 1535 586 1584 erat,
621 1547 696 1575 cur
719 1533 832 1587 apud
866 1546 948 1584 me,
982 1535 1027 1575 te
1053 1534 1284 1586 tantopere
1308 1531 1529 1582 abiiceres‚
1564 1533 1608 1572 et
1639 1528 1854 1571 hominem

88 1613 292 1651 crassum,
326 1599 490 1650 rudem,
525 1599 710 1650 tardum,
746 1598 928 1652 denique
963 1598 1238 1648 Germanum,
1273 1600 1317 1639 et
1349 1596 1466 1638 humi
1497 1598 1744 1651 reptantem
1778 1609 1853 1649 ap·

87 1664 294 1720 pellares3
327 1678 398 1706 res
431 1664 543 1706 enim
575 1663 671 1719 ipsa
694 1664 810 1706 aliud
842 1664 972 1718 longe
1004 1663 1189 1713 indicat3
1223 1664 1268 1705 te
1290 1662 1494 1704 videlicet
1516 1664 1689 1704 acutum
1714 1660 1854 1702 virum

86 1743 192 1782 esse,
226 1743 382 1782 acrem,
417 1733 679 1784 promptum,
714 1732 759 1772 et
792 1729 998 1771 coelestia
1026 1728 1257 1781 diuinaque
1280 1727 1491 1782 mysteria
1523 1728 1852 1782 penetrantem:

86 1809 162 1837 nec
194 1798 342 1838 tamen
375 1809 454 1849 per
487 1795 715 1850 Tapinosis
747 1796 932 1848 figuram
966 1794 1228 1837 Rhetoribus
1261 1796 1423 1843 notam,
1466 1795 1512 1835 te
1548 1791 1680 1846 loqui,
1725 1805 1853 1844 quam

85 1874 160 1915 per
191 1874 403 1903 summam
435 1860 566 1902 animi
598 1860 662 1903 tui
695 1860 1037 1909 submissionem,
1081 1859 1456 1911 Christianamque
1488 1857 1768 1900 modestiam:
1811 1856 1854 1898 in

87 1939 170 1980 qua
192 1925 296 1968 nihil
320 1928 388 1968 est
418 1927 581 1979 fictum,
615 1925 719 1968 nihil
743 1925 958 1977 callidum,
983 1925 1088 1967 nihil
1111 1925 1317 1967 fucatum.
1361 1923 1565 1977 Agnosco
1589 1926 1633 1966 te
1657 1924 1852 1977 praeter-

86 2004 137 2033 ea
178 2005 329 2033 verum
375 1992 650 2043 Germanum,
696 1992 914 2046 probeque
958 1990 1344 2045 germanizantem‚
1390 1989 1481 2031 siue
1526 1989 1600 2030 illa
1641 2002 1729 2030 vox
1770 1987 1851 2029 La·

85 2055 177 2100 tina
207 2056 264 2100 sit
296 2071 320 2099 a
355 2057 583 2108 Germano,
619 2071 702 2110 quo
736 2059 933 2099 caeteros
967 2056 1089 2110 quasi
1123 2055 1284 2098 fratres
1318 2054 1666 2108 complectuntur
1692 2066 1852 2102 amore,

89 2121 179 2164 siue
210 2122 386 2177 propria
407 2122 495 2173 illa,
530 2136 581 2165 ac
603 2122 834 2176 gentilitia,
869 2125 913 2165 et
936 2136 961 2164 a
983 2121 1143 2164 vestris
1165 2120 1400 2163 maioribus
1423 2119 1689 2173 excogitata,
1724 2121 1855 2172 atque

90 2189 298 2242 vsurpata
329 2202 408 2230 vos
449 2187 564 2242 ipsos
599 2187 886 2242 compellandi
920 2187 1032 2229 ratio
1066 2187 1242 2238 existat,
1289 2189 1337 2228 vt
1370 2185 1593 2228 admonuit
1625 2184 1854 2227 Tacitus4:

87 2265 185 2294 nam
217 2253 287 2294 vel
320 2253 395 2305 sic,
435 2253 538 2306 quid
570 2256 637 2296 est
670 2254 924 2304 Germanus,
967 2253 1049 2295 nisi
1081 2252 1265 2305 integer,
1309 2250 1401 2293 siue
1432 2252 1551 2292 totus
1592 2250 1732 2301 homo,
1775 2250 1855 2292 hoc

87 2320 165 2370 est,
207 2318 381 2374 integra
421 2319 693 2362 humanitate
735 2319 972 2373 praeditus,
1016 2318 1108 2360 siue
1142 2317 1387 2359 omnimoda
1419 2315 1674 2358 fortitudine
1707 2329 1853 2357 cumu-

85 2381 212 2435 latus,
245 2383 288 2425 in
312 2398 396 2437 qua
419 2384 524 2426 nihil
550 2387 618 2427 est
640 2384 791 2436 debile,
827 2387 903 2427 aut
934 2384 1162 2434 infirmum,
1197 2382 1300 2424 nihil
1333 2380 1498 2437 puerile
1522 2384 1598 2424 aut
1624 2380 1854 2423 muliebre:

87 2448 198 2491 vnde
230 2463 313 2502 quo
345 2449 486 2504 magis
518 2453 562 2493 te
586 2449 826 2504 deprimere
850 2450 1033 2500 conaris,
1070 2463 1118 2491 eo
1142 2452 1186 2491 te
1209 2448 1422 2497 altiorem,
1457 2460 1507 2489 ac
1539 2446 1718 2502 proinde
1741 2460 1856 2488 com-

87 2513 438 2557 mendabiliorem
481 2515 647 2558 cunctis
690 2514 848 2565 efficis;
893 2514 964 2569 qui
998 2515 1049 2557 de
1091 2517 1135 2557 te
1178 2517 1268 2557 tam
1302 2513 1513 2555 submisse
1545 2512 1722 2562 sentias,
1765 2515 1855 2555 tam

204 2600 232 2632 a)
253 2602 289 2626 In
308 2602 335 2627 B
350 2609 512 2633 perperam
532 2603 668 2634 seqnitur
688 2601 736 2628 ad.

208 2714 218 2734 ¹
245 2715 412 2757 Ovetum,
449 2714 596 2756 Oviedo,
631 2714 800 2749 Asturiae
835 2714 922 2749 urbs
958 2713 1192 2759 episcopalis;
1227 2713 1262 2747 in
1298 2713 1469 2748 thesauro
1505 2712 1724 2747 cathedralis
1760 2711 1857 2745 illius

90 2765 260 2801 ecclesiae
295 2766 384 2802 haec
411 2767 527 2802 vestis
562 2767 645 2802 olim
681 2768 823 2812 quidem
861 2768 1128 2810 asservabatur,
1164 2779 1258 2802 nunc
1285 2779 1370 2801 vero
1407 2766 1631 2801 desideratur
1660 2764 1857 2811 (Epistol-ae

91 2819 310 2855 Salmerom‘s
336 2822 368 2855 ΙΙ
395 2821 512 2865 31412).

209 2874 221 2894 ²
251 2876 407 2920 Ocidius,
434 2874 773 2920 Metamorphoseon
798 2875 821 2910 1.
844 2875 885 2909 1-5
912 2887 946 2909 ν.
966 2874 1032 2909 871
1062 2874 1143 2909 872.
1290 2875 1303 2894 ³
1328 2874 1378 2909 Lc
1407 2874 1461 2916 12,
1487 2873 1520 2909 8.

208 2928 220 2948 ⁴
251 2926 422 2970 „Quidam
442 2955 449 2963 .
469 2955 477 2964 .
497 2955 504 2963 .
533 2928 751 2963 adfirmant.
771 2956 778 2964 .
799 2955 807 2964 .
835 2928 1050 2963 Germaniae
1077 2927 1292 2962 vocabulum
1328 2939 1454 2962 recens
1485 2929 1521 2962 et
1546 2938 1661 2971 nuper
1687 2926 1857 2966 additum,

91 2979 254 3022 quoniam
289 2982 349 3026 qui
384 2981 488 3026 primi
523 2981 688 3016 Rhenum
724 2981 944 3025 transgressi
980 2981 1104 3016 Gallos
1141 2981 1347 3026 expulerint
1381 2993 1423 3015 ac
1458 2992 1553 3014 nunc
1588 2979 1735 3023 Tungri,
1772 2981 1859 3013 tunc

92 3030 258 3068 Germani
271 3036 389 3069 vocati
408 3035 491 3070 sint.
517 3035 573 3069 Ita
591 3035 746 3070 nationis
765 3047 893 3070 nomen
908 3036 944 3069 in
963 3034 1065 3079 [alh.-
1083 3033 1166 3079 non]
1186 3047 1314 3068 nomen
1332 3034 1452 3078 gentis
1471 3033 1651 3068 evaluisse
1670 3032 1857 3078 paulatim,

91 3086 131 3119 ut
155 3097 275 3122 omnes
301 3088 455 3133 primum
482 3099 503 3123 a
521 3089 658 3124 victore
685 3089 728 3124 ob
754 3091 900 3130 metum,
928 3100 1010 3123 mox
1039 3088 1146 3122 etiam
1174 3099 1194 3122 a
1212 3088 1342 3133 seipsis
1361 3088 1507 3122 invento
1527 3087 1668 3121 nomine
1687 3085 1858 3121 Germani

91 3142 345 3176 vocarentur-¹⁴:
378 3143 531 3186 Tacitus,
560 3142 754 3178 Germania
781 3154 811 3178 c.
830 3144 862 3177 2.
