2062 3443
322 149 422 184 1796.
451 148 616 183 Canisius
644 148 681 182 P.
702 147 919 192 Hieronymo
946 147 1078 182 Natali.
1122 147 1321 193 Ocniponte
1350 148 1404 182 19.
1426 148 1509 182 Maii
1540 149 1639 182 1572.
1807 152 1860 193 37

100 272 249 310 1796.
338 271 553 307 CANISIUS
581 269 642 306 1‘.
662 268 1078 306 HlERONl'Mo
1107 269 1370 305 NATALI
1398 271 1531 305 vicario
1559 271 1719 314 generali
1747 272 1864 306 Socie-

286 327 373 359 tatis
400 325 490 359 Iesu.
1295 324 1494 369 Oeniponte
1524 325 1577 359 19.
1598 325 1682 359 Maii
1713 326 1814 360 1572.

216 396 270 430 Ex
297 395 520 440 autographo
550 396 621 437 (2⁹3
652 395 667 429 1
699 406 750 439 p.;
778 395 811 428 in
842 407 873 439 p.
892 395 914 427 4
942 394 1076 436 inser.).
1129 395 1248 429 Germ.
1272 395 1632 430 18:3f9212ss—2131'.

216 468 267 501 De
286 478 371 501 noco
389 468 565 510 pontifice,
592 478 658 499 succ
685 472 808 500 comra
830 467 1096 500 Centnre'atores
1113 467 1315 508 scriptione,
1343 468 1599 510 ‹ranmliorum
1620 468 1863 509 explicatione,

98 523 215 555 iuvene
248 522 288 553 ἴῖη
322 521 501 563 colleyc'nm
534 521 779 563 [scrutaminum
805 520 1033 561 ιιιίηιίΐίωηΙο,
1068 521 1303 562 διϊίμίονίὺιω
1339 521 1602 564 constituendis,
1639 521 1722 553 aliis·
1749 522 1862 554 Socie-

97 576 179 609 tatis
206 574 318 607 rebus.

409 639 436 691 †
470 639 562 681 Pax
595 639 752 681 Christi
785 639 889 680 Jcsu
926 638 1046 680 nobis
1081 641 1272 689 aeterna,

624 704 865 745 Admodum
900 704 1154 745 Reuerendo
1190 704 1332 748 Pater.

215 778 270 818 20
302 774 466 829 Aprilis
507 774 633 817 datas
673 776 832 828 accepi.
898 775 1090 817 Scribam
1125 776 1177 817 ad
1213 775 1484 817 Cardinalem
1518 776 1862 826 Tridentinum‘,

98 841 161 885 uti
204 840 438 895 prudenter
479 840 635 882 suadet
670 841 716 881 R..
743 841 787 882 T.
816 840 1073 893 mittamque
1106 841 1143 882 ei
1186 840 1337 882 literas
1380 855 1456 895 per
1495 841 1678 883 amicum
1722 841 1862 884 facile.

212 913 277 954 De
300 915 439 954 morte
472 914 589 965 pont.
617 912 677 965 Pij
713 911 862 965 quinti,
898 914 942 954 et
969 911 1020 953 de
1043 911 1143 953 noui
1172 912 1435 954 successoris
1458 915 1632 954 matura
1654 912 1864 954 electione

95 978 178 1021 iam
221 977 340 1020 facta
382 977 703 1030 cognouimus2.
768 977 899 1019 Faxit
941 977 1150 1027 dominus,
1194 981 1242 1020 ut
1274 977 1328 1019 ad
1363 977 1586 1020 Ecclesiae
1629 978 1862 1020 utilitatem

97 1043 238 1086 omnia
270 1042 312 1084 in
345 1042 427 1085 hac
449 1042 704 1096 Apostolica
737 1043 945 1084 cathedra
979 1046 1304 1085 conuertuntur.
1359 1043 1422 1084 De
1455 1043 1598 1085 reditu
1634 1043 1674 1085 P.
1701 1043 1754 1085 N.
1781 1043 1863 1085 Ge-

96 1108 281 1151 neralisss
312 1107 354 1149 111
388 1108 537 1149 urbem
567 1108 671 1149 nihil
705 1107 844 1149 adhuc
875 1108 1159 1162 percepimus,
1195 1122 1321 1161 quem
1346 1111 1546 1163 optamus
1571 1108 1641 1150 diu
1665 1108 1786 1150 nobis
1820 1108 1862 1149 in

96 1173 266 1216 domino
300 1186 542 1227 superesse.

212 1238 468 1292 Propediem
509 1238 577 1280 1110
617 1240 900 1292 expectamus
941 1238 1175 1281 aduentum
1211 1239 1256 1281 P.
1282 1238 1336 1281 N.
1365 1238 1684 1289 Prouintiali34,
1728 1241 1776 1280 ut
1809 1239 1863 1280 ab

95 1304 174 1346 hoc
223 1303 405 1357 collegio
455 1303 639 1357 primam
690 1304 864 1346 inchoet
914 1303 1230 1346 uisitationem:
1284 1318 1411 1358 agam
1465 1307 1509 1347 et
1551 1318 1645 1346 cum
1696 1304 1769 1346 illo
1812 1303 1864 1345 de

96 1369 151 1414 M.
176 1369 416 1412 Guilhelmo
430 1370 458 1421 5,
495 1383 621 1422 quem
643 1369 804 1411 rectius
827 1369 926 1411 alibi
952 1384 1079 1422 quam
1103 1369 1330 1422 Augustae
1352 1370 1557 1412 collocari
1586 1383 1713 1424 posse
1745 1372 1862 1423 pute.

213 1440 421 1490 Quoniam
451 1443 595 1483 cessat
627 1454 704 1495 per
727 1441 850 1483 Pont.
876 1441 1038 1483 obitum
1064 1441 1284 1494 obligatio,
1320 1455 1430 1494 quae
1462 1446 1555 1483 me¹³
1584 1441 1637 1482 ad
1671 1440 1864 1482 scriben-

96 1506 193 1548 dum
226 1509 380 1548 contra
402 1506 726 1548 Centuriatores
755 1506 924 1560 impulit
938 1507 967 1557 ὃ,
1002 1506 1275 1548 iudicandum
1300 1507 1495 1560 relinquo
1521 1506 1721 1548 Patribus
1744 1505 1862 1554 meis,

98 1584 152 1614 an
185 1571 297 1614 forte
329 1571 386 1614 sit
419 1571 657 1613 consultius
689 1585 757 1613 me
790 1571 1072 1626 supersedere
1097 1572 1149 1614 ab
1183 1571 1263 1613 hoc
1295 1571 1443 1613 labore
1475 1572 1517 1613 in
1550 1575 1785 1625 posterum,
1821 1575 1865 1612 et

98 1650 247 1679 curare
279 1636 422 1691 potius
455 1636 553 1687 alia,
589 1650 699 1689 quae
731 1640 833 1680 sunt
855 1637 1073 1680 vocationi
1096 1650 1218 1679 meae
1243 1636 1588 1690 congruentiora.
1638 1635 1865 1677 Habebam

97 1715 200 1756 prae
223 1702 420 1744 manibus
443 1715 553 1755 quae
576 1701 631 1743 ad
658 1703 813 1745 beatae
837 1702 1017 1756 uirginis
1040 1702 1334 1744 defensionem
1357 1704 1572 1757 spectant,
1597 1701 1700 1744 sedb
1722 1701 1865 1743 media

94 1767 207 1810 forte
249 1781 350 1821 pars
390 1767 532 1822 operis
573 1770 745 1810 tantum
778 1768 980 1811 absoluta
1013 1771 1093 1812 est.
1157 1767 1366 1821 Quicquid
1400 1767 1692 1822 superioribus
1725 1766 1864 1808 uisum

96 1832 189 1884 erit,
223 1846 308 1874 non
340 1832 557 1886 grauatim
591 1833 842 1887 amplectar,
878 1833 961 1875 etsi
985 1833 1152 1875 doleam
1176 1847 1244 1875 me
1277 1836 1344 1876 tot
1367 1833 1504 1875 modis
1529 1833 1582 1875 ad
1614 1832 1722 1874 haec
1756 1831 1864 1873 alia-

96 1911 176 1952 que
209 1897 472 1940 conficienda
503 1897 713 1953 imparem
747 1901 792 1941 et
823 1899 1018 1953 ineptum
1053 1913 1160 1941 esse.

213 1969 394 2023 Scripsit
435 1969 489 2012 ad
522 1983 590 2011 me
614 1970 840 2012 Plautinus
872 1970 1187 2024 typographus,
1221 1972 1453 2023 monetque
1476 1972 1568 2012 tum
1591 1968 1724 2022 Regis
1747 1968 1863 2009 Phil-

94 2033 194 2089 ippi,
236 2037 328 2078 tum
363 2034 655 2090 Hispanorum
688 2038 943 2088 magnatum
986 2036 1255 2089 quorundam
1298 2035 1482 2086 nomine,
1525 2037 1574 2077 ut
1614 2047 1762 2088 parem
1796 2033 1863 2074 fu-

95 2099 251 2143 siorem
284 2100 619 2155 explicationem
654 2101 843 2155 capitum
879 2101 1114 2152 doctrinae,
1150 2115 1260 2155 quae
1293 2101 1486 2143 breuiter
1517 2098 1705 2142 indicaui
1737 2112 1864 2153 prae-

95 2165 230 2220 figens
262 2166 474 2219 quaedam
513 2166 748 2208 summaria
788 2166 1045 2209 lectionibus
1077 2167 1226 2217 sacris,
1271 2180 1381 2220 quae
1422 2166 1465 2208 in
1507 2165 1681 2219 templis
1714 2164 1864 2206 diebus

95 2231 350 2286 praesertim
383 2231 519 2274 sacris
552 2235 864 2287 proponuntur.
926 2232 1089 2275 Putant
1122 2232 1233 2274 hunc
1266 2233 1457 2274 laborem
1495 2230 1698 2273 Parochis
1731 2229 1863 2272 etiam

96 2295 189 2338 usui
229 2296 321 2338 fore
338 2297 367 2341 ⁷.
430 2297 523 2347 Qua
562 2297 614 2339 de
646 2312 693 2339 re
727 2299 858 2340 antea
890 2297 1043 2352 scripsi
1077 2297 1131 2340 ad
1164 2298 1210 2340 P.
1236 2298 1289 2340 N.
1317 2297 1589 2347 Gemralem,
1625 2295 1691 2338 cui
1724 2295 1863 2337 uisum

96 2363 174 2413 est,
216 2361 408 2404 laborem
440 2362 561 2404 illum
593 2362 636 2404 in
668 2366 840 2417 tempus
873 2363 986 2406 aliud
1021 2362 1300 2418 reijciendum
1333 2376 1428 2405 esse
1441 2363 1470 2405 8.
1525 2361 1685 2403 Videat
1719 2362 1863 2403 autem

213 2448 242 2481 a)
263 2450 323 2474 Hoc
342 2457 367 2474 v.
383 2457 401 2474 a
424 2450 452 2474 C.
472 2457 565 2481 supra
586 2458 702 2475 versum
721 2449 862 2482 scriptum
883 2440 934 2475 est.
1045 2450 1075 2481 b)
1097 2450 1236 2482 Sequitur
1255 2456 1305 2481 ex,
1325 2458 1341 2474 (1
1364 2451 1391 2474 C.
1413 2450 1501 2475 oblat.

221 2566 229 2587 ¹
254 2566 475 2602 Ludovicum
501 2568 742 2609 Madrutium;
771 2581 803 2603 v.
824 2580 933 2614 supra
959 2580 992 2613 p.
1012 2568 1070 2603 29.

213 2619 226 2640 ²
252 2619 286 2655 S.
314 2620 378 2655 Pio
405 2621 448 2656 V.
479 2621 650 2656 Kalendis
675 2622 782 2656 Maiis
809 2634 840 2656 a.
872 2623 961 2656 1572
990 2622 1065 2656 vita
1100 2621 1234 2662 functo,
1273 2621 1326 2655 13.
1347 2621 1418 2655 Mai
1445 2620 1584 2656 electus
1610 2624 1665 2656 est
1700 2621 1866 2666 pontifex

98 2672 288 2708 cardinalis
315 2674 420 2719 Hugo
448 2675 757 2720 Boncompagnus,
785 2676 845 2720 qui
873 2675 1069 2719 Gregorius
1097 2675 1192 2709 XIII.
1212 2677 1441 2719 nuncupatus
1468 2678 1533 2709 est.

217 2727 228 2745 ⁸
253 2726 288 2761 S.
308 2727 488 2763 Francisci
515 2728 680 2772 Borgiae.
828 2731 840 2749 ⁴
869 2729 971 2763 Pauli
1000 2728 1148 2762 Hoffaei.
1298 2729 1310 2748 ⁵
1338 2728 1502 2763 Elderen.

215 2780 228 2800 ⁶
254 2780 305 2815 Ea
338 2782 486 2826 scriptio
522 2793 542 2816 a
568 2782 632 2816 Pio
659 2782 702 2817 V.
723 2794 785 2827 per
813 2783 980 2825 Borgiam
1008 2781 1150 2817 Canisio
1186 2781 1346 2816 iniuncta
1381 2783 1470 2816 erat.
1521 2780 1599 2823 Qui,
1633 2784 1672 2815 ut
1708 2793 1753 2816 ex
1789 2781 1866 2815 eius

97 2831 216 2867 verbis
241 2835 478 2878 cognoscitur,
506 2835 676 2870 censebat
702 2847 753 2877 se,
780 2839 820 2870 ut
845 2836 1030 2876 scriberet,
1059 2835 1257 2879 obligatum
1284 2846 1364 2869 esse
1389 2834 1545 2880 simplici
1573 2837 1772 2880 praecepto.
1827 2835 1865 2868 ln

98 2883 165 2920 hoe
189 2888 307 2921 autem
334 2887 434 2931 leges
461 2893 497 2923 et
522 2890 716 2934 praecepta
741 2889 835 2923 inter
860 2900 900 2923 se
927 2889 1068 2923 differre
1095 2888 1223 2922 docent
1249 2888 1336 2922 iuris
1363 2888 1602 2923 ecclesiastici
1628 2888 1744 2933 periti,
1772 2888 1865 2932 quod

98 2938 313 2982 magistratu
330 2942 407 2976 vita
434 2942 582 2976 cedente
608 2941 693 2977 illae
721 2943 793 2977 vim
820 2943 987 2984 retinent,
1014 2941 1103 2976 haec
1131 2941 1217 2985 (nisi
1243 2941 1327 2985 quid
1354 2941 1450 2976 aliud
1478 2942 1583 2987 plane
1609 2941 1864 2981 constituatur)

99 2990 134 3024 vi
161 2991 413 3029 destituuntur.

217 3046 230 3066 ⁷
255 3046 346 3081 Vide
381 3059 491 3093 supra
517 3060 550 3094 p.
577 3049 632 3089 30,
668 3051 704 3083 et
741 3060 834 3093 quae
869 3049 912 3083 de
943 3060 1067 3093 „opere
1104 3048 1301 3094 postillari'⁴
1333 3047 1499 3083 Canisius
1534 3047 1681 3093 scripsit
1710 3048 1796 3082 Can.
1815 3045 1867 3080 Vl

219 3152 232 3173 ⁸
257 3152 400 3188 Perisse
427 3154 597 3189 videntur
623 3166 715 3200 quae
743 3154 907 3190 canisius
934 3158 971 3190 et
996 3154 1147 3199 Borgias
1174 3166 1215 3189 ea
1241 3155 1283 3189 de
1310 3166 1347 3189 re
1373 3155 1606 3200 scripserunt.
