2062 3443
207 174 307 209 1985.
336 173 377 209 Ρ.
395 173 552 207 Lanoius
579 172 721 207 Canisio
749 175 784 206 et
810 172 968 206 Hoffaeo.
1013 171 1132 215 praga
1158 171 1254 206 circa
1279 184 1325 206 m.
1346 171 1590 217 Septembrem
1622 173 1722 207 1577.
1766 174 1846 215 411

78 292 273 334 homines
305 291 477 342 tentati,
514 305 592 333 nec
624 292 732 333 satis
764 291 954 334 instituti
988 291 1053 332 sui
1086 294 1297 341 amantes,
1332 293 1381 333 fit
1413 294 1566 333 contra
1589 294 1637 333 vt
1669 291 1736 332 hic
1768 306 1849 333 non

77 361 169 400 tam
215 356 462 411 profecisse,
511 370 637 409 quam
678 356 889 398 defecisse
924 356 1166 406 videantur,
1211 358 1254 398 et
1296 357 1408 408 quod
1451 369 1718 408 consequens
1762 359 1852 398 est¹¹

78 421 306 475 collegium
349 424 542 463 nostrum
579 421 820 463 Romanum
862 421 1005 463 nescio
1049 421 1149 474 quid
1190 421 1344 463 isthic¹¹
1387 420 1618 464 contrahat
1650 420 1852 463 sinistrae

78 486 291 540 opinionis
332 500 426 528 cum
469 488 614 528 tamen
658 486 699 527 in
738 500 787 528 eo
830 485 992 539 nequeb
1026 486 1213 535 litterae,
1257 500 1396 539 neque
1431 486 1569 527 virtus
1601 488 1733 538 atque
1767 485 1852 527 dis-

79 551 239 606 ciplina
270 565 459 604 vnquam
503 551 643 604 magis
676 551 909 604 viguerint.
974 550 1092 600 Quae
1135 565 1229 592 cum
1264 551 1326 592 ita
1359 551 1446 593 sint
1486 551 1693 605 peruelim
1728 551 1778 592 R.
1803 550 1851 593 T.

79 615 184 658 illud
217 616 371 658 liberet
404 617 484 658 hac
516 616 708 667 infamia,
743 619 1003 669 moneatque
1029 616 1342 658 Prouincialem
1378 619 1426 658 vt
1458 615 1611 657 melius
1644 616 1695 657 de
1719 615 1853 657 Jtalia

82 681 246 725 sentiat
277 681 470 734 sibiquec
512 682 775 735 persuadeat
808 681 977 734 quoties
1010 681 1148 723 idonei
1184 681 1266 722 huc
1300 681 1417 722 missi
1452 680 1624 731 fuerint,
1659 680 1852 723 futurum

77 760 174 789 esse
207 749 254 788 vt
286 747 499 797 meliores,
535 761 584 788 ac
618 746 900 789 eruditioresd
933 749 1224 789 reuertantur.

197 812 260 854 Αθ
300 812 482 865 collegio
530 812 848 865 Salisburgensi
896 815 940 854 et
985 826 1063 853 nos
1108 811 1410 861 abhorremus,
1458 814 1502 854 et
1550 810 1853 852 abhorruimus

80 890 265 931 semper.
331 877 414 919 Sed
455 876 613 919 etiamf
651 880 885 930 antequam
922 876 1152 919 Pontifexg
1194 876 1245 918 de
1288 890 1337 918 eo
1372 876 1632 919 mentionem
1677 875 1854 917 fecisset

84 941 359 984 audieramus
382 941 511 984 istam
535 942 801 995 prouinciam
825 941 940 983 illius
964 941 1027 983 vti
1051 944 1094 983 et
1116 941 1410 983 lucernensis'¹
1435 941 1662 995 desyderio
1685 940 1825 982 teneri
1845 962 1853 970 -

80 1009 129 1048 vt
161 1007 315 1048 mirum
358 1021 442 1048 non
485 1007 542 1049 sit
583 1021 662 1048 nos
704 1021 754 1048 eo
796 1007 972 1049 iubente
1009 1006 1234 1061 scripsisse
1268 1020 1378 1059 quae
1411 1020 1548 1060 nuper
1589 1005 1853 1059 scripsimus.

78 1071 163 1114 Sed
204 1072 284 1114 hac
326 1072 378 1113 de
413 1086 460 1114 re
502 1072 730 1114 scribimus
772 1072 826 1113 ad
860 1072 904 1114 P.
939 1072 1262 1126 prouincialem,
1308 1076 1355 1113 vt
1388 1075 1432 1114 et
1473 1071 1525 1113 de
1567 1070 1855 1125 professionei

80 1136 127 1180 P.
151 1136 328 1180 Martini
361 1137 681 1191 Leubensteyn,
721 1140 766 1180 et
799 1137 850 1179 de
884 1137 1139 1180 dimittendo
1174 1137 1376 1179 Gisberto
1408 1135 1696 1178 Louaniensik
1729 1149 1855 1189 quem

79 1202 128 1243 R.
154 1202 201 1245 T.
227 1201 338 1245 sciat
370 1202 478 1244 non¹
510 1202 644 1244 fuisse
676 1202 817 1244 isthuc
851 1202 1078 1244 remissum
1113 1202 1242 1244 aliam
1277 1203 1330 1244 ob
1354 1216 1544 1252 causam,
1580 1215 1706 1254 quam
1741 1201 1853 1254 quod

77 1281 306 1321 perperam
330 1268 412 1309 huc
434 1267 592 1309 missus
614 1270 744 1317 esset,
776 1282 858 1309 non
885 1270 932 1309 vt
955 1268 996 1309 in
1021 1267 1244 1322 prouincia
1267 1267 1531 1309 retineretur
1554 1280 1648 1308 cum
1674 1266 1856 1308 aliorum

76 1332 316 1374 offensione
349 1336 393 1375 et
426 1333 628 1387 pernicie.
687 1333 751 1374 De
786 1333 829 1374 P.
856 1332 1031 1375 Natalis
1064 1332 1332 1386 profectione
1364 1332 1553 1374 nondum
1586 1331 1856 1373 resciuimus.

78 1396 159 1446 Qui
193 1398 263 1440 vbi
286 1398 470 1448 venerit,
505 1398 752 1440 curabimus
786 1401 835 1441 vt
867 1400 1096 1440 moneatur
1129 1397 1272 1452 officij‚
1307 1397 1390 1440 etsi
1422 1397 1582 1439 scimus
1606 1397 1743 1438 multa
1766 1395 1857 1438 eius

78 1463 216 1505 aetati
257 1464 542 1505 condonanda
583 1477 692 1506 esse.
756 1463 874 1505 Libri
906 1463 950 1505 P.
977 1463 1177 1505 Turriani
1210 1463 1350 1504 adhuc
1383 1462 1451 1504 hic
1484 1465 1598 1511 sunt,
1643 1465 1687 1504 et
1719 1462 1773 1503 ab
1807 1475 1856 1503 eo

77 1531 461 1581 recognoscuntur.
523 1529 574 1571 Js
614 1532 770 1571 nactus
804 1532 871 1571 est
904 1528 1174 1571 occasionem
1209 1542 1293 1582 qua
1335 1528 1474 1582 possit
1505 1541 1606 1569 suos
1640 1540 1856 1569 commen-

79 1593 215 1635 tarios
252 1597 373 1636 recta
406 1594 626 1636 Coloniam
669 1594 857 1637 mittere.
921 1595 1084 1647 Jtaque
1126 1608 1211 1635 non
1253 1593 1337 1636 erit
1377 1593 1458 1635 hac
1499 1593 1542 1634 in
1575 1596 1700 1647 parte
1733 1592 1784 1635 R.
1808 1592 1855 1635 T.

79 1658 303 1701 molestus.
357 1659 442 1702 Sed
475 1673 634 1713 operae
667 1659 858 1713 precium
892 1659 1060 1701 faceret
1091 1659 1126 1700 si
1161 1672 1258 1700 eum
1292 1673 1369 1713 per
1400 1658 1552 1700 literas
1576 1659 1773 1699 moneret
1806 1657 1857 1698 de

78 1723 132 1778 iJ's
174 1738 285 1777 quae
318 1724 360 1765 in
394 1724 485 1766 eius
526 1724 649 1766 libris
690 1724 818 1766 isthic
859 1724 1277 1778 repmehenduntur,
1321 1738 1404 1777 quo
1437 1723 1518 1765 sibi
1549 1722 1592 1764 in
1634 1725 1856 1776 posterum

77 1802 236 1831 cauere
277 1789 428 1843 possit.
494 1790 613 1831 Haec
655 1789 786 1831 habui
824 1803 935 1843 quae
969 1789 1017 1831 R.
1044 1790 1092 1831 T.
1116 1789 1439 1843 responderem,
1474 1791 1675 1842 superest
1708 1791 1757 1829 vt
1789 1801 1857 1829 me

76 1854 372 1896 commendem
416 1854 508 1896 eius
549 1855 748 1909 precibus
791 1857 899 1896 ets.
935 1854 1157 1909 sacrificijs
1199 1856 1364 1907 atquem
1406 1853 1444 1895 ei
1479 1853 1669 1895 vicissim
1711 1855 1857 1907 optem

78 1918 309 1972 plurimam
342 1933 368 1961 a
400 1919 585 1962 Domino
618 1919 975 1962 benedictionem.
1030 1919 1196 1961 Romae
1228 1921 1313 1962 ,30.
1338 1919 1526 1972 Augusti
1565 1919 1688 1960 1577.

198 2013 426 2045 Mercurium·
452 2012 496 2046 ad
516 2013 705 2046 Hoffaeum
732 2011 927 2057 *epistula‚
955 2013 999 2046 ad
1027 2024 1133 2056 quam
1154 2011 1321 2046 Canisius
1348 2012 1383 2045 in
1411 2011 1466 2046 his
1493 2011 1627 2046 litteris
1646 2011 1856 2051 remittitur,

78 2064 192 2099 Roma
220 2066 250 2099 l.
270 2065 492 2110 Septembris
522 2067 610 2100 1577
638 2067 723 2100 data
749 2070 822 2107 est;
851 2067 886 2100 in
913 2078 984 2110 qua
1010 2066 1072 2100 ille
1103 2066 1244 2100 Patrem
1265 2065 1507 2100 Leubenstain
1534 2065 1579 2099 ad
1599 2064 1858 2110 professionem

76 2118 232 2156 admitti.
259 2118 447 2152 Rotarium
475 2131 520 2153 ex
548 2119 727 2154 Societate
754 2120 888 2154 dimitti
914 2120 1033 2159 iubet;
1074 2119 1116 2153 de
1143 2119 1407 2163 salisburgensi
1443 2121 1564 2152 autem
1589 2117 1782 2152 seminario
1808 2129 1859 2157 se,

78 2174 253 2216 quantum
289 2172 366 2206 fieri
402 2173 525 2218 possit,
562 2173 656 2218 apud
694 2174 899 2218 pontificem
940 2174 1277 2214 „intercessurum“‚
1313 2185 1358 2206 ne
1394 2184 1414 2206 a
1441 2172 1622 2207 Societate
1658 2172 1735 2205 eius
1773 2181 1860 2205 cura

76 2225 213 2271 suscipi
249 2226 388 2260 debeat.
441 2225 577 2260 Deinde
611 2226 738 2260 scribit
774 2226 837 2270 (cf.
872 2238 983 2271 supra
1018 2238 1052 2271 p.
1071 2226 1179 2269 408):
1229 2225 1376 2268 „Placet
1401 2226 1442 2259 R.
1462 2226 1501 2260 T.
1530 2224 1719 2259 consilium
1755 2224 1798 2258 de
1825 2236 1858 2269 p.

78 2277 176 2313 Petri
204 2279 339 2324 Canisij
366 2279 499 2325 studijs
525 2282 634 2323 atque
661 2280 1204 2325 occupationibus·praesertim
1239 2291 1319 2313 cum
1353 2280 1430 2324 ipse
1465 2280 1502 2313 in
1538 2279 1661 2313 eadem
1697 2279 1747 2312 sit
1781 2289 1859 2312 sen-

76 2332 212 2367 tentia“
245 2332 308 2376 (ex
335 2344 476 2374 comm.,
511 2333 577 2368 Rh.
600 2333 663 2367 lnf.
687 2334 716 2374 1,
743 2333 785 2374 II,
813 2334 838 2368 f.
862 2335 956 2377 14³).

79 2447 232 2485 1985.
316 2449 378 2486 Ρ.
404 2449 749 2487 NICOLAI'S
777 2448 1076 2486 LANOII'S
1106 2449 1312 2496 provinciae
1345 2450 1550 2484 austriacae
1578 2449 1612 2484 S.
1634 2450 1666 2484 J.
1694 2449 1862 2484 visitator

270 2510 340 2545 ΡΡ.
368 2510 528 2545 PAULO
557 2510 782 2545 HOFFAEO
811 2513 847 2545 et
876 2510 1033 2545 PETRO
1063 2510 1264 2545 CANISIO.

1096 2576 1215 2619 Praga
1243 2575 1339 2609 circa
1366 2586 1412 2610 m.
1431 2575 1680 2620 Septembrem
1710 2575 1812 2609 1577.

199 2646 255 2680 Ex
276 2646 400 2681 Lanoii
429 2647 473 2681 ad
500 2647 768 2681 Mercurianum
796 2646 960 2691 epistolis
987 2646 1237 2691 autographis.
1277 2646 1398 2680 Germ.
1419 2646 1486 2681 138
1513 2645 1537 2680 f.
1557 2645 1643 2680 376³
1669 2645 1737 2680 322
1765 2645 1862 2680 265³:

200 2707 320 2740 Socios
345 2708 481 2750 aliquot
508 2708 611 2750 offert
638 2708 724 2740 aliis
751 2707 865 2740 Sociis
886 2707 1157 2750 peruastandos.

139 2790 188 2832 P.
212 2790 416 2833 Nic-olaus
449 2791 641 2832 Lcmoius
673 2792 716 2832 S.
741 2790 798 2842 J.‚
843 2792 915 2846 qui
949 2805 988 2832 a.
1015 2791 1131 2831 1577
1174 2791 1294 2831 iussu
1328 2790 1599 2831 Mercurium
1630 2788 1862 2842 praepositi

74 2857 289 2909 yeneralis
316 2857 582 2910 provinciam
616 2856 834 2897 Societatis
868 2856 1130 2897 austriacam
1164 2854 1546 2907 1υἰδίιξαόιιιέ(Ηιιὴν,
1581 2854 1669 2895 Jes.
1695 2853 1861 2904 1597),

79 2921 331 2962 Vindobona
365 2923 433 2962 10.
466 2920 588 2961 Iunii
621 2922 738 2962 1577
771 2921 1047 2962 Met-cariano
1091 2921 1284 2974 scripsit:
1328 2920 1454 2974 „Aqit
1487 2920 1533 2960 in
1577 2919 1652 2960 hoc
1686 2918 1862 2972 Colleyio

199 3021 228 3049 a)
243 3019 305 3043 Hoc
324 3027 348 3044 v.
368 3027 461 3050 supra
485 3027 598 3044 versum
625 3020 766 3051 scriptum
788 3022 838 3045 ese.
926 3018 956 3049 b)
979 3019 1118 3051 Sequilm·
1137 3018 1246 3046 virtus.
1267 3025 1332 3048 nec,
1352 3018 1441 3043 oblite.
1516 3018 1543 3047 c)
1567 3018 1612 3042 Ita
1633 3018 1663 3041 in
1684 3025 1781 3041 comm.
1803 3024 1863 3040 cor-

79 3063 189 3085 rectum
209 3063 252 3085 ese
271 3067 308 3085 eat
327 3059 436 3085 melius
456 3059 572 3085 sentiat
593 3059 630 3085 de
650 3059 746 3086 Jtalia
766 3060 835 3087 sibi.
934 3060 964 3091 d)
987 3061 1128 3092 Sequitur
1147 3059 1258 3089 isthuc,
1278 3060 1368 3084 obliti.
1479 3059 1506 3089 e)
1529 3059 1680 3084 Antecedit
1702 3058 1753 3087 De,
1773 3058 1863 3082 oblim.

80 3101 104 3132 f)
125 3102 187 3126 Hoc
208 3110 231 3126 v.
245 3109 339 3133 supra
362 3109 475 3126 versum
495 3102 639 3133 scriptum
660 3106 711 3128 est.
785 3103 816 3134 g)
838 3103 978 3134 Sequitur
998 3100 1083 3131 illud,
1104 3101 1194 3125 oblitt.
1257 3100 1288 3132 li)
1310 3102 1390 3125 Ilaec
1409 3102 1426 3125 3
1446 3109 1489 3125 vr.
1502 3108 1596 3132 supra
1619 3108 1732 3125 versum
1753 3100 1862 3130 scripta

76 3146 156 3167 sunt.
230 3141 251 3173 i)
272 3144 332 3167 Hoc
352 3151 376 3168 v.
395 3151 490 3174 supra
518 3150 631 3168 versum
651 3144 793 3176 scriptum
815 3147 864 3169 est.
940 3143 972 3171 k)
994 3145 1039 3168 Ita
1061 3151 1135 3167 corr.
1157 3146 1198 3167 est
1224 3150 1260 3167 ez·
1281 3141 1515 3169 LouananIensi.
1590 3141 1610 3171 l)
1633 3142 1773 3173 Sequitur
1795 3147 1863 3166 esse

78 3183 130 3215 ali,
156 3185 246 3209 oblitt.
321 3184 361 3213 m)
383 3185 523 3216 Sequitur·
543 3183 643 3210 eidem
664 3186 707 3210 vel
726 3185 823 3211 simile
846 3193 879 3215 zu,
900 3185 990 3210 oblite.
