2051 3433
165 165 258 189 xxxv
701 152 744 186 11.
773 150 994 184 Prooemium
1023 148 1214 183 voluminis
1241 147 1395 193 septimi.

167 269 280 304 Fabro
316 270 349 303 in
378 269 568 304 Germania
603 267 718 312 gestis
744 270 956 300 narraverat
983 265 1057 307 (ubi
1084 265 1237 299 Fabrum
1275 276 1353 299 cum
1384 265 1518 298 ssucero
1554 266 1590 297 et
1624 262 1705 297 aliis
1739 262 1826 296 fecit
1851 273 1930 296 con-

167 334 350 367 gressum;
391 322 424 356 id
461 321 552 365 quod
590 332 702 365 nuper
737 320 770 354 in
806 320 1086 354 controversiam
1124 321 1290 352 vocatum
1327 318 1410 360 est),
1450 316 1592 361 copiose
1627 319 1683 349 est
1717 326 1824 358 usus;
1862 315 1933 349 alia

167 379 286 411 tamen
314 375 486 419 neglexit,
522 386 563 408 ea
591 374 756 413 maxime,
793 383 884 416 quae
911 373 953 406 de
984 372 1019 406 P.
1038 371 1186 406 Nicolao
1215 370 1400 405 Bobadilla
1427 372 1527 403 erant
1557 369 1677 413 (quem
1706 368 1871 403 Canisius
1897 369 1931 402 in

169 429 359 464 Germania
378 428 563 470 „ingentes
582 427 741 461 labores“
761 425 970 459 exantlasse
989 427 1024 458 et
1044 426 1077 458 in
1097 424 1250 458 comitiis
1270 436 1332 468 pro
1352 424 1503 458 ecclesia
1522 423 1727 465 „gnaviter“
1752 433 1933 466 pugnasse

168 482 323 525 dixerat)
345 481 429 524 (260
449 481 544 523 261).
574 482 664 514 Acta
683 482 718 513 et
737 479 880 513 decreta
900 478 1126 512 conciliorum
1148 478 1286 511 nicaeni
1306 480 1341 511 et
1360 477 1519 521 ephesini
1536 476 1687 509 Pisanus
1703 479 1738 509 et
1750 475 1932 515 Peltanus‚

168 534 358 570 Societatis
383 533 534 573 sodales,
562 533 726 576 Dilingae
754 535 789 566 et
811 531 1018 574 Ingolstadii
1046 534 1213 565 accurate
1239 531 1426 565 ediderunt
1456 529 1540 570 (222
1567 529 1665 572 756).
1704 528 1934 563 Colonienses

168 590 327 622 actorum
355 586 583 621 conciliorum
610 586 765 619 omnium
793 596 812 618 a
839 584 942 618 Surio
969 584 1197 627 vulgatorum
1226 595 1354 617 novam
1383 583 1574 617 editionem
1602 582 1796 627 parabant;
1823 593 1934 626 quare

170 641 335 675 Canisius
367 652 429 685 per
456 639 596 673 litteras
632 638 744 683 petiit,
782 641 821 671 ut
847 637 980 671 Romae
1006 637 1138 681 aliquis
1165 637 1453 676 constitueretur,
1491 637 1550 680 qui
1578 636 1676 681 operi
1702 635 1753 669 illi
1781 635 1934 680 locuple-

169 694 276 728 tando
312 705 376 736 „ex
412 692 591 737 professo“
622 693 769 725 vacaret
798 690 912 732 (293).
964 690 1141 734 Georgius
1168 690 1261 723 Eder
1298 694 1333 724 et
1371 691 1518 723 loannes
1545 688 1699 730 Fickler,
1735 688 1935 733 principum

170 746 360 782 consiliarii
388 746 475 779 iuris
502 744 618 790 periti,
645 744 746 778 libris
776 743 1060 786 „Evangelische
1086 743 1318 787 Inquisition“
1350 745 1384 777 et
1414 743 1630 787 „Theologia
1656 742 1825 776 iuridica“
1856 753 1936 776 con-

169 800 314 844 scriptis
335 810 396 843 pro
415 798 669 833 catholicorum
690 797 826 831 iuribus
845 799 990 831 strenue
1012 799 1328 841 propugnaverunt
1357 797 1441 835 (142
1468 797 1566 835 663).
1603 796 1691 830 Cum
1710 795 1875 830 Andreae
1894 795 1937 829 de

170 854 272 896 Vega
306 852 533 886 Franciscani
570 851 710 896 hispani
747 852 782 884 et
816 850 974 894 theologi
1010 850 1194 884 tridentini
1230 850 1320 884 liber
1351 850 1422 891 „De
1457 850 1732 884 iustificatione“
1763 849 1798 883 in
1831 849 1937 884 ltalia

171 906 359 941 admodum
382 905 550 939 mendose
569 915 724 938 excusus
743 906 849 945 esset,
877 904 1042 938 Canisius
1061 905 1097 937 et
1123 903 1317 948 prospexit,
1345 906 1384 937 ut
1411 903 1551 946 insigne
1577 903 1643 937 hoc
1662 914 1750 947 opus
1769 902 1937 937 Coloniae

170 971 201 994 a.
224 959 313 993 1572
339 958 469 992 iterum
489 958 738 997 excuderetur,
766 958 802 990 et
827 957 862 990 in
880 957 988 1000 longa
1008 956 1228 1001 praefatione
1247 956 1393 990 editioni
1419 956 1502 990 huic
1528 956 1734 1001 praeposita
1755 955 1936 990 Bartholo-

171 1023 311 1047 maeum
338 1012 562 1052 Laurentem,
598 1010 859 1056 typographiae
887 1010 1137 1054 quentelianae
1164 1013 1414 1050 correctorem,
1442 1009 1547 1044 valde
1574 1010 1747 1051 laudavit,
1783 1009 1876 1054 quod
1903 1010 1937 1043 in

171 1077 211 1100 eo
245 1065 336 1099 libro
367 1066 482 1107 „recte
517 1066 553 1098 et
588 1064 764 1106 castigate
790 1063 1008 1097 recudend0“
1040 1063 1233 1108 plurimum
1270 1062 1488 1103 laborasset;
1525 1066 1565 1097 ut
1600 1063 1703 1104 enim,
1739 1063 1800 1105 ait,
1835 1063 1858 1097 ii
1886 1074 1938 1096 re—

171 1118 406 1165 prehensione
441 1118 537 1161 digni
574 1120 669 1157 sunt,
705 1129 855 1161 quorum
884 1117 971 1151 vitio
1006 1117 1055 1158 fit,
1091 1121 1130 1151 ut
1166 1117 1337 1151 bonorum
1373 1119 1558 1151 auctorum
1589 1117 1724 1162 scripta
1755 1116 1939 1160 „neglecte

171 1172 359 1207 admodum
382 1172 624 1206 excudantur:
652 1171 703 1205 sic
722 1171 891 1204 eximiam
918 1172 953 1204 et
979 1170 1158 1215 publicam
1186 1170 1486 1214 praedicationem
1514 1171 1564 1204 illi
1592 1172 1850 1216 promerentur.
1878 1170 1939 1214 qui

172 1225 336 1269 egregios
362 1224 510 1259 aliorum
538 1224 678 1258 labores
704 1224 796 1258 bona
820 1224 889 1257 fide
915 1224 950 1257 iu
978 1223 1157 1268 publicum
1184 1224 1348 1263 efferunt,
1375 1235 1416 1258 ac
1435 1224 1622 1258 emendate
1641 1226 1769 1258 curant
1787 1224 1935 1258 excudi“

176 1279 235 1322 (82
262 1279 359 1321 641).
408 1278 460 1311 Ex
488 1277 611 1311 eadem
649 1277 890 1322 typographia
916 1289 947 1312 a.
971 1277 1059 1311 1577
1088 1277 1125 1311 P.
1146 1278 1277 1311 Ioanne
1308 1277 1416 1312 Hasio
1442 1278 1476 1312 S.
1496 1278 1528 1312 J.
1558 1281 1706 1312 curante
1733 1280 1769 1312 et
1796 1277 1939 1312 Canisio

172 1333 319 1366 iuvante
349 1330 469 1376 „Opus
504 1330 797 1366 catechisticum“
828 1331 907 1365 sive
937 1330 1228 1373 „Authoritatum
1257 1330 1388 1365 Sacrae
1416 1330 1622 1376 Scripturae
1658 1334 1694 1365 et
1728 1331 1939 1366 Sanctorum

173 1386 331 1426 Patrum,
367 1396 458 1429 quae
494 1385 528 1419 in
555 1385 702 1419 Summa
738 1384 920 1418 doctrinae
953 1383 1170 1418 christianae
1197 1384 1361 1419 Doctoris
1388 1385 1485 1419 Petri
1513 1385 1645 1420 Canisii
1665 1412 1672 1420 .
1694 1414 1700 1420 .
1721 1412 1728 1420 .
1749 1385 1940 1425 citantur“,

173 1439 279 1473 editio
306 1438 524 1483 amplificata
555 1438 703 1483 prodiit:
742 1449 833 1482 quae
860 1438 998 1472 duobus
1024 1438 1127 1472 annis
1154 1441 1235 1483 post
1263 1438 1411 1473 Parisiis
1438 1441 1475 1473 et
1500 1439 1669 1484 deinceps
1693 1439 1838 1483 saepius
1864 1438 1940 1472 vul-

173 1495 259 1537 gata
284 1495 337 1526 est
364 1496 399 1526 et
432 1493 531 1526 initio
558 1491 692 1527 saeculi
719 1502 811 1526 xv11.
853 1491 1073 1535 VVolfgango
1101 1491 1294 1526 Guilielmo
1322 1492 1496 1532 Palatino,
1533 1492 1612 1526 duci
1639 1492 1879 1536 neoburgensi
1906 1495 1942 1526 et

172 1546 370 1587 mliacensi,
397 1546 588 1591 praecipua
614 1545 783 1579 redeundi
810 1545 855 1579 ad
883 1545 1070 1579 ecclesiam
1098 1557 1207 1579 causa
1233 1545 1319 1586 fuit;
1349 1557 1392 1579 ex
1411 1557 1482 1590 qua
1500 1546 1733 1580 conversione
1752 1546 1938 1580 ecclesiam

174 1599 387 1634 catholicam
422 1600 616 1634 maximam
652 1600 791 1644 cepisse
825 1598 1019 1633 utilitatem
1058 1610 1181 1633 omnes
1215 1601 1346 1633 norunt
1383 1600 1468 1641 (766
1505 1600 1573 1634 768
1609 1600 1707 1643 803).
1767 1599 1939 1643 Magnum

175 1652 427 1687 detrimentum
454 1664 511 1687 res
538 1652 716 1687 catholica
742 1652 904 1697 accipere
937 1655 1076 1697 poterat
1103 1664 1149 1686 ex
1177 1652 1321 1686 Martini
1349 1652 1542 1687 Chemnitii
1568 1652 1729 1696 theologi
1761 1653 1941 1688 lutherani

181 1706 373 1749 „Examine
400 1706 540 1741 concilii
576 1706 781 1740 tridentini“
812 1705 945 1740 fabulis
981 1706 1115 1740 referto
1152 1708 1187 1739 et
1221 1706 1328 1741 simul
1363 1706 1519 1752 speciem
1546 1707 1755 1742 eruditionis
1791 1719 1877 1752 prae
1902 1718 1942 1741 se

176 1759 324 1799 ferenti;
361 1759 453 1804 quod
489 1771 568 1793 cum
604 1759 852 1804 perspexisset
884 1758 1067 1799 Canisius,
1103 1761 1137 1793 et
1170 1759 1314 1794 Morono
1350 1760 1534 1802 cardinali,
1569 1763 1606 1794 et
1641 1760 1785 1795 Portiae
1819 1759 1943 1794 nuntio

176 1813 382 1858 apostolico,
418 1815 454 1846 et
479 1812 705 1846 Mercuriano
743 1812 945 1857 praeposito
980 1812 1140 1856 generali
1167 1813 1336 1855 instabat,
1373 1815 1412 1847 ut
1438 1813 1677 1848 Chemnitium
1706 1814 1943 1848 refellendum

177 1869 359 1906 curarent:
404 1866 534 1900 idcirco
573 1866 819 1900 Mercurianus
857 1866 986 1899 librum
1027 1865 1219 1901 Chemnitii
1257 1867 1301 1900 ad
1341 1867 1589 1902 doctissimum
1629 1867 1729 1901 illum
1769 1867 1943 1902 Didacum

178 1921 340 1966 Payvam
361 1920 403 1954 de
422 1919 590 1954 Andrada
617 1919 734 1961 misit3
761 1919 822 1963 qui
849 1920 1032 1963 egregiam
1061 1919 1157 1954 illius
1183 1920 1328 1965 scripsit
1353 1921 1610 1955 refutationem
1639 1922 1724 1964 (240
1751 1921 1820 1956 362
1846 1921 1943 1965 683).

178 1974 361 2008 Adversus
388 1973 578 2007 Centurias
604 1975 723 2007 autem
751 1973 1083 2016 Magdeburgenses
1111 1973 1277 2008 Canisius,
1304 1974 1380 2019 ipse
1406 1975 1510 2008 annis
1539 1976 1774 2010 1569—1577
1810 1975 1945 2018 grande

178 2027 264 2062 illud
291 2039 379 2072 opus
409 2027 480 2069 „De
499 2027 615 2061 Maria
633 2026 784 2070 Virgine
809 2027 1080 2072 incomparabili
1101 2029 1138 2061 et
1157 2027 1219 2061 Dei
1247 2028 1422 2071 genitrice
1440 2030 1705 2070 sacrosamta‘,
1733 2041 1803 2074 quo
1821 2033 1946 2064 contra

177 2092 299 2115 omnes
326 2081 460 2115 Mariae
496 2081 663 2115 honorem
698 2080 858 2115 minuere
893 2092 1118 2125 quocumque
1152 2083 1312 2127 tempore
1348 2084 1496 2116 conatos
1536 2083 1686 2125 „bellum
1722 2082 1942 2117 marianum“

178 2134 378 2178 gerebatur,
405 2145 542 2169 summo
569 2145 649 2169 cum
675 2134 795 2168 labore
822 2135 1033 2179 composuit,
1064 2146 1267 2179 „nunquam
1293 2135 1359 2170 sibi
1387 2135 1635 2171 satisfaciens“
1666 2137 1815 2181 ideoque
1836 2137 1945 2182 scrip-

178 2188 330 2230 toribus,
365 2188 586 2230 censoribus,
623 2187 861 2233 typographis
897 2188 1164 2222 incommodaus
1201 2188 1286 2231 (763
1324 2189 1392 2223 776
1429 2190 1496 2224 785
1533 2190 1639 2233 787);
1676 2190 1766 2224 libro
1801 2190 1947 2225 tandem

179 2242 213 2276 in
248 2241 362 2276 lucem
400 2241 529 2276 emisso
562 2241 755 2276 cardinalis
782 2241 985 2276 Stanislaus
1011 2241 1144 2276 Hosius
1177 2242 1313 2276 auctori
1340 2242 1505 2287 scripsit:
1544 2243 1636 2285 „Vix
1664 2244 1853 2288 quisquam
1881 2246 1947 2285 est,

179 2306 200 2330 a
235 2307 303 2339 quo
338 2295 474 2338 magis“
512 2295 742 2330 sanctissima
778 2294 880 2339 virgo
919 2296 1048 2338 „fuerit
1082 2295 1283 2329 illustrata“
1325 2295 1438 2339 (435).
1490 2296 1599 2331 Plura
1626 2298 1668 2331 de
1694 2297 1761 2332 hoc
1795 2297 1885 2332 libro
1912 2297 1947 2331 in

180 2349 340 2394 proximo
367 2347 546 2383 volumine
583 2348 763 2389 dicentur;
802 2348 869 2383 hoc
905 2350 1045 2382 tantum
1071 2352 1175 2383 noto:
1213 2348 1378 2383 Canisius
1413 2350 1448 2383 in
1475 2362 1515 2384 eo
1541 2354 1617 2384 tum
1645 2351 1820 2385 famosum
1847 2350 1948 2384 illum

181 2401 417 2436 exorcismum
448 2413 551 2435 suum
579 2402 804 2446 ottinganum
831 2402 1001 2440 defendit,
1037 2405 1112 2436 tum
1140 2402 1358 2437 exorcismos
1385 2403 1558 2437 ecclesiae
1584 2404 1774 2438 universos
1808 2406 1949 2438 tutatus

181 2457 236 2489 est
262 2457 297 2489 et
322 2454 443 2489 divina
470 2466 549 2489 esse
580 2455 785 2489 testimonia
810 2454 1071 2489 demonstravit
1098 2455 1213 2498 (659).
1266 2456 1411 2497 Deinde,
1446 2458 1486 2491 ut
1512 2457 1600 2491 nihil
1626 2458 1741 2492 dicam
1769 2457 1811 2491 de
1838 2458 1950 2492 variis

182 2507 316 2544 Canisii
342 2508 517 2552 operibus,
550 2508 650 2542 velut
680 2509 769 2543 libro
804 2509 1047 2554 precationum
1075 2509 1291 2552 germanico,
1327 2509 1488 2554 epistolis
1514 2511 1786 2555 evangeliisque
1812 2511 1949 2545 dierum

181 2572 375 2601 sacrorum,
402 2561 564 2605 epistolis
590 2561 870 2606 hieronymianis
889 2564 956 2596 etc.
976 2561 1043 2596 hoc
1068 2564 1229 2607 tempore
1257 2564 1384 2597 iterum
1404 2563 1520 2605 editis,
1547 2564 1756 2599 catechismi
1776 2565 1949 2599 canisiani

182 2614 284 2648 annis
313 2614 544 2649 1572-1580
580 2615 763 2649 minimum
799 2616 844 2650 55
872 2615 1046 2650 editiones
1080 2616 1198 2650 factae
1232 2619 1335 2657 sunt;
1372 2616 1462 2651 liber
1493 2617 1611 2652 editus
1646 2622 1700 2652 est
1727 2618 1948 2659 Annessiaci,

183 2667 414 2711 Antverpiae,
442 2668 627 2710 Augustae
654 2668 902 2709 Taurinorum,
931 2668 1106 2709 Coloniae,
1135 2669 1325 2714 Compluti,
1353 2669 1557 2711 Cracoviae‚
1594 2671 1785 2716 Dilingae„
1806 2671 1949 2706 Dussel-

184 2720 307 2765 dorpii‚
335 2720 507 2761 Holmiae‚
536 2721 757 2764 Ingolstadii‚
785 2722 916 2763 Leodii,
943 2722 1147 2764 Mediolani,
1183 2723 1391 2757 Monasterii
1416 2723 1723 2769 WVestphalorum,
1758 2725 1949 2766 Novariae,

187 2773 344 2813 Parisiis,
374 2773 521 2816 pragae,
545 2774 688 2816 Romae,
715 2775 965 2817 Salmanticae,
990 2775 1188 2817 Ultraiecti‚
1210 2776 1381 2819 Venetiis,
1401 2776 1574 2818 Veronae,
1601 2777 1735 2821 linguis
1754 2778 1950 2819 bohemica,

185 2826 383 2861 britannica
417 2827 530 2870 (761),
566 2827 707 2870 gallica,
743 2828 959 2871 germanica,
992 2829 1189 2875 hispanica,
1225 2830 1356 2870 italica,
1393 2830 1514 2869 latina.
1550 2832 1692 2866 suecica
1725 2831 1840 2874 (801),
1874 2832 1950 2866 vla-

186 2879 295 2919 mica;
332 2880 583 2924 explicabatur
609 2881 642 2914 in
670 2881 873 2916 seminariis
903 2882 1233 2928 archiepiscopatus
1261 2883 1538 2918 mediolanensis
1563 2895 1584 2918 a
1610 2884 1643 2919 S.
1673 2883 1798 2919 Carolo
1824 2886 1950 2920 Borro-

186 2944 285 2967 maeo
321 2933 493 2974 conditi&
534 2933 567 2966 in
606 2932 794 2968 Societatis
832 2935 983 2979 collegio
1021 2948 1185 2976 romano,
1224 2936 1258 2970 in
1296 2935 1487 2971 Societatis
1522 2937 1683 2981 collegiis
1717 2937 1879 2982 gallicis,
1914 2938 1950 2972 in

186 2985 487 3031 Transsylvania,
524 2986 557 3019 in
594 2986 699 3020 Creta
736 2986 922 3031 (Gaudia),
959 2990 992 3023 in
1031 2989 1140 3023 Indiis
1176 2989 1262 3032 (748
1298 2989 1365 3024 753
1403 2989 1470 3024 758
1504 2990 1572 3025 803
1608 2990 1693 3034 820)
1713 2992 1732 3026 ¹.
1785 2990 1951 3026 Coloniae

311 3088 317 3106 ¹
356 3085 540 3128 Canisius,
578 3087 693 3131 inquit
729 3090 927 3132 Leopoldus
961 3090 1193 3133 Zscharmtk,
1229 3089 1464 3124 berolinensis
1500 3090 1681 3135 professor
1719 3091 1952 3132 acatholicus,

192 3139 383 3183 „iiberragt
409 3140 519 3174 durch
538 3141 636 3175 seine
654 3140 863 3185 Thatigkeit
890 3142 944 3177 als
971 3143 1261 3178 katechetischer
1279 3143 1542 3178 Schriftsteller
1567 3143 1616 3178 all
1634 3145 1732 3179 seine
1752 3144 1950 3180 Glaubens-
