2051 3433
182 150 267 192 842
956 144 1050 177 Mon.
1078 143 1178 177 1262.

181 265 263 308 etsi
307 263 567 307 Reuerentia
595 264 645 306 V.
689 262 767 304 sibi
812 263 940 317 paulo
982 261 1293 305 incommodius
1335 265 1568 315 antequam
1610 263 1748 305 Roma
1789 262 1951 304 rediret

181 330 431 373 affirmabat
452 329 546 371 fore
568 328 812 370 faciendum
835 332 981 370 tamen
1008 327 1179 370 omnino
1200 327 1373 369 uidetur
1393 330 1482 369 tum
1512 327 1782 370 obedientiae
1804 341 1948 377 causa,

180 398 271 437 tum
305 395 434 437 etiam
470 393 673 436 utilitatis
706 396 904 435 nostrae“
935 393 1008 445 (ex
1041 407 1216 437 comm:
1255 392 1331 435 [ἰὴ.
1359 393 1437 435 Inf.
1466 395 1502 442 1,
1537 392 1577 433 ΙΙ
1609 392 1638 435 f.
1662 392 1766 445 48¹²).

300 460 458 509 Quaeri
500 473 602 512 ergo
645 459 875 513 oportebat
909 458 1141 500 Societatis
1175 457 1312 499 virum
1354 458 1647 512 „prudentem,
1690 458 1818 512 plane
1858 457 1950 499 ido-

181 540 330 576 neum,
374 525 690 574 moderatum“,
737 523 808 576 qui
856 523 1135 578 provincialis
1177 522 1348 564 nomine
1390 521 1534 564 omnia
1581 522 1859 577 ‚,inspiceret“
1907 525 1952 565 et

183 591 317 634 Sociis
339 589 651 632 habitationem
685 592 863 643 pararet
886 589 1168 638 commodam,
1203 602 1253 629 ac
1276 602 1346 630 res
1369 588 1498 630 valde
1520 602 1677 641 urgere
1698 587 1950 637 videbatur;

181 671 280 700 nam
306 655 582 705 Bonhomius‚
617 656 665 697 ut
695 668 749 696 ex
773 654 864 696 eius
888 654 1075 708 epistula
1100 656 1138 696 9.
1164 653 1425 695 Novembris
1454 654 1563 695 1580
1588 653 1642 695 ad
1665 653 1950 696 Schnewlium

182 721 286 763 data
308 721 590 774 intellegitur,
625 720 845 773 sperabat,
881 733 927 761 se
951 722 1138 761 exeunte
1161 718 1399 760 Novembri
1423 719 1493 760 vel
1526 719 1702 761 ineunte
1724 718 1953 760 Decembri

183 801 277 828 cum
323 786 456 828 Sociis
498 785 699 838 Friburgi
742 798 837 826 esse
880 784 1073 826 futurum
1116 783 1332 837 (Berthier
1369 784 1395 826 l.
1428 798 1449 825 c
1494 785 1580 837 58).
1643 784 1798 836 Itaque
1840 783 1954 825 circa

183 852 221 895 d.
251 854 315 894 16.
341 851 603 893 Novembris
630 851 683 892 ab
709 851 890 892 Hoffaeo
924 850 1118 892 delectus
1152 851 1220 891 est
1242 849 1460 899 Canisius;
1495 850 1567 902 qui
1601 851 1667 890 20.
1693 848 1954 890 Novembris

182 917 436 958 Manareum
480 915 708 958 certiorem
752 915 869 965 fecit,
913 928 960 956 se
1002 914 1209 969 postridie
1252 914 1343 956 eius
1385 914 1467 956 diei
1501 914 1676 967 Dilinga
1718 927 1813 956 esse
1856 928 1953 968 pro—

183 982 396 1025 fecturum
431 981 491 1033 (v.
525 995 658 1035 supra
691 995 717 1034 p
757 979 875 1032 591).

303 1047 400 1100 Ipse
438 1049 583 1088 autem
618 1046 826 1100 Hoffaeus
859 1045 1067 1087 Manareo
1109 1045 1235 1086 huius
1276 1044 1382 1087 facti
1423 1044 1534 1086 hanc
1566 1044 1816 1087 *rationem
1856 1043 1955 1086 red-

184 1112 291 1154 didit
335 1112 579 1166 Oeniponte
625 1113 692 1153 25.
739 1111 1000 1153 Novembris
1046 1111 1181 1152 1580:
1235 1111 1548 1161 „Decreueram
1592 1109 1849 1163 Friburgum
1893 1109 1956 1151 ire

183 1178 380 1232 ipsemet,
425 1177 499 1219 sed
534 1176 671 1218 visum
716 1180 783 1218 est
817 1176 1020 1218 Patribus
1052 1178 1101 1218 vt
1142 1175 1251 1217 alios
1293 1175 1533 1218 mitterem:
1577 1189 1760 1228 cumque
1801 1174 1955 1216 uellem

183 1244 358 1285 mittere
377 1242 606 1284 Rectorem
626 1242 943 1283 Lucernensem
958 1243 971 1268 ¹
995 1245 1038 1284 et
1056 1241 1269 1294 quendam
1290 1241 1463 1283 Patrem
1482 1240 1736 1282 Michaelem
1755 1240 1954 1290 Marium,

184 1308 246 1350 sic
288 1308 472 1361 quidem,
508 1311 556 1349 vt
589 1307 786 1349 confecto
820 1308 1013 1360 negocio,
1057 1307 1182 1348 ambo
1217 1306 1408 1347 redirent
1441 1306 1694 1356 Lucernam,
1738 1308 1781 1347 et
1813 1305 1956 1347 nullus

185 1375 382 1415 maneret
414 1372 616 1425 Friburgi
649 1373 797 1414 modo:
843 1386 894 1413 en
928 1375 1140 1426 oportune
1174 1371 1331 1413 adsunt
1367 1371 1523 1413 literae
1557 1372 1601 1414 P.
1631 1372 1676 1413 V.
1703 1373 1751 1412 vt
1784 1370 1955 1412 omnino

186 1439 354 1492 aliquos
388 1438 586 1491 Friburgi
629 1437 882 1490 relinquam.
946 1437 1095 1489 Jgitur
1127 1436 1356 1487 destinaui,
1392 1439 1440 1478 vt
1473 1436 1673 1489 Friburgi
1715 1437 1955 1484 manerent,

187 1504 233 1546 P.
257 1504 434 1546 Petrum
459 1503 674 1545 Canisium
701 1506 745 1545 et
767 1503 812 1545 P.
837 1503 1076 1544 Robertum
1100 1501 1366 1544 Ardrenum:
1401 1501 1598 1543 ordinaui
1631 1501 1800 1554 quidem
1826 1501 1957 1542 etiam

187 1572 237 1612 vt
261 1570 420 1611 Rector
442 1569 730 1610 Lucernensis
754 1571 798 1610 et
822 1568 866 1610 P.
886 1568 1043 1609 Michel
1068 1568 1382 1609 comitarentur
1401 1567 1445 1610 Ρ.
1465 1566 1680 1608 Canisium
1700 1566 1956 1618 Friburgum

187 1649 369 1688 eumque
392 1635 433 1675 in
458 1634 638 1687 negocio
661 1634 876 1683 iuuarent,
912 1648 1005 1674 cum
1030 1632 1117 1675 sint
1152 1632 1344 1687 practicj,
1379 1633 1453 1674 sed
1478 1632 1679 1674 redibunt
1701 1632 1955 1681 Lucernam,

186 1700 258 1742 vbi
293 1701 337 1744 P.
361 1699 547 1742 Michael
580 1699 772 1741 manebit
794 1698 1047 1740 Vicerector
1078 1699 1171 1740 loco
1209 1698 1250 1740 P.
1276 1698 1564 1741 Leubenstein
1599 1697 1769 1751 quando
1794 1696 1957 1738 Romae

187 1765 364 1808 aberit.“
384 1766 400 1792 2
448 1766 541 1806 Hoc
565 1765 738 1807 videtur
771 1768 1037 1818 postremum
1062 1764 1235 1817 Hoffaei
1257 1777 1309 1805 ea
1331 1763 1373 1804 in
1397 1777 1528 1805 causa
1551 1763 1772 1804 decretum
1800 1762 1955 1811 fuisse3

187 1831 255 1873 die
288 1831 401 1872 enim
435 1834 474 1873 4.
509 1830 761 1872 Decembris
802 1831 909 1872 1580
951 1829 1023 1871 ille
1057 1829 1299 1883 Oeniponte
1332 1829 1539 1870 Manareo
1573 1827 1804 1882 *scripsitz
1854 1827 1958 1878 „Die

188 1896 377 1939 crastino
402 1896 499 1938 hinc
518 1909 613 1937 cum
637 1895 744 1937 meis
763 1895 990 1937 comitibus
1009 1894 1227 1936 discedam
1250 1894 1428 1935 Romam
1449 1908 1602 1935 versus
1621 1928 1629 1936 .
1651 1929 1657 1934 .
1682 1929 1688 1936 .
1710 1893 1754 1935 P.
1775 1893 1958 1934 Ioannes

187 1961 453 2004 Rabenstein
496 1962 580 2004 erit
607 1960 995 2015 Viceprouincialis
1036 1959 1328 2013 residebitque
1361 1959 1618 2013 Oeniponti“
1657 1960 1731 2001 (ex
1764 1960 1956 2010 autogi·.;

189 2028 332 2070 Germ.
361 2028 442 2069 158
476 2026 506 2070 f.
531 2026 633 2068 319b
657 2028 755 2068 322εἰ
781 2026 912 2078 32ῑά“).
963 2026 1125 2068 Eodem
1162 2025 1229 2067 die
1252 2026 1511 2067 Bonhomz’us
1540 2039 1594 2066 ex
1617 2037 1716 2065 arce
1742 2022 1959 2065 Pfaffikon

189 2094 243 2136 ad
276 2093 417 2134 lacum
440 2092 678 2146 tigurinum
702 2092 789 2133 sita
812 2091 1099 2134 Schnewlium
1124 2091 1310 2133 monuit:
1352 2090 1487 2140 „Hinc
1506 2125 1514 2132 .
1537 2125 1544 2132 .
1567 2125 1572 2132 .
1595 2089 1818 2131 Luceriam
1845 2092 1958 2142 peto,

188 2159 331 2212 ibique
365 2158 471 2200 duos
501 2160 577 2199 aut
609 2160 713 2207 treS,
748 2157 890 2207 credo,
925 2157 978 2199 ad
1012 2171 1224 2198 summum
1250 2156 1340 2197 dies
1363 2158 1669 2204 commoratus,
1704 2154 1960 2207 Friburgum

189 2224 416 2274 accedam,
465 2223 630 2264 duobus
675 2222 895 2263 minimum
943 2236 998 2264 ex
1043 2222 1262 2264 Societate
1303 2221 1409 2262 Jesu
1452 2220 1656 2262 Patribus
1700 2219 1955 2261 comitatus“

190 2289 406 2340 (Berthier
437 2288 464 2331 l.
489 2303 524 2330 c.
551 2288 758 2340 59—60).
812 2287 967 2340 Itaque
1004 2288 1069 2329 10.
1105 2285 1357 2328 Decembris
1394 2287 1505 2328 1580
1538 2285 1630 2339 ipse
1663 2299 1757 2326 cum
1791 2282 1961 2326 Canisio

191 2357 235 2396 et
267 2353 464 2395 Ardreno
498 2353 758 2406 Friburgum
791 2353 967 2394 tandem
1002 2352 1191 2394 advenit.

310 2419 420 2460 Hinc
466 2417 612 2471 colligi
657 2420 804 2472 potest
848 2420 1023 2460 rectene
1068 2432 1120 2459 au
1168 2430 1293 2458 secus
1337 2416 1507 2458 dicatur
1549 2413 1616 2467 (ut
1660 2414 1820 2456 dictum
1863 2413 1960 2466 est),

190 2484 408 2526 Canisium
442 2497 467 2525 a
500 2483 721 2525 sodalibus
754 2483 843 2524 suis
867 2483 1126 2536 Friburgum
1161 2481 1283 2535 quasi
1312 2481 1556 2534 relegatum
1580 2494 1675 2522 esse
1698 2493 1747 2521 eo
1771 2478 1961 2528 consilio,

191 2552 239 2591 ut
279 2548 337 2590 ibi
379 2550 552 2597 lateret,
597 2548 927 2598 obmutesceret,
972 2547 1287 2601 quodammodo
1322 2546 1448 2588 vivus
1490 2545 1790 2600 sepeliretur3.
1854 2544 1963 2587 Sunt

192 2617 311 2656 certe
345 2614 464 2657 facta
487 2613 645 2666 aliqua,
681 2627 791 2666 quae
825 2613 922 2655 huic
945 2612 1135 2667 opinioni
1168 2612 1352 2666 speciem
1380 2611 1581 2654 veritatis
1613 2610 1866 2666 praebeant.
1914 2608 1963 2650 In

192 2679 343 2720 horum
378 2679 548 2732 quidem
582 2692 762 2727 numero
796 2678 871 2720 vix
904 2678 1003 2732 poni
1036 2681 1195 2732 potest,
1231 2677 1344 2730 quod
1377 2691 1489 2718 anno
1529 2677 1637 2717 1578
1665 2674 1964 2717 Mercurianus

192 2744 466 2798 praepositus
508 2743 725 2797 generalis
758 2743 973 2785 Canisium
1008 2757 1062 2785 ex
1105 2742 1329 2797 provincia
1362 2741 1621 2784 Germaniae
1653 2739 1887 2795 superioris
1919 2738 1962 2780 in
2022 2755 2026 2759 ·

194 2809 421 2861 collegium
455 2809 769 2861 moguntinum,
804 2809 918 2861 quod
951 2808 1005 2851 ad
1028 2808 1262 2851 Societatis
1295 2807 1562 2861 provinciam
1595 2806 1832 2848 rhenanam
1865 2817 1963 2858 per-

193 2874 374 2924 tinebat,
420 2874 658 2915 transferre
693 2874 938 2928 cogitabat:
983 2874 1190 2928 sperabat
1223 2872 1350 2923 enim,
1390 2871 1620 2923 Canisium,
1665 2870 1738 2924 qui
1770 2869 1964 2912 Danielis

319 2991 325 3009 ¹
355 2989 392 3023 P.
413 2990 606 3023 Martinum
636 2989 887 3023 Leubenstain.
922 2953 951 2982 n

315 3042 327 3062 ²
354 3042 589 3076 Bonhomium
609 3055 629 3077 a
648 3043 838 3078 Societatis
865 3042 1080 3087 praepositis
1097 3041 1243 3086 petisse,
1269 3043 1309 3075 ut
1328 3040 1494 3074 Canisius
1513 3038 1726 3082 Friburgum
1749 3037 1964 3082 mitteretur,

196 3106 382 3140 perperam
409 3095 593 3130 affirmant
619 3095 741 3140 aliqui,
768 3097 809 3130 ut
834 3097 999 3139 Doriyny
1027 3095 1065 3137 (l.
1085 3107 1114 3129 c.
1142 3095 1226 3137 355)
1255 3096 1292 3128 et
1318 3095 1453 3137 Python
1485 3093 1522 3136 (l.
1543 3104 1573 3127 c.
1594 3092 1692 3135 298).

318 3149 330 3168 ⁸
359 3149 397 3182 C.
423 3150 508 3192 Fey,
536 3150 569 3182 in
603 3148 904 3192 „Theologisches
933 3147 1229 3182 Lite1·aturblatt“
1260 3147 1422 3188 XXXIX,
1450 3146 1596 3191 Leipzig
1625 3145 1726 3186 1918,
1755 3143 1832 3178 146.
