2062 3443
702 198 813 232 Roma
842 198 936 233 circa
963 200 995 233 4.
1018 198 1103 232 Maii
1132 199 1234 232 1573.
1772 204 1849 243 121

205 314 243 356 2.
281 312 339 355 Vt
361 311 474 354 inter
496 312 681 354 eundum
706 311 900 354 litaniam
915 311 929 339 ¹
953 310 1249 362 decantarent,
1274 314 1405 364 atque
1424 325 1553 364 quum
1572 311 1627 354 ad
1644 313 1850 366 templum

84 377 305 420 uenissent
336 391 387 419 ea
416 379 688 431 peragerent,
723 390 833 430 quae
855 376 1032 418 hortatu
1054 375 1191 418 bonae
1214 376 1405 418 mulieris
1427 377 1627 419 facienda
1649 377 1735 419 illic
1759 391 1853 420 esse

84 443 300 486 discerent
330 442 468 485 ueteri
502 455 632 491 more,
667 442 779 484 sicut
811 441 953 484 solent
984 441 1328 496 peregrinantes,

201 510 240 552 3.
277 508 335 551 Vt
367 507 548 561 singulis
582 507 816 550 donaretur
847 507 1059 549 rosarium
1093 520 1148 549 ex
1180 507 1303 549 nouis
1335 507 1494 558 allatis,
1535 510 1579 549 et
1611 507 1653 550 in
1687 508 1791 550 urbe
1825 523 1850 551 a

84 573 206 616 Pont.
230 573 378 615 Max.2
401 571 653 623 benedictis,
688 571 869 625 singulis
891 572 1065 626 inquam
1089 571 1361 614 scholasticis
1384 586 1434 614 eo
1457 572 1850 626 peregrinantibus.

201 640 241 681 4.
276 638 337 680 Vt
368 637 623 691 Maguntiae
656 651 801 679 coram
844 637 972 679 altari
1015 637 1183 690 collegij
1226 637 1379 679 litania
1411 637 1659 680 Lauretana
1693 638 1849 680 decan-

81 706 262 753 taretur,
296 716 530 756 omnesque
562 703 701 757 ipsum
735 702 1058 745 sacratissimae
1094 702 1250 756 uirgini
1283 702 1375 745 siue
1407 703 1567 753 uiuum,
1611 703 1703 745 siue
1735 718 1850 745 mor-

81 770 203 810 tuum
236 768 590 811 commendarent
622 767 808 810 recitato
842 782 925 810 uno
958 768 1138 811 rosario.

207 835 246 877 5.
282 833 515 876 Praeterea
547 833 667 875 missi
695 835 797 876 sunt
818 834 1053 876 Lauretum
1086 833 1246 876 fratres
1269 833 1351 875 duo
1375 847 1430 875 ex
1452 833 1556 875 urbe
1570 834 1598 885 3,
1634 833 1703 887 qui
1727 848 1854 877 sacra

80 898 165 941 tria
187 899 362 941 recitari
386 901 590 942 curarent
612 898 654 939 in
679 898 873 940 cubiculo
897 898 1113 953 deiparae,
1148 901 1193 941 et
1215 901 1444 953 praeterea
1466 899 1662 942 dicerent
1684 899 1851 952 aliquot

81 964 261 1015 rosaria,
295 967 343 1007 ut
375 964 628 1018 supplerent
660 963 772 1017 quod
805 963 897 1018 ipse
930 964 966 1006 si
989 977 1121 1006 sanus
1143 964 1357 1018 redijsset,
1391 964 1537 1007 facere
1561 965 1849 1008 constituerat

80 1029 252 1083 quidem
285 1044 335 1072 ac
367 1029 641 1084 promiserat,
676 1029 752 1071 sed
783 1029 870 1071 iam
903 1029 1078 1071 minime
1110 1032 1270 1084 posset.
1326 1029 1405 1072 His
1438 1029 1531 1072 dari
1563 1032 1761 1085 sumptus
1795 1031 1848 1073 ad

79 1095 164 1138 iter
196 1095 466 1137 necessarios
498 1095 649 1137 uoluit.

198 1161 432 1203 Praeterea
473 1160 611 1202 uoluit
651 1174 728 1202 suo
770 1159 941 1201 nomine
982 1163 1234 1203 reuerenter
1267 1160 1347 1203 dici
1381 1160 1759 1203 Reuerendissimo
1793 1162 1844 1204 D.

78 1225 414 1280 Archiepiscopo
437 1225 706 1279 Maguntino,
741 1226 853 1279 quod
877 1225 1028 1267 uiuens
1051 1229 1094 1268 et
1117 1225 1304 1268 moriens
1325 1226 1492 1280 gratias
1523 1226 1585 1268 illi
1608 1229 1656 1269 ut
1679 1226 1840 1281 optimo

78 1305 330 1345 summoque
362 1293 546 1346 patrono
579 1293 732 1345 ageret
761 1291 814 1332 ob
837 1291 997 1333 collata
1019 1291 1226 1333 beneficia
1249 1292 1448 1346 plurima,
1483 1305 1593 1345 quae
1625 1294 1692 1334 tot
1726 1291 1850 1334 annis

79 1357 121 1398 in
154 1371 200 1399 se
232 1357 456 1410 sociosque
489 1371 590 1399 suos
622 1356 867 1410 Maguntini
901 1356 1071 1410 collegij
1103 1357 1405 1399 liberalissime
1438 1357 1705 1400 contulisset.

195 1422 362 1464 Deinde
394 1422 541 1476 rogari
574 1422 755 1464 eundem
779 1421 928 1473 uoluit,
962 1425 1011 1464 ut
1034 1423 1380 1465 commendatum
1415 1422 1494 1464 sibi
1527 1436 1656 1477 porro
1688 1422 1848 1465 habere

78 1491 281 1542 pergeret
323 1488 626 1542 Maguntinum
667 1487 748 1530 hoc
789 1487 1041 1541 collegium,
1086 1490 1312 1541 totamque
1354 1487 1631 1539 Societatem,
1678 1487 1721 1529 in
1765 1502 1849 1541 qua

78 1556 256 1608 propter
298 1553 514 1596 Christum
555 1553 715 1596 fratres
757 1554 908 1595 eadem
964 1552 1202 1604 charitate,
1260 1567 1345 1607 qua
1385 1553 1526 1608 ipsum
1567 1553 1846 1597 Lambertum

78 1618 306 1673 complecti
338 1621 382 1661 et
415 1619 615 1673 prosequi
649 1618 922 1672 dignaretur:
966 1632 1013 1660 se
1054 1619 1175 1662 uelut
1215 1618 1578 1661 obedientiae
1621 1619 1848 1661 filium⁴

78 1684 263 1727 libenter
296 1698 352 1726 ex
384 1684 464 1727 hac
498 1685 688 1738 migrare
721 1684 825 1736 uita,
858 1683 961 1727 licet
992 1684 1181 1727 libenter
1203 1683 1334 1727 etiam
1358 1684 1601 1734 Erfordiae‚
1637 1684 1674 1726 si
1697 1699 1848 1739 super—

78 1749 272 1801 uixisset,
297 1764 418 1792 suam
444 1763 620 1804 operam
643 1749 827 1792 Domino
850 1749 1226 1792 Reuerendissimo
1250 1753 1295 1793 et
1316 1749 1539 1792 Ecclesiae
1562 1750 1847 1804 Maguntinae

78 1815 181 1858 dare
212 1815 462 1859 uoluissetf‘.
508 1818 654 1868 Atque
686 1815 793 1858 haec
821 1815 866 1858 P.
886 1815 1044 1858 Rhetio
1078 1817 1126 1858 ut
1157 1815 1258 1858 uiua
1290 1830 1397 1858 uoce
1430 1830 1576 1858 coram
1609 1820 1848 1871 exponeret

76 1881 329 1935 Maguntiae
362 1883 592 1936 praesente
625 1895 692 1923 nie
726 1884 770 1924 et
802 1881 848 1924 P.
873 1880 1095 1923 Adriano6
1127 1881 1462 1924 commendauit.

223 1946 334 1990 Item
366 1946 534 1989 rosaria
567 1946 780 2000 quaedam
802 1946 979 1990 Rectori
1001 1946 1234 1989 Fuldensi⁷
1268 1946 1483 1990 mittenda
1515 1960 1612 1989 esse
1646 1946 1768 1998 dixit,
1803 1951 1847 1990 et

75 2025 152 2066 per
183 2012 298 2054 illius
331 2011 560 2066 collegium
594 2012 842 2067 specialiter
874 2012 917 2057 S.
950 2011 1175 2054 Bonifacio
1209 2011 1346 2055 uoluit
1378 2012 1671 2054 commendari
1685 2013 1714 2055 8.

1449 2077 1541 2120 Pet.
1577 2077 1786 2120 Canisius.

76 2164 188 2198 tinum
226 2164 303 2198 eius
338 2164 480 2198 nomine
515 2166 680 2199 ornatum
705 2184 751 2188 —-
776 2177 879 2200 mons
906 2164 939 2199 S.
960 2164 1129 2210 Ruperti,
1165 2164 1413 2209 Rupertsberg
1451 2164 1576 2210 (prope
1603 2164 1773 2209 Bingam)
1802 2185 1847 2188 —

75 2217 304 2260 condidisset,
339 2217 421 2252 inde
447 2229 478 2252 a.
507 2219 598 2253 1165
634 2218 775 2263 aliquas
811 2230 856 2253 ex
888 2218 1001 2253 sacris
1027 2218 1229 2262 virginibus
1254 2217 1330 2252 suis
1356 2218 1529 2252 conduxit
1555 2217 1744 2262 Eibingam
1773 2217 1846 2262 (Ei-

74 2270 217 2314 bingen,
240 2270 344 2305 vicus
361 2271 567 2316 provinciae
585 2271 955 2307 basso-nassoviensis
973 2271 1190 2317 reipublicae
1208 2271 1449 2313 borussicae);
1470 2282 1580 2315 quare
1601 2271 1691 2306 satis
1710 2274 1847 2306 certum

75 2328 140 2365 est,
168 2323 216 2358 ibi
243 2336 385 2369 quoque
411 2325 646 2368 singulariter
670 2325 885 2360 honoratum
912 2327 948 2359 et
973 2325 1179 2360 invocatum
1207 2336 1287 2359 esse
1306 2324 1341 2359 S.
1359 2325 1578 2370 Rupertum;
1605 2325 1707 2360 cuius
1733 2325 1845 2359 vitam

75 2389 218 2422 quoque
245 2377 280 2412 S.
299 2378 530 2422 Hildegardis
557 2378 780 2424 conscripsit.
832 2379 922 2413 Mihi
947 2381 1069 2413 tamen
1095 2378 1279 2424 probabile
1305 2381 1370 2419 est,
1398 2378 1508 2412 Aueri
1535 2378 1653 2413 animo
1680 2378 1846 2413 obversa-

75 2434 151 2466 tum
178 2443 257 2466 esse
293 2444 363 2466 non
400 2432 537 2475 „locum
572 2435 738 2467 sanctum
765 2433 975 2478 Eybingen“
1004 2452 1050 2456 —
1078 2444 1119 2466 eo
1154 2434 1315 2477 tempore
1350 2432 1380 2466 is
1416 2431 1572 2466 nondum
1608 2433 1659 2466 ita
1694 2431 1847 2467 celebris

76 2488 154 2520 erat
173 2505 227 2527 —‚
253 2485 316 2520 sed
342 2486 460 2520 locum
487 2485 564 2520 sive
585 2488 742 2520 montem
769 2489 935 2521 sanctum
962 2486 995 2520 S.
1016 2486 1166 2531 Ruperti
1192 2498 1302 2531 prope
1320 2485 1473 2529 Bingam
1500 2485 1620 2526 situm,
1646 2485 1736 2519 vitio
1762 2497 1847 2520 vero

75 2540 153 2573 sive
179 2539 371 2573 memoriae
397 2540 475 2574 sive
502 2539 631 2574 calami
658 2552 679 2574 a
704 2540 834 2574 Rethio
860 2552 902 2574 ac
929 2540 1083 2574 fortasse
1110 2540 1216 2574 etiam
1245 2551 1265 2573 a
1294 2539 1436 2574 Canisio
1464 2539 1665 2584 Eybingam
1694 2539 1846 2584 positam

76 2604 166 2628 esse.
217 2593 341 2627 Monte
377 2593 412 2628 S.
441 2592 592 2638 Ruperti
627 2605 658 2628 a.
688 2594 778 2628 1632
814 2605 835 2628 a
868 2593 992 2628 Suecis
1028 2593 1229 2635 devastato,
1267 2592 1327 2628 SS.
1357 2592 1588 2636 Hildegardis
1624 2595 1660 2627 et
1695 2592 1846 2638 Ruperti

75 2657 200 2681 sacrae
234 2646 408 2691 reliquiae
435 2646 625 2691 Eibingam
660 2646 860 2682 translatae
893 2649 976 2681 sunt
1013 2646 1119 2691 (Acta
1146 2645 1358 2681 Sanctorum
1385 2646 1482 2688 Maii,
1509 2645 1644 2681 Tomus
1670 2646 1732 2688 ΙΙΙ,
1759 2647 1845 2681 Ant-

75 2700 220 2745 verpiae
242 2700 344 2742 1680,
364 2700 570 2742 503—509;
600 2701 693 2735 Petr.
714 2702 870 2745 Bruder,
897 2701 947 2735 St.
968 2700 1351 2745 Rupertus-Biichlein,
1371 2699 1524 2734 Diilmen
1543 2699 1677 2745 [1882],
1699 2700 1744 2735 66
1772 2700 1845 2743 68).

199 2755 209 2774 ¹
236 2753 399 2788 Litanias
426 2753 595 2789 Omnium
624 2753 856 2796 Sanctorum;
884 2755 927 2788 cf.
955 2766 1065 2799 supra
1092 2765 1124 2798 p.
1147 2754 1192 2788 53
1205 2754 1228 2788 ².

195 2807 209 2827 ²
235 2807 408 2851 Gregorio
436 2807 531 2842 XIlI.
679 2809 692 2829 ³
717 2807 840 2843 Roma.
988 2811 999 2828 ⁴
1031 2808 1045 2842 1
1075 2807 1162 2842 Petr
1190 2808 1219 2848 1,
1250 2808 1303 2842 14.

194 2855 208 2875 ⁵
235 2855 310 2889 Iam
336 2855 417 2890 inde
443 2855 487 2890 ab
508 2867 539 2890 a.
561 2856 650 2890 1563
679 2855 804 2890 Daniel
833 2855 1127 2900 archiepiscopus
1152 2855 1290 2889 frustra
1316 2855 1523 2896 conabatur,
1551 2854 1737 2889 Erfordiae
1767 2855 1845 2897 (Er-

75 2908 160 2949 furt,
187 2908 392 2954 provinciae
410 2908 602 2944 saxonicae
621 2908 838 2954 reipublicae
856 2908 1090 2950 borussicae)‚
1117 2919 1209 2952 quae
1228 2908 1313 2943 urbs
1332 2910 1368 2943 et
1384 2908 1419 2942 in
1438 2908 1553 2943 sacris
1571 2910 1608 2943 et
1625 2908 1661 2943 in
1679 2908 1846 2943 civilibus

75 2962 183 2996 rebus
201 2962 315 3007 ipsius
335 2962 483 3007 imperio
503 2962 665 2997 subiecta
683 2965 771 3003 erat,
793 2961 985 2997 Societatis
1005 2961 1196 3005 collegium
1215 2961 1414 3003 instituere,
1439 2962 1540 2996 cuius
1566 2973 1675 3007 opera
1693 2963 1729 2996 et
1747 2961 1846 2996 urbis

76 3015 175 3050 cives
201 3017 238 3050 et
263 3027 385 3050 eorum
403 3015 541 3050 vicinos
570 3015 613 3050 ad
640 3015 831 3050 ecclesiam
856 3015 1043 3050 reductum
1072 3015 1113 3049 iri
1139 3015 1309 3060 sperabat
1336 3014 1471 3060 (Dukr,
1498 3014 1844 3058 Jes.1422—423).

195 3069 208 3089 ⁶
234 3068 387 3109 Loeffi0;
416 3069 509 3109 vide,
537 3081 629 3113 quae
655 3069 722 3103 sub
749 3069 815 3104 has
841 3069 983 3103 litteras
1011 3069 1186 3103 dicentur.

196 3123 208 3142 ⁷
235 3121 275 3157 P.
293 3121 463 3156 Oswaldo
490 3122 645 3166 Redling
672 3122 850 3166 (Hansen,
878 3122 998 3157 Akten
1025 3122 1234 3163 642—643;
1262 3123 1370 3156 Duhr
1395 3122 1417 3156 l.
1438 3134 1467 3157 c.
1495 3123 1510 3156 I
1540 3122 1606 3157 132
1620 3122 1661 3166 ⁷).

197 3177 209 3196 ⁸
235 3175 268 3210 S.
289 3175 470 3216 Bonifatii,
498 3175 757 3210 Germanorum
784 3175 936 3221 apostoli
963 3178 998 3210 et
1023 3175 1300 3210 archidioecesis
1326 3176 1558 3220 moguntinae
1580 3175 1676 3219 (cum
1697 3174 1731 3210 S.
1751 3175 1843 3209 Mar-

93 3229 166 3272 ino)
194 3229 379 3274 praecipui
405 3230 556 3275 patroni,
582 3241 725 3264 sacrum
752 3241 881 3274 corpus
908 3229 1041 3264 Fuldae
1067 3231 1288 3264 asservatur.
