2062 3443
585 155 804 198 Ingolstadio
832 154 932 188 initio
960 153 1116 188 Ianuarii
1143 164 1173 187 a.
1199 153 1300 188 1577.
1741 154 1824 195 385

53 274 192 327 quod
227 273 559 328 accepistis,
598 272 902 314 Anathema
934 271 1050 313 sit1.
1098 270 1176 320 Qui
1212 271 1489 324 Apostolicus
1511 270 1656 311 Canon
1692 282 1827 321 quan·

54 339 214 382 tumuis
247 338 367 380 varie
410 352 436 380 a
474 338 622 380 multis
655 337 780 379 hodie
814 336 1049 390 arripiatur
1089 342 1220 388 atquc
1259 336 1559 384 dilaceretui·³,
1603 337 1750 376 tamen
1792 332 1826 373 si

54 404 296 446 Athanasio
320 404 479 456 Magno
503 407 547 445 et
570 402 801 444 Vincentio
826 401 1037 443 Lirinensi
1062 402 1185 442 tidem
1211 401 1431 450 habemus,
1467 401 1520 441 ab
1550 399 1633 440 illis
1658 398 1827 452 quidem

54 469 228 523 proprie
277 469 555 517 obseruatur‚
599 468 669 520 qui
704 467 983 521 Apostolicae
1024 469 1115 509 tum
1162 466 1399 517 doctrinae,
1450 468 1539 507 tum
1582 463 1829 507 traditionis

54 534 194 577 lineae
217 533 449 587 diligenter
470 533 689 583 insistunt,
715 536 758 574 et
781 546 859 574 nec
882 531 1104 584 religionis
1122 534 1166 574 et
1184 531 1408 574 doctrinae
1432 544 1569 572 nouae
1592 528 1827 582 magistris,

56 612 134 641 nec
165 602 346 641 sanctae
376 602 421 640 et
443 598 723 653 Apostolicae
748 596 968 639 Ecclesiae
993 596 1365 650 contemptoribus
1398 596 1536 637 locum
1572 595 1705 636 Vllum
1730 593 1830 635 reli—

53 678 184 717 quum
219 663 435 709 faciunt2:
480 663 693 716 quinimob
734 663 800 704 his
843 662 1040 704 omnibus
1082 675 1175 703 cum
1214 661 1345 702 Paulo
1388 663 1644 715 perpetuum
1683 659 1831 700 dicunt

59 729 315 779 Anathema,
351 732 395 771 et
425 728 468 770 in
501 728 727 783 praeclara
760 728 834 769 illa
857 726 1114 769 Tertulliani
1147 726 1366 768 sententia
1390 725 1722 778 conquiescunt:
1749 724 1830 765 lte-

54 794 159 847 gula
191 794 288 835 fidei
329 793 500 835 omnino
534 799 640 835 vnac
671 795 752 843 est,
796 793 889 834 sola
920 791 1151 834 immobilis
1189 795 1233 834 et
1266 790 1658 834 irref01·mabilis‘³³.
1722 789 1831 831 Con-

58 862 208 901 seruet
240 859 282 900 in
315 859 399 900 illis
432 858 543 900 hanc
576 858 763 911 gratiam
797 862 1005 912 perpetuo
1029 857 1160 906 Deus,
1196 858 1244 898 vt
1276 870 1453 898 auream
1477 855 1652 909 Antonij
1683 854 1831 907 Magni

55 924 320 966 sententiam
353 924 442 965 suis
474 923 651 965 infixam
687 923 840 964 animis
872 925 1089 971 teneante,
1132 921 1203 974 qui
1235 935 1365 974 quum
1399 922 1548 962 Annos
1583 922 1754 962 centum
1790 922 1834 961 et

55 988 245 1042 quinque
278 1002 484 1042 perquam
509 993 661 1030 sancte
685 987 884 1038 vixisset,
917 987 1089 1040 iamque
1112 986 1347 1028 moriturus
1370 987 1493 1028 velut
1520 988 1832 1027 testamentum

58 1053 192 1095 vellet
233 1054 430 1103 condere,
474 1054 554 1095 hoc
598 1053 879 1095 memorabile
922 1052 1083 1094 dictum
1130 1052 1244 1093 inter
1287 1051 1439 1094 vltima
1482 1050 1702 1099 mandata,
1745 1048 1834 1091 suis

56 1119 400 1161 commendauit:
434 1118 847 1161 CVSTODIENDA
881 1120 949 1160 est
980 1117 1052 1171 pia
1084 1117 1191 1158 fides
1228 1117 1272 1158 in
1305 1116 1535 1166 Christum,
1579 1119 1622 1158 et
1656 1116 1834 1157 Patrum

58 1183 264 1237 religiosa
295 1184 488 1233 traditio,
533 1183 894 1238 quemadmodum
929 1182 1196 1225 Athanasius
1230 1182 1281 1223 de
1314 1181 1394 1223 hoc
1427 1181 1521 1222 viro
1554 1180 1834 1223 celeberrimo

56 1249 266 1292 scribit‘4.
330 1249 394 1291 Tu
438 1263 541 1291 vero
574 1244 846 1291 A'LBERTE
882 1248 1110 1302 Princeps,
1153 1250 1458 1301 praeterquam
1500 1246 1612 1299 quod
1654 1245 1750 1300 piae
1792 1244 1835 1286 in

57 1314 274 1356 Christum
308 1315 420 1365 fidei,
464 1318 508 1357 et
547 1315 780 1367 religiosae
815 1313 995 1356 Patrum
1036 1312 1309 1355 traditionisg
1343 1312 1576 1354 fidissimus
1618 1324 1668 1353 ac
1710 1314 1835 1353 tena-

58 1379 257 1421 cissimus
290 1393 336 1422 es
359 1380 526 1429 Custos,
562 1394 645 1434 quo
678 1379 850 1421 nomine
882 1379 1114 1433 plurimum
1149 1378 1202 1420 ab
1236 1377 1400 1420 exteris
1424 1390 1594 1430 quoque
1617 1390 1836 1418 commen-

59 1444 190 1494 daris
215 1448 340 1488 tanto
363 1445 494 1488 etiam
518 1445 768 1488 Catholicae
790 1444 994 1496 pietatish
1027 1443 1216 1486 tuendae
1239 1442 1383 1485 studio
1406 1443 1582 1495 flagras,
1607 1444 1656 1484 vt
1679 1441 1836 1483 Iosiam

61 1509 250 1563 aliquem
294 1514 371 1554 aut
403 1511 691 1552 Theodosium
725 1510 849 1552 nobis
881 1510 1047 1552 referre
1089 1508 1317 1551 videaris5.
1382 1507 1553 1562 Ingenti
1587 1506 1700 1548 enim
1734 1519 1838 1548 cura

62 1575 380 1630 prudentiaque
412 1576 622 1629 singulari
656 1575 879 1630 prospicis,
915 1576 963 1617 vt
994 1573 1240 1629 profligatis
1273 1573 1385 1628 lupis
1399 1573 1427 1623 ⁶,
1463 1575 1663 1626 pastores
1695 1571 1837 1614 idonei

181 1675 208 1706 a)
224 1675 257 1700 In
274 1676 299 1700 B
319 1683 336 1699 α
352 1676 421 1700 Can.
442 1682 516 1699 corr.
537 1682 573 1698 ex
593 1673 754 1700 laceretur.
864 1672 896 1705 b)
917 1673 990 1706 quin
1010 1673 1071 1699 imo
1087 1675 1130 1704 B,·
1150 1673 1210 1698 imo
1226 1681 1243 1698 α
1259 1674 1328 1698 Can.
1350 1673 1413 1704 ipso
1433 1672 1568 1697 additum
1589 1675 1639 1696 est.
1732 1671 1758 1702 c)
1779 1677 1840 1695 una

60 1715 186 1742 omnino
207 1718 242 1742 B.
328 1716 358 1747 d)
380 1717 415 1741 In
436 1717 461 1740 B
484 1724 524 1740 rr.
545 1716 576 1740 et
595 1715 624 1740 iu
646 1715 813 1748 praeclara,
834 1723 922 1746 usque
942 1716 981 1740 ad
1001 1714 1236 1740 irreformabilis
1258 1715 1333 1745 incl„
1353 1722 1371 1738 a
1387 1716 1455 1738 Fan.
1478 1714 1540 1745 ipso
1560 1713 1664 1737 addita
1683 1716 1770 1743 sunt;
1789 1712 1840 1744 qui

57 1759 190 1790 primum
219 1758 337 1790 quidem
366 1758 544 1789 scripserat:
573 1757 605 1782 et
625 1756 853 1782 memorabilem
883 1755 1063 1782 Tertulliani
1091 1755 1278 1782 sententiam
1308 1755 1428 1780 tenent:
1457 1754 1571 1786 Regula
1596 1758 1657 1785 etc„
1688 1758 1717 1778 ut
1736 1762 1839 1785 supra.

0 1804 1 1817 ¹
62 1800 173 1825 Ibidem
194 1800 223 1824 in
245 1800 377 1831 margine
405 1802 534 1823 notatum
558 1802 618 1824 est:
643 1798 684 1823 De
709 1798 851 1830 uirginib.
872 1797 1020 1824 uelandis.
1048 1800 1126 1829 Quae
1147 1802 1244 1823 antem
1268 1801 1441 1829 sequuntur,
1467 1804 1555 1828 usque
1578 1796 1616 1820 ml
1640 1795 1839 1821 celeberrimo

61 1841 170 1866 scribit
191 1842 265 1870 incl„
286 1842 317 1865 in
335 1842 360 1866 Β
380 1841 494 1866 desunt.
578 1842 606 1871 e)
627 1840 734 1865 tenere
760 1841 890 1873 pergant
912 1843 940 1865 ('.
1015 1839 1039 1871 f)
1060 1840 1209 1865 testtaum
1230 1838 1355 1871 reliquit
1377 1841 1415 1869 (Ι,-
1441 1838 1664 1869 corriyemlum:
1690 1837 1840 1863 testatum

62 1882 195 1915 reliquit.
270 1884 302 1914 g)
322 1882 403 1915 quod
424 1882 598 1908 Catholicae
617 1882 742 1915 pietatis
764 1883 796 1907 Β.
872 1881 907 1912 h)
929 1881 1021 1907 etiam
1041 1881 1198 1914 religionis
1220 1883 1254 1906 Β,

186 2025 195 2044 ¹
223 2023 292 2059 Gal
321 2025 351 2064 1,
378 2024 410 2058 9.

183 2078 196 2098 ²
224 2078 260 2111 S.
280 2078 504 2111 Athanasius
523 2077 566 2110 de
584 2076 710 2122 synodi
740 2077 763 2110 I.
783 2076 955 2110 nicaenae
982 2076 1164 2120 patribus:
1193 2073 1303 2117 „lh-,02
1331 2079 1393 2119 τῆς
1419 2075 1570 2111 πίστεως
1588 2073 1733 2116 ἔγραψα
1739 2087 1840 2108 ....

64 2132 198 2172 Οὕτως
232 2131 386 2165 πιστεύει
421 2133 442 2176 ἡ
478 2128 1402 2174 κατ9ολικὴῑ1κκλησὰι*.[ιαὶεὑ9ὸςὼιολιὶγησαν
1428 2132 1504 2165 πῶς
1529 2127 1760 2161 πιστεύουσιν,
1788 2128 1841 2161 ἵνα

62 2186 103 2218 5:
91 2185 134 2219 “ἰ
124 2185 234 2225 ἴωσιν
269 2186 320 2219 ‘irc
344 2186 437 2228 ,εὴν
441 2185 512 2218 sak
513 2197 605 2229 εν,ρο
633 2184 705 2216 ἀλλ’.
735 2184 962 2218 &noo-rosim&
989 2185 1080 2217 ἐστιν
1107 2184 1176 2216 αὐτ
1177 2187 1223 2215 ῶν
1250 2183 1289 2216 τὸ
1317 2182 1494 2226 φρόνημα,
1532 2180 1587 2214 καὶ
1615 2181 1636 2214 ἃ
1664 2180 1841 2226 ἔγραψαν,

63 2252 126 2272 ουκ
161 2238 204 2277 ε’-
235 2240 350 2272 α’]τῶν
386 2239 467 2280 elme
462 2240 530 2282 ἰ9η,
568 2238 654 2270 αλλα
692 2250 780 2271 rtur
825 2239 927 2278 ἐστ-(Ἰ,
964 2237 1032 2270 ἅπτε
1033 2251 1056 2281 ρ
1087 2236 1253 2274 ε’ὃίοαξαν
1281 2238 1313 2269 οἱ
1339 2235 1553 2269 andenam*
1585 2233 1765 2278 (Epistola
1800 2235 1843 2269 de

62 2291 212 2335 synodis
238 2303 271 2326 n.
292 2294 331 2331 5;
360 2293 483 2335 Miyne
511 2291 548 2325 P.
568 2302 621 2334 gr.
642 2290 762 2324 XXVI
789 2290 888 2335 688).
922 2268 1038 2324 ldeni
1064 2291 1290 2324 Athanasius
1316 2289 1360 2323 ad
1387 2289 1562 2324 Arianos:
1600 2286 1707 2327 „7003
1744 2290 1844 2333 ἡμεῖς

60 2346 127 2386 μὲν
160 2347 198 2379 ἐ7
224 2343 322 2379 Πατέ
308 2359 397 2389 -ρων
423 2358 472 2383 εις
500 2344 609 2379 llari
594 2357 665 2389 ’τις
692 2345 940 2390 διαβεβηκέναι
976 2346 1037 2389 τὴν
1056 2345 1221 2387 τοιαύτην
1247 2345 1404 2377 διάνοιαν
1432 2343 1726 2383 ἀποδεικνύωμεν·
1748 2343 1845 2384 ὑμεῖς

64 2399 116 2437 δὲ,
137 2426 143 2433 .
165 2425 172 2432 .
193 2425 200 2432 .
229 2400 322 2437 τίνας
357 2398 429 2443 ἄρα
467 2403 535 2432 τῶν
562 2400 734 2443 ῥημάτων
771 2399 866 2439 ὑμῶν
903 2398 963 2442 ἕγε
967 2411 1004 2431 τε
1031 2399 1067 2431 ὂ-
1057 2401 1100 2435 -ῑ
1090 2402 1140 2430 :ac
1168 2397 1264 2431 slav:
1250 2406 1356 2441 Ἥρας
1358 2398 1377 2412 ⁴
1417 2397 1596 2442 (Epistola
1621 2397 1663 2430 de
1690 2396 1844 2430 decretis

64 2452 236 2485 nicaenae
271 2452 398 2496 synodi
426 2464 459 2486 n.
489 2451 555 2494 273
586 2453 703 2494 myrto.
730 2451 769 2485 P.
798 2463 851 2494 gr.
880 2450 980 2485 XXV
1007 2451 1107 2493 465).
1160 2450 1213 2484 Cf
1242 2450 1352 2484 etiam
1388 2461 1497 2495 supra
1533 2463 1566 2496 p.
1595 2451 1651 2485 67.
1704 2451 1740 2484 S.
1760 2452 1845 2483 Vin-

63 2506 199 2539 centius
225 2506 454 2539 Lerlnenszs:
492 2506 532 2539 In
567 2516 672 2539 sacra
699 2505 885 2549 Scriptura
920 2504 1191 2549 interpretanda
1222 2503 1394 2545 „multum
1422 2515 1571 2538 necesse
1599 2507 1664 2545 est,
1700 2508 1846 2548 propter

65 2561 187 2592 tantos
221 2563 295 2592 tam
335 2559 425 2592 varii
463 2558 595 2592 erroris
631 2558 829 2596 anfractus,
865 2560 906 2591 ut
940 2557 1174 2603 propheticae
1210 2561 1246 2591 et
1281 2557 1501 2602 apostolicae
1537 2557 1846 2602 interpretationis

65 2610 160 2645 linea
198 2612 396 2646 secundum
425 2612 673 2646 Ecclesiastici
712 2615 748 2645 et
775 2610 950 2645 Catholici
986 2622 1115 2644 sensus
1142 2622 1304 2644 normam
1340 2610 1528 2654 dirigatur.
1580 2611 1620 2645 In
1655 2610 1733 2655 ipsa
1760 2610 1845 2644 item

65 2664 252 2699 Catholica
273 2665 435 2699 Ecclesia
453 2677 671 2710 magnopere
690 2665 886 2699 curandum
906 2667 962 2698 est
980 2667 1020 2697 ut
1038 2664 1072 2697 id
1092 2667 1278 2697 teneamus
1298 2663 1391 2707 quod
1411 2664 1554 2708 ubique,
1581 2664 1674 2708 quod
1693 2675 1848 2723 semper

65 2717 159 2762 quod
179 2718 223 2752 ab
242 2719 406 2753 omnibus
428 2719 602 2753 creditum
622 2721 715 2753 est..
765 2717 1001 2762 .Sequemur
1019 2720 1163 2751 autem.
1205 2744 1212 2751 .
1239 2717 1566 2761 antiquitatem...
1594 2718 1654 2758 ita,
1678 2717 1709 2751 si
1727 2717 1772 2751 ab
1790 2692 1848 2751 his

64 2770 231 2805 sensibus
265 2771 474 2806 nullatenus
509 2772 721 2806 recedamus
756 2782 847 2815 quos
881 2773 1028 2805 sanctos
1062 2770 1217 2804 maiores
1244 2782 1286 2804 ac
1324 2773 1447 2815 patres
1473 2773 1616 2805 nostros
1643 2770 1847 2805 celebrasse

65 2824 299 2859 manifestum
326 2826 402 2860 est“
435 2825 771 2869 (Commonitorium
800 2825 966 2870 primum,
994 2836 1027 2858 n.
1047 2824 1087 2864 2;
1119 2825 1249 2868 Miyne,
1278 2824 1315 2858 P.
1336 2823 1400 2857 lat.
1421 2824 1457 2865 L,
1485 2824 1583 2864 640).

188 2878 200 2897 ³
225 2877 278 2911 De
304 2879 509 2922 virginibus
535 2878 700 2912 velandis
727 2889 756 2912 c.
779 2879 794 2912 l
827 2878 974 2922 (Miyne,
1003 2877 1040 2911 P.
1061 2877 1125 2912 lat.
1149 2877 1178 2910 ΙΙ
1205 2877 1305 2920 937).

189 2932 201 2951 ⁴
229 2930 403 2975 „Trspec‘rs
430 2933 491 2977 τήν
518 2945 555 2966 τε
582 2936 651 2965 τῶν
669 2931 840 2976 ΙΙατέρων
867 2932 1074 2976 παράδοσιν,
1108 2931 1164 2964 καὶ
1191 2932 1469 2975 προηγουμένως
1495 2933 1557 2976 τὴν
1575 2932 1625 2970 εἷς
1643 2932 1700 2965 τὸν
1720 2930 1848 2976 Κύριον

66 2986 165 3029 ἡμῶν
188 2982 322 3029 Ἰησοῦν
340 2985 490 3028 Χοιστὸν
516 2985 645 3029 εὐσεβῆ
665 2985 824 3019 nim-su·
852 2985 937 3019 Vita
955 2984 989 3019 S.
1010 2984 1156 3018 Antonii
1174 2996 1208 3018 n.
1228 2984 1273 3018 89
1300 2984 1451 3028 (Miqne,
1478 2984 1518 3019 P.
1538 2996 1591 3028 gr.
1611 2984 1729 3018 XXVI
1749 2984 1848 3027 968).

188 3038 201 3057 ⁵
227 3038 279 3072 De
306 3039 401 3073 Iosia
426 3049 512 3082 rege
540 3038 627 3072 luda
655 3039 693 3080 (†
719 3039 785 3073 611
815 3049 846 3072 a.
867 3038 966 3080 Chr.)
997 3049 1030 3071 V.
1050 3037 1072 3070 4
1098 3035 1155 3081 Rg
1181 3037 1237 3078 2l,
1275 3037 1340 3078 24;
1368 3037 1423 3078 22,
1454 3038 1589 3078 1-20;
1628 3037 1683 3078 23,
1714 3037 1848 3078 1-253

70 3090 166 3125 Eccli
193 3091 250 3131 49,
281 3092 383 3126 1—4.
435 3091 487 3125 De
514 3091 714 3126 Theodosio
740 3091 874 3136 Magno
900 3091 1145 3125 Romanorum
1172 3091 1387 3135 imperatore
1414 3103 1448 3125 v.
1468 3102 1579 3136 supra
1606 3102 1639 3135 p.
1659 3090 1740 3125 327.

188 3145 202 3164 ⁶
228 3144 282 3179 Cf.
302 3145 356 3178 Mt.
383 3145 415 3185 7,
445 3145 506 3185 15;
534 3145 571 3178 Io
602 3145 654 3185 10,
685 3145 843 3185 11—16;
872 3146 941 3179 Act
967 3145 1023 3185 20,
1051 3144 1106 3178 29.

140 3213 456 3247 Braunsberger.
476 3213 588 3240 Canisii
608 3213 768 3248 Epistulae
788 3215 820 3241 et
839 3215 926 3242 Acta.
957 3214 1022 3241 V11.
1517 3209 1561 3243 25
