2062 3443
101 285 191 320 1579

101 444 191 480 1579

240 487 243 531 ἒ

240 534 243 552 Ι

101 552 192 586 1579
240 556 243 571 ¹

101 711 190 746 1579

101 871 191 906 1579

101 983 191 1019 1579

102 1091 192 1126 1579

102 1198 192 1233 1579

89 1367 200 1409 1579

104 1565 195 1601 1579

106 1673 195 1707 1579

105 1734 196 1770 1579

72 1789 115 1824 ad
138 1787 229 1824 1580

105 1895 196 1930 1580

107 2003 197 2038 1580

107 2163 198 2198 1580

108 2270 197 2306 1580

109 2431 200 2467 1580

111 2807 202 2843 1580

97 2975 210 3018 1580

386 168 478 203 1579
506 167 580 203 Ian.
601 167 657 202 21.
678 185 720 190 —
743 165 833 201 1580
859 165 903 200 ab
929 165 1073 200 ineunte
1101 166 1173 200 Ian.
1200 166 1244 200 ad
1270 166 1361 200 med.
1385 166 1487 200 Febr.

352 285 436 330 Apr.
458 284 514 321 20.

320 444 405 479 Maii
433 444 549 479 2—9.

365 551 451 586 Maii
479 552 511 586 3.

365 712 450 746 Maii
480 712 511 746 7.

277 872 374 907 Inter
394 871 485 905 med.
506 871 592 905 Maii

325 927 360 960 et
385 925 445 959 fin.
472 925 550 960 Iun.

357 985 421 1018 Iun
458 984 511 1019 17.

274 1092 371 1126 Inter
389 1091 481 1125 med.
507 1092 596 1134 Aug.

302 1147 338 1179 et
363 1144 455 1179 med.
476 1144 572 1189 Sept.

272 1198 369 1244 Sept.
392 1199 445 1233 17.
466 1198 524 1232 vel
546 1197 600 1233 18.

279 1367 397 1410 Inter
419 1368 594 1409 exeunt.

277 1432 393 1487 Sept.
419 1434 463 1474 et
486 1431 596 1474 med.

383 1496 496 1539 Nov.

266 1568 362 1603 Inter
373 1569 517 1602 exeunt.
531 1566 610 1601 Oct.

314 1624 349 1657 et
369 1621 459 1656 med.
479 1620 571 1655 Nov.

354 1674 445 1710 Nov.
467 1674 521 1709 22,

393 2805 498 2840 Initio

314 2974 380 3016 Ab
411 2973 590 3016 ineunte

292 3039 384 3082 Ian.
409 3039 463 3081 ad
487 3039 598 3082 med.

384 3104 508 3147 Febr.

1763 179 1821 201 L1x

643 283 679 318 F.
708 283 750 317 11.
782 282 968 317 l'aschatis
997 283 1101 316 lonae
1137 281 1322 316 historiam
1350 284 1392 317 ad
1425 283 1559 318 Christi
1594 285 1821 318 resurrectio-

701 348 782 370 nem
810 335 1055 370 accommodat
1082 339 1117 370 et
1144 335 1186 369 de
1213 336 1328 379 signis
1357 336 1513 371 hominis
1531 348 1616 371 vere
1634 337 1821 371 christiani

702 390 789 423 dicit
819 390 935 432 (810).

643 442 833 488 Augustae
859 442 1130 486 congregationi
1158 443 1367 487 provinciali
1392 443 1616 488 (provinciae
1635 443 1669 478 S.
1685 444 1717 479 J.
1739 444 1823 478 Ger-

704 496 843 530 maniae
870 495 1088 540 Superioris)
1119 496 1270 530 interest
1299 497 1414 540 (815).

646 549 682 585 C.
710 553 745 583 et
775 550 811 583 P.
832 549 1050 583 Rabenstein
1078 549 1295 592 deliguntur,
1333 553 1372 584 ut
1399 561 1479 584 cum
1507 550 1715 595 provinciali
1745 550 1824 585 seli-

704 607 802 646 gant,
831 614 922 646 quae
948 602 1219 646 congregationi
1245 603 1460 648 provinciali
1488 605 1716 649 proponenda
1742 605 1824 641 sint.

705 668 797 701 quae
824 656 1003 690 reicienda
1031 655 1146 697 (815).

647 709 684 744 C.
712 710 895 753 deligitur,
931 713 971 744 nt
1007 721 1087 743 cum
1117 709 1154 743 P.
1179 709 1345 744 Torrensi
1385 710 1492 744 dubia
1518 710 1561 744 de
1587 711 1824 745 facultatibus

704 767 818 798 sacris
855 766 890 797 et
926 775 1005 797 cum
1044 763 1082 797 P.
1112 762 1310 797 paradinas
1347 775 1403 798 res
1440 764 1482 798 ad
1519 764 1706 799 historiam
1734 764 1768 798 S.
1791 765 1823 799 J.

705 820 914 862 spectantes
940 816 1087 860 colligat
1115 815 1230 861 (816).

647 870 833 904 Hoffaeum
862 870 1117 914 provincialem
1146 867 1323 904 Monachii
1351 870 1501 904 adiuvat
1520 871 1554 904 in
1573 870 1723 914 collegio
1743 871 1826 905 visi-

706 923 813 958 tando
841 924 956 967 (511).

648 983 740 1017 Ante
776 982 1044 1017 renovationem
1076 984 1242 1016 votorum
1277 982 1529 1026 religiosorum
1565 983 1824 1017 confessionem

706 1036 910 1080 generalem
939 1036 1127 1079 (annuam)
1156 1036 1245 1070 facit
1271 1035 1386 1079 (818).

648 1090 685 1125 C.
714 1090 950 1134 transmigrat
977 1087 1162 1134 Dilingam
1191 1089 1306 1133 (518).

648 1196 762 1231 Curru
799 1197 843 1231 ab
871 1197 1018 1232 Alberto
1054 1197 1183 1231 comite
1211 1197 1253 1231 de
1281 1196 1528 1241 Fijrstenberg
1561 1197 1670 1232 misso
1708 1195 1826 1232 Blum-

708 1250 862 1295 bergam
889 1262 969 1284 cum
997 1251 1184 1285 sacerdote
1210 1250 1329 1295 aliquo
1357 1249 1503 1294 collegii
1529 1251 1703 1294 dilingani
1730 1250 1827 1285 vehi-

707 1308 766 1338 tur
793 1304 908 1347 (522).

649 1365 801 1409 Comiti
826 1365 1003 1419 eiusque
1030 1364 1222 1408 familiae
1244 1369 1521 1408 sacramenta
1544 1365 1828 1407 confessionis

709 1434 755 1474 et
796 1430 1107 1473 communionis
1148 1430 1390 1480 ministrat;
1436 1444 1509 1472 eos
1542 1433 1586 1473 et
1622 1431 1826 1485 populum

709 1496 906 1556 doctrina
938 1496 1092 1538 salutis
1125 1496 1316 1539 instituit
1350 1496 1488 1549 (521).

650 1566 799 1602 Comitis
826 1578 932 1601 curru
959 1578 1037 1600 eum
1065 1566 1161 1600 socio
1187 1566 1373 1600 revehitur
1403 1564 1588 1611 Dilingam
1617 1565 1702 1609 (520
1730 1565 1828 1610 523),

652 1674 816 1718 Dilingae
844 1677 1009 1708 versatur
1038 1673 1152 1716 (521).

649 1734 816 1768 Fischart
850 1734 1020 1767 satiricus
1053 1734 1089 1766 in
1125 1733 1387 1777 „Bleneukorffl
1428 1737 1458 1765 et
1496 1733 1533 1766 C.
1573 1732 1826 1766 catechismum

710 1792 739 1821 et
765 1788 917 1820 eiusdem
947 1788 1180 1820 exoreismum
1216 1788 1436 1830 otte'nyatmm
1467 1786 1669 1829 petulanter
1695 1786 1828 1819 deridet

630 1930 631 1938 1
653 1895 822 1938 „Summa
849 1896 1033 1928 doctrinae
1059 1892 1299 1927 christianae“
1324 1895 1449 1927 iterum
1472 1894 1582 1926 latine
1607 1894 1726 1927 editur
1746 1894 1830 1926 Ant-

630 1942 631 1951 *
712 1950 852 1992 rerpiae
883 1948 998 1989 (819).

630 2028 631 2031 ¹
654 2029 670 2045 ,.
683 2002 814 2035 Parvus
843 2002 1081 2036 catechismus
1111 1998 1394 2034 Catholicorum“
1426 2003 1551 2034 iterum
1579 2001 1697 2033 editur
1722 2000 1832 2033 latine

711 2067 742 2088 a.
762 2057 852 2089 1580
869 2056 1047 2094 Coloniae,
1067 2055 1268 2098 Cracorlae,
1283 2055 1465 2096 Dllinyae,
1481 2054 1682 2096 yermanc‘ce
1693 2064 1725 2087 a.
1741 2055 1832 2087 1580

712 2111 858 2151 (1:57822
885 2111 1023 2144 15792‘2)
1053 2109 1222 2151 [Minyae
1251 2107 1366 2151 (819).

656 2163 893 2196 Catechz'smus
911 2163 1078 2195 ruinimus
1096 2162 1221 2194 iterum
1241 2162 1360 2194 editur
1375 2172 1408 2194 α.
1423 2161 1515 2194 1580
1529 2161 1644 2201 (1578
1656 2161 1673 2192 .?
1692 2161 1783 2193 1579
1795 2162 1830 2199 ἓ)

711 2217 880 2259 Dilinyae
909 2214 1142 2255 (820-821).

651 2271 787 2304 Editur
822 2270 967 2311 conficta
999 2269 1277 2312 paenitemini-ii
1305 2267 1488 2310 pontificii
1525 2267 1573 2299 ad
1610 2267 1646 2300 C.
1681 2267 1831 2309 epistula

713 2324 809 2368 „Vou
828 2324 892 2357 der
911 2323 1080 2356 Maulesel
1099 2322 1282 2364 Auffrhur
1300 2333 1345 2354 ειι
1364 2318 1490 2363 Rom“‚
1515 2331 1583 2364 qua
1604 2320 1833 2362 eucharistia,

712 2378 814 2411 curia
841 2387 993 2411 romana
1021 2380 1079 2410 etc.
1106 2376 1327 2418 suqillantm·
1356 2373 1472 2417 (822).

655 2432 784 2476 „Fides
811 2432 889 2464 lesa
916 2436 944 2464 et
972 2427 1226 2473 Iesuitcwunffl,
1262 2429 1431 2461 adversus
1465 2430 1500 2461 C.
1529 2428 1686 2470 aliosque
1714 2427 1835 2460 Socios

712 2487 859 2528 scripta,
879 2485 1078 2526 Ersordme
1102 2484 1304 2526 yermcmice
1324 2482 1505 2522 (Jesuiter
1525 2481 1680 2524 Spieyel)
1706 2480 1832 2514 editur.

713 2539 846 2572 Eadem
877 2535 1028 2581 „Fc'des“
1052 2538 1162 2570 latine
1187 2538 1327 2579 iterum,
1363 2546 1472 2578 eaque
1506 2534 1737 2577 amplificata,
1766 2533 1834 2566 edi-

713 2596 774 2625 tm·
810 2594 847 2624 in
884 2592 1103 2634 „Doctrinae
1135 2590 1349 2622 lesuitarum
1383 2589 1591 2631 praecipuis
1625 2585 1835 2630 capitibus“,

714 2645 886 2688 Rupellae
911 2649 996 2677 tunc
1009 2644 1169 2686 primum
1189 2643 1350 2686 2-ttl9atis.
1388 2644 1432 2675 In
1451 2642 1565 2675 eodem
1592 2651 1695 2684 opere
1717 2640 1834 2674 Chem-

715 2700 798 2731 uitii
823 2702 853 2731 et
878 2698 1036 2741 Boqm‘m'
1064 2696 1174 2729 libelli
1200 2697 1237 2728 in
1266 2696 1302 2730 C.
1330 2696 1498 2729 maledici
1522 2697 1649 2728 iterum
1681 2694 1836 2727 eduntur

718 2751 804 2794 (693
832 2750 931 2788 821).

661 2806 818 2839 Platzz'us
854 2804 1144 2838 Luthercmorum
1184 2802 1463 2836 biberaceuslum
1499 2803 1723 2835 contionator
1759 2811 1834 2832 cum

715 2861 876 2893 oratione
903 2858 1057 2901 quadam
1075 2867 1142 2889 sua
1169 2856 1353 2899 epfstoedam
1372 2856 1419 2888 ad
1440 2855 1477 2889 C.
1497 2854 1643 2898 eculyat,
1670 2864 1741 2897 qua
1760 2864 1836 2886 eum

716 2916 746 2946 et
772 2911 959 2946 catholicos
986 2921 1102 2944 omues
1127 2910 1271 2953 suyillat
1305 2909 1421 2952 (528).

660 2974 702 3016 C.
738 2977 887 3027 roqatu
926 2971 1199 3013 Ferdinamli
1230 2970 1290 3012 II.
1325 2970 1571 3011 arclziducis
1602 2967 1834 3023 praefatio-

716 3053 807 3080 nem
833 3040 877 3079 in
900 3037 1057 3078 librum
1091 3037 1142 3078 (le
1174 3034 1377 3077 miv-”acido
1410 3034 1686 3077 eucharistico
1719 3031 1836 3085 sefel-

719 3104 850 3145 diano
895 3102 1039 3144 scribit
1084 3103 1133 3143 αὐ
1176 3100 1330 3143 librum
1376 3102 1514 3155 ipsum
1564 3098 1755 3140 emendat
1802 3102 1838 3138 et

720 3169 922 3223 Dilinsyae
954 3166 1246 3208 ementiendum
1281 3171 1403 3208 curat
1437 3163 1575 3216 (828).
