2051 3433
196 168 281 208 472
325 164 428 199 2022.
449 165 643 199 Manareus
661 164 748 199 Can.
783 165 887 200 2023.
906 165 1078 199 Hoffaeus
1099 145 1185 199 Can.
1221 165 1324 200 2024.
1345 165 1431 199 Can.
1451 165 1608 200 Hoffaeo.
1637 165 1720 201 Dec.
1743 166 1844 201 1578.

194 282 353 324 liberos
393 296 576 337 pergere
609 282 716 324 velit
749 304 757 313 ·
793 282 904 324 hanc
945 287 1091 325 autem
1134 296 1255 337 spem
1297 282 1405 324 facit
1449 283 1573 325 nobis
1614 286 1706 326 tum
1749 284 1844 338 ipsa
1877 285 1970 327 eius

194 347 366 390 bonitas
389 350 433 390 et
455 347 699 402 prudentia,
728 350 820 389 tum
846 348 1081 401 periculum
1105 348 1190 389 iam
1214 347 1256 388 in
1279 347 1469 390 Martino
1490 348 1765 390 Stefordiano
1788 349 1966 399 factum,

194 412 238 454 in
272 426 355 465 quo
381 413 556 454 memini
579 412 688 454 satis
720 411 873 454 facile³
906 427 1160 466 persuasum
1183 413 1245 454 illi
1278 413 1425 463 fuisse,
1459 427 1544 454 non
1567 427 1662 455 esse
1686 427 1708 455 e
1731 415 1969 456 rationibus

195 478 356 520 nostris
388 481 437 520 ut
474 478 607 519 talem
640 477 856 519 hominem
888 477 1241 520 retineremusbl.
1308 478 1400 519 Hoc
1432 478 1567 531 igitur
1598 478 1862 521 Reuerentia
1895 480 1970 522 V.c

195 557 281 584 una
303 557 397 584 cum
422 543 467 585 P.
488 542 659 584 Canisio
683 542 858 585 uideatd
890 558 945 585 an
970 546 1124 597 putent
1148 543 1309 596 aliquid
1333 543 1388 585 ad
1410 557 1500 585 rem
1523 543 1634 585 hanc
1657 544 1970 598 expediendam

196 608 394 650 conferre
435 622 576 662 posse.
641 608 685 650 Si
727 608 834 649 nihil
875 607 1139 658 obtineant&
1182 612 1275 650 tum
1313 608 1442 662 plane
1486 609 1709 662 aperiatur
1749 610 1973 662 Menginof

195 677 346 715 nostro
380 673 575 715 nomineg
607 687 691 714 non
734 687 862 727 posse
894 687 972 714 nos
1005 674 1091 715 ullo
1125 674 1251 715 modo
1293 674 1387 727 pati
1418 687 1575 715 nouam
1612 674 1731 715 illam
1764 678 1809 717 et
1842 680 1974 717 antea

194 738 450 781 inusitatam
495 738 709 780 rationem
753 738 927 780 uiuendi
972 739 1015 780 in
1059 739 1280 781 Societate
1322 739 1556 781 immunem
1603 739 1656 781 ab
1701 740 1969 782 obedientia:

195 803 375 857 proinde
408 806 578 846 statuat
610 807 687 846 aut
719 804 964 845 abeundum
997 804 1077 845 sibi
1111 817 1207 845 esse
1221 805 1250 854 2,
1286 807 1363 846 aut
1394 803 1438 845 in
1472 804 1660 846 animum
1684 804 1861 848 inducat
1893 805 1972 847 irn-

199 869 402 911 mediatis
434 868 729 923 superioribus
756 869 935 910 subesse
960 892 967 899 ·
992 869 1120 922 idque
1143 883 1222 910 nos
1245 870 1416 911 omnino
1440 870 1661 920 mandare,
1695 872 1739 912 et
1760 871 1823 912 ita
1845 871 1971 912 uelle.

195 934 260 976 De
284 934 330 977 P.
355 937 501 976 autem
525 933 708 976 Nicolao
732 934 991 987 Lemburgio
1025 934 1058 975 si
1093 935 1162 976 uel
1179 934 1193 954 ¹¹
1227 934 1329 975 nihil
1354 949 1379 976 a
1403 934 1672 989 Principibus
1704 936 1973 989 extorquerii

195 999 334 1053 possit
365 1002 414 1042 ut
445 999 676 1053 Menginus
709 999 917 1050 discedat,
962 1000 1031 1041 uel
1064 999 1157 1053 ipso
1191 1000 1323 1042 etiam
1358 1000 1618 1042 discedente·
1641 1014 1726 1042 non
1759 1001 1867 1043 adeo
1900 1001 1973 1043 ille

197 1065 353 1119 aptusk
386 1065 441 1107 ad
474 1064 683 1107 eiusmodi
715 1064 985 1118 prouinciam
1018 1064 1246 1114 iudicetur,
1282 1064 1498 1118 aliusque¹
1522 1065 1620 1108 istic
1644 1066 1786 1120 aptior
1807 1066 1973 1108 inueni-

198 1132 310 1181 atur,
334 1129 498 1185 poterit
520 1130 563 1171 in
581 1129 806 1172 Austriam
830 1129 957 1179 mitti,
984 1144 1095 1182 quae
1118 1129 1321 1183 quoniam
1344 1130 1387 1171 in
1409 1144 1570 1184 magna
1593 1133 1660 1173 est
1678 1131 1972 1185 operariorum

199 1195 424 1249 paucitate
455 1195 643 1237 libenter
674 1195 794 1236 illum
829 1195 1064 1249 excipietm.
1100 1219 1152 1224 —
1177 1220 1234 1223 —
1258 1195 1396 1237 Roma
1430 1197 1484 1237 29
1519 1195 1731 1238 Novemb.
1760 1198 1885 1239 1578.

198 1310 360 1346 2022.
460 1310 521 1346 P.
550 1309 931 1347 OLIVERIUS
968 1310 1346 1347 RIANAREUS
1380 1312 1432 1347 S.
1461 1311 1532 1354 J.9
1568 1313 1766 1358 praepositi
1793 1313 1975 1357 generalis

388 1377 452 1409 pro
479 1364 674 1399 Germania
702 1367 737 1398 et
764 1364 884 1399 Gallia
911 1365 1097 1406 assistens,
1130 1364 1332 1399 CANISIO.

1234 1425 1348 1459 Roma
1375 1425 1471 1459 circa
1497 1437 1542 1460 m.
1563 1425 1797 1461 Decembrem
1826 1427 1927 1462 1578.

316 1498 567 1552 Exemplum
615 1497 764 1553 Operis
811 1498 1011 1539 Mariani
1053 1499 1304 1539 mittendum
1353 1512 1439 1539 esse
1483 1500 1701 1541 cardinali·
1750 1501 1973 1542 Guilielmo

197 1564 363 1617 Sirleto,
397 1565 470 1619 qui
502 1563 610 1604 iilud
641 1564 763 1605 valde
797 1563 1018 1606 desideret.
1071 1563 1209 1604 Plura
1243 1564 1337 1605 vide
1361 1565 1406 1605 iu
1430 1566 1619 1619 epistulis
1652 1579 1678 1605 a
1711 1566 1883 1606 Canisio
1916 1566 1976 1606 acl

199 1629 399 1671 Sirletum
434 1631 502 1670 12.
528 1628 734 1670 Ianuarii
766 1630 882 1670 1575)
916 1627 982 1680 (in
1015 1630 1149 1683 capite
1176 1628 1339 1683 primo)
1373 1635 1408 1670 et
1441 1644 1467 1671 a
1500 1630 1776 1671 Illereuriuno
1811 1632 1869 1672 ud
1894 1631 1974 1672 Ca-

199 1695 356 1735 nisiuin
381 1696 452 1736 11.
475 1695 631 1736 Martii
662 1696 780 1736 1579
813 1693 881 1745 (in
914 1695 1049 1748 eapite
1080 1694 1247 1746 ultimo)
1282 1695 1409 1748 datis,
1446 1695 1567 1748 infra
1591 1710 1679 1750 epp.
1704 1698 1818 1738 2031
1842 1698 1973 1738 2038.

199 1807 361 1843 2023.
458 1807 519 1843 Ρ.
547 1807 816 1844 PAULUS
842 1806 1210 1844 HOFFAEI‘S
1240 1807 1294 1844 S.
1322 1808 1376 1844 J.
1405 1809 1620 1844 Germaniae
1647 1810 1849 1856 Superioris
1875 1822 1974 1856 prae-

388 1862 529 1907 positus
557 1862 792 1907 provincialis
820 1862 1021 1897 CANISIO.

1019 1922 1166 1965 Dilinga
1192 1922 1258 1956 sub
1285 1922 1468 1957 ineuntem
1495 1935 1542 1958 m.
1562 1922 1796 1958 Decembrem
1825 1924 1928 1959 1578.

318 1995 587 2036 iMereuriani
614 1994 851 2049 praepositi
880 1997 1093 2049 yeneralis
1123 1996 1331 2036 mandata
1357 1996 1408 2036 cie
1429 1996 1478 2037 P.
1503 1996 1702 2050 Menqino
1731 1998 1974 2052 principum

198 2059 458 2112 confessario
503 2062 541 2101 ei
583 2061 709 2101 mittit
750 2065 787 2102 et
828 2060 974 2101 eadem
1016 2062 1186 2115 exsequi
1227 2075 1319 2101 euni
1352 2062 1475 2103 iubet.
1540 2062 1678 2103 Plura
1711 2063 1805 2104 vide
1838 2062 1973 2115 infra,

200 2139 262 2179 ep.
287 2126 417 2167 2024.

200 2232 362 2269 2024.
439 2233 656 2268 CANISIUS
683 2233 745 2269 P.
765 2232 993 2270 PAULO
1022 2232 1350 2269 HOFFAEO
1381 2233 1434 2270 S.
1455 2234 1510 2270 J.
1535 2235 1738 2280 praeposito
1765 2235 1977 2281 provinciali

391 2287 606 2322 Germaniae
633 2289 840 2333 superioris.

764 2347 955 2381 Monachio
983 2347 1027 2381 ab
1053 2347 1200 2381 ineunte
1227 2347 1417 2381 Decembri
1444 2347 1487 2381 ad
1515 2348 1570 2382 24.
1590 2347 1800 2382 Decembris
1828 2348 1930 2383 1578.

321 2411 373 2445 Ex
401 2411 541 2446 Hoffaei
569 2413 606 2445 et
631 2411 766 2447 Canisii
794 2411 1051 2457 autographis;
1081 2411 1201 2446 Germ.
1224 2412 1289 2446 157
1318 2412 1343 2446 f.
1366 2413 1452 2453 170;
1480 2413 1600 2448 Germ.
1622 2413 1688 2448 183
1716 2425 1750 2447 n.
1769 2412 1849 2449 298.

320 2472 372 2504 De
399 2472 437 2505 Ρ.
457 2473 636 2515 λ’[ρηῃῐηᾳ
668 2472 855 2505 Guilielmi
881 2477 910 2505 et
936 2473 1096 2505 Ii'enatue
1117 2473 1329 2516 principum
1356 2473 1585 2515 confessario.

319 2543 528 2596 Hoffueus
555 2545 835 2599 provincialis
866 2544 1045 2599 Diliuqa
1079 2546 1117 2586 6.
1142 2544 1386 2586 Decembris
1414 2546 1530 2586 1578
1563 2546 1621 2585 ad
1654 2544 1977 2586 Mereuriauum

198 2611 486 2663 praepositum
532 2611 770 2663 yeueralem
819 2610 870 2650 de
916 2610 1158 2661 mandatis,
1208 2610 1360 2664 quibus
1407 2611 1474 2651 lu'c
1517 2611 1588 2652 29.
1631 2610 1818 2651 Octobris
1862 2610 1981 2652 1573

201 2673 429 2727 Hoffaeum
464 2678 501 2715 et
526 2676 748 2715 Canisimu
780 2676 965 2715 iusserat
992 2674 1216 2715 Guilielmo
1240 2675 1457 2716 Bavariue
1483 2676 1674 2730 principi
1705 2675 1976 2730 persuadere,

202 2743 247 2779 ut
292 2739 340 2780 P.
377 2738 650 2780 Dominieum
695 2739 943 2793 Menqhzunz
990 2753 1112 2780 suum
1158 2740 1431 2795 Ii'enataeque
1478 2742 1625 2781 umoris
1669 2740 1977 2793 confessarium

202 2803 381 2844 Romam-
415 2804 533 2844 ubire
571 2808 790 2858 pateretur
821 2802 877 2854 (v.
902 2818 1037 2858 supra
1066 2818 1108 2858 p.
1134 2804 1256 2857 465),
1289 2805 1390 2846 haee
1424 2806 1605 2846 rettulit:
1652 2805 1979 2859 „Superioribus

322 2895 349 2923 a)
371 2894 454 2918 Corr.
474 2902 510 2918 er
530 2894 653 2919 memini
674 2894 808 2920 omnino.
882 2894 912 2925 b)
935 2896 1016 2919 Corr.
1037 2902 1073 2919 es·
1094 2894 1309 2926 reciperemus.
1372 2896 1398 2923 c)
1420 2896 1560 2927 Sequitur·
1581 2902 1704 2928 quaeso,
1725 2896 1814 2919 oblite.
1878 2893 1908 2926 d)
1930 2896 1978 2920 Se-

201 2935 303 2966 quitur
323 2934 358 2965 Si,
385 2936 473 2959 oblim.
566 2936 593 2967 e)
617 2939 698 2960 sorr.
719 2944 755 2961 ea·
780 2935 928 2962 obtineat.
1020 2935 1043 2966 f)
1066 2939 1086 2959 Γ
1088 2945 1140 2960 ιιιιι
1143 2955 1148 2960 .
1169 2944 1205 2961 ω·
1226 2936 1278 2963 illi.
1371 2938 1401 2968 g)
1424 2940 1592 2969 Sequuntur
1619 2945 1660 2962 rc.
1682 2937 1716 2961 ut
1735 2943 1862 2967 nouam,
1888 2937 1977 2961 obliti.

202 2976 232 3007 h)
254 2977 423 3007 Sequuntur
445 2984 484 3001 vr.
506 2975 669 3008 Menginns
690 2976 757 3008 iste,
778 2978 867 3002 oblitl.
926 2977 946 3008 i)
968 2978 1107 3009 Sequitur
1128 2984 1198 3005 non.
1219 2979 1309 3003 omitt.
1367 2978 1398 3009 k)
1420 2980 1500 3004 Corr.
1521 2987 1557 3003 <nr
1578 2977 1661 3003 illum
1681 2978 1795 3011 aptum.
1855 2977 1874 3011 1)
1897 2979 1979 3004 Corr.

201 3025 238 3042 ex
256 3016 407 3047 iudicetis,
428 3016 590 3050 aliumque.
664 3020 705 3049 m)
727 3019 850 3051 Reliqua
873 3027 926 3044 uon
947 3027 1032 3050 pono,
1052 3019 1120 3050 qui«
1141 3020 1179 3043 «d
1200 3021 1291 3044 solum
1318 3021 1469 3051 llnffaeum
1488 3020 1649 3051 pertinent.

327 3105 336 3125 ¹
362 3105 454 3139 Vide
481 3117 591 3150 supra
618 3118 650 3151 p.
670 3107 752 3141 461.

323 3158 336 3178 ²
366 3158 495 3201 „Wohl
523 3159 599 3193 hier
626 3160 661 3193 in
688 3160 750 3194 der
769 3161 1003 3204 Bedeutung:
1031 3160 1087 3194 die
1107 3158 1353 3195 Gesellsehaft
1381 3161 1612 3196 verlasseffl:
1642 3161 1749 3195 Duhr
1774 3160 1797 3195 l.
1817 3172 1846 3195 c.
1869 3160 1936 3195 120
1953 3160 1978 3195 ¹.
