2062 3443
255 130 356 166 1784.
384 129 547 165 Canisius
574 129 752 172 Regimini
779 129 947 164 Austriae
974 128 1174 174 Superioris
1228 129 1428 175 Oeniponte
1454 129 1567 175 April.
1598 130 1698 167 1572.
1800 134 1855 174 23

97 249 225 285 artium
260 245 508 281 universitatis
543 244 754 280 coloniensis
790 247 825 279 et
860 245 1017 279 eiusdem
1053 245 1270 290 „epitome“:
1313 245 1527 287 „Arnoldum
1567 246 1852 280 Embricensem⁴⁴

99 302 151 338 16.
170 300 288 335 Iriartii
317 300 404 334 1571
433 299 468 333 in
495 299 691 333 tentamine
719 298 776 332 vel
802 298 967 332 examine
995 299 1146 343 primum
1173 302 1405 332 consecutum
1433 310 1512 332 esse
1539 298 1674 340 locum;
1707 300 1856 334 eundem

96 356 219 401 postea
237 353 271 387 in
291 352 507 387 Societatem
528 352 607 386 Iesu
626 352 827 395 ingressum
848 354 883 385 et
903 352 1046 395 „Fritag
1065 352 1220 386 dictum“
1240 363 1319 386 esse
1341 352 1442 395 (cod.
1463 352 1495 394 „I
1515 352 1579 386 33⁴
1604 353 1626 386 f.
1645 352 1728 387 13ssb
1745 353 1856 396 137³).

96 408 135 443 In
169 406 309 451 collegii
344 405 538 450 germanici
575 406 750 449 catalogis
787 405 846 449 (de
881 405 1011 449 quibus
1039 407 1154 440 Andr.
1175 406 1388 439 Steinhubw·
1415 404 1448 440 S.
1471 405 1514 447 J.,
1551 405 1769 440 Geschiclite
1796 406 1858 440 des

95 460 295 504 Kollegium
317 458 567 494 Germanicum
590 459 834 502 Hungaricum
857 459 891 492 in
911 459 999 493 Rom
1018 458 1066 499 1²,
1094 458 1267 503 Freiburg
1287 459 1307 494 i.
1328 459 1385 492 ΒΓ.
1408 459 1507 500 1906,
1528 460 1657 502 x—xl)
1680 459 1859 493 Arnoldus

95 514 152 550 hic
177 525 246 548 non
272 515 505 547 memoratur.

96 626 245 665 1784.
345 628 560 664 CANISIUS
588 626 921 664 REGIMINI
948 626 1302 664 AUSTRIAE
1332 626 1764 664 SUPERIORIS.

659 688 858 734 Oeniponte
884 688 950 722 sub
978 688 1159 722 ineuntem
1186 687 1245 722 vel
1273 688 1428 721 medium
1455 699 1500 722 m.
1523 687 1681 732 Aprilem
1710 688 1812 722 1572.
1868 703 1870 705 ·

213 759 267 793 Ex
293 759 489 804 archetypo
518 759 593 802 (2⁰3
624 759 638 792 1
669 758 732 803 p.),
769 758 812 792 ab
849 758 925 803 ipso
954 757 1096 792 Canisio
1132 758 1346 804 subscripto,
1384 758 1476 803 quod
1514 760 1635 792 exstat
1661 758 1861 802 Oeniponte

95 813 130 846 in
163 812 310 846 archivo
341 813 600 857 praefecturae,
638 811 850 846 Pestarchiv
871 811 989 846 XVIII
1016 812 1072 847 29.
1117 811 1333 846 Litterarum
1362 811 1576 856 particulam
1605 812 1722 856 posuit
1750 812 1860 854 Hirn,

96 865 294 900 Ferdinand
321 877 389 899 von
417 865 514 899 Tirol
542 866 556 900 1
585 866 650 900 175
665 866 684 900 ¹.
738 865 865 900 lisdem
893 876 980 899 usus
1006 867 1060 899 est
1088 865 1212 909 Kreas,
1241 866 1325 899 Gan.
1355 865 1433 899 191.

212 939 402 977 Praefatio
440 940 607 977 editoris.
664 942 861 976 Turcarum
900 941 1206 987 reprimendorum
1246 944 1354 986 atque
1393 941 1704 986 opprimendorum
1744 941 1859 985 gratia

96 995 129 1030 S.
150 994 234 1029 Pius
254 995 296 1030 V.
324 995 436 1030 Roma
465 996 658 1030 1211111111
689 996 778 1030 1572
805 996 848 1030 ad
876 1007 998 1029 omues
1024 995 1148 1029 fideles
1174 995 1392 1040 apostolicas
1419 995 1516 1029 dedit
1542 995 1695 1035 litteras,
1732 994 1861 1038 quibus

96 1060 155 1083 eos
179 1048 400 1090 hortabatur,
442 1053 500 1091 „ut
525 1050 792 1094 unusquisque“
823 1049 857 1084 id
885 1049 1017 1083 bellum
1049 1048 1127 1091 „vel
1154 1049 1318 1094 personis
1345 1048 1403 1083 vel
1431 1048 1664 1082 facultatibus
1691 1047 1861 1081 adiuvare

96 1101 239 1137 vellet“.
290 1101 474 1144 Omnibus,
502 1104 561 1148 qui
589 1104 622 1137 id
650 1103 811 1145 fecerint,
844 1102 1144 1148 „plenissimam“,
1180 1103 1307 1146 inquit,
1339 1104 1393 1144 „et
1419 1102 1678 1146 amplissimam
1706 1101 1860 1135 omnium

96 1157 322 1201 peccatorum
350 1168 505 1196 suorum,
542 1157 584 1191 de
612 1157 741 1201 quibus
767 1157 872 1191 corde
899 1157 1042 1191 contriti
1072 1159 1107 1190 et
1133 1168 1192 1190 ore
1219 1156 1374 1190 confessi
1403 1155 1547 1196 fuerint,
1576 1157 1611 1189 et
1637 1155 1863 1188 eandemmet

97 1220 203 1253 quam
230 1209 381 1244 Romani
406 1210 600 1244 Pontifices
627 1210 921 1254 praedecessores
946 1210 1061 1244 nostri
1088 1209 1350 1254 crucesignatis
1377 1209 1684 1254 proficiscentibus
1711 1208 1754 1242 ad
1782 1208 1862 1242 sub-

95 1262 224 1297 sidium
243 1263 374 1298 Terrae
394 1263 547 1298 Sanctae
566 1264 760 1299 concedere
779 1264 875 1297 soliti
900 1263 1055 1304 fuerunt,
1075 1264 1228 1304 veniam,
1255 1263 1503 1297 remissionem
1524 1265 1559 1296 et
1578 1261 1856 1296 absolutionem*

95 1316 296 1351 tribuimus,
332 1317 429 1352 Bona
457 1330 589 1358 eorum,
617 1318 677 1362 qui
704 1318 746 1352 ad
775 1317 841 1351 hoc
866 1316 1000 1351 bellum
1027 1317 1312 1361 proficiscuntur,
1345 1317 1430 1359 „sub
1456 1316 1551 1351 beati
1572 1315 1668 1349 Petri
1688 1318 1723 1349 et
1741 1317 1863 1349 nostra

96 1370 315 1415 protectione
350 1371 587 1416 suscipimus“
618 1374 654 1406 et
689 1371 724 1405 in
757 1372 1002 1416 episcoporum
1031 1371 1145 1405 tutela
1172 1382 1251 1405 esse
1278 1370 1464 1411 volumus;
1502 1370 1607 1403 iidem
1640 1369 1791 1411 „nullam
1821 1369 1863 1402 de

95 1423 150 1465 iis,
185 1434 275 1468 quae
311 1424 393 1458 dum
430 1425 563 1459 fuerint
598 1425 633 1459 in
669 1425 763 1459 dicto
790 1424 882 1459 bello
914 1425 1033 1469 quiete
1061 1424 1254 1469 possident,
1290 1424 1495 1457 sustineant
1521 1424 1806 1466 quaestionem..
1828 1449 1833 1454 .
1855 1448 1862 1455 .

97 1476 137 1510 In
163 1477 350 1521 quibusvis
385 1490 506 1512 eorum
542 1479 661 1513 causis
695 1481 730 1513 et
756 1478 880 1513 litibus
907 1489 927 1512 a
954 1478 1141 1518 iudicibus,
1178 1489 1296 1511 coram
1325 1477 1454 1521 quibus
1481 1478 1682 1517 vertuntur,
1720 1476 1862 1510 omnino

97 1531 322 1575 supersederi
345 1531 484 1572 debere,
512 1532 623 1566 donec
642 1532 684 1566 de
703 1543 823 1566 eorum
843 1532 942 1566 obitu
960 1531 1019 1565 vel
1038 1531 1155 1565 reditu
1174 1530 1374 1564 certissime
1393 1532 1642 1574 cognoscatur,
1669 1530 1864 1563 statuimus

66 1603 72 1609 ·
98 1585 135 1618 et
159 1584 380 1620 mandamns.
416 1585 471 1619 Ad
497 1597 626 1620 usuras
653 1597 804 1630 quoque,
832 1586 861 1619 si
888 1586 1088 1619 iuramento
1108 1585 1275 1618 tenentur
1293 1583 1410 1625 alicui,
1438 1595 1506 1617 non
1526 1585 1712 1627 cogantur,
1740 1594 1865 1617 verum

98 1636 252 1672 absoluti
279 1641 448 1672 maneant
474 1641 510 1673 et
536 1639 681 1683 quieti“.
719 1639 754 1674 Si
782 1638 862 1684 quis
890 1650 974 1673 vero
1002 1649 1061 1672 eos
1088 1637 1131 1671 ad
1158 1648 1287 1671 usuras
1306 1637 1499 1671 solvendas
1518 1636 1685 1680 coegerit,
1713 1647 1865 1670 censura

98 1690 343 1726 ecclesiastiea
378 1692 421 1726 ad
457 1692 721 1727 restitutionem
759 1695 919 1736 cogatur.
974 1691 1144 1735 „Iudaeos
1171 1702 1255 1725 vero
1290 1691 1334 1724 ad
1360 1690 1596 1724 remittendas
1623 1690 1711 1735 ipsis
1737 1700 1865 1723 usuras

98 1743 204 1778 etiam
231 1756 294 1790 per
320 1772 327 1780 .
349 1772 355 1780 .
376 1772 383 1780 .
410 1746 632 1780 saecularem
661 1745 825 1791 compelli
851 1745 1093 1791 praecipimus
1118 1747 1347 1790 potestatem,
1375 1746 1411 1778 et
1437 1744 1547 1778 donec
1573 1743 1626 1777 eis
1652 1742 1864 1784 remiserint,

98 1799 169 1832 tam
197 1798 233 1832 in
258 1799 507 1842 mercimoniis,
536 1811 642 1844 quam
670 1800 704 1833 in
731 1800 812 1834 aliis
837 1800 945 1834 rebus
972 1801 1008 1833 et
1033 1798 1267 1838 commerciis
1295 1798 1361 1832 sub
1388 1796 1769 1832 excommunicationis
1788 1808 1865 1830 seu-

98 1851 211 1886 tentia
244 1863 307 1897 per
333 1853 532 1888 ordinarios
557 1854 827 1899 promulganda,
863 1853 1043 1887 universis
1070 1851 1364 1887 christifidelibus
1392 1851 1554 1886 iubemus
1581 1850 1864 1885 communionem

97 1905 335 1940 omnimodam
369 1907 458 1952 ipsis
490 1906 655 1941 hebraeis
690 1906 891 1951 denega1·i.“
947 1906 1097 1940 Mandat
1123 1906 1276 1950 denique
1302 1905 1467 1951 pontifex
1493 1905 1658 1938 omnibus
1688 1904 1865 1946 „locorum

97 1959 303 1994 ordinariis“
339 1961 395 2003 „in
421 1960 555 1995 virtute
581 1964 729 1996 sanctae
756 1961 1012 2002 obedientiae“‚
1042 1962 1081 1994 ut
1097 1959 1221 1994 statim
1241 1959 1306 1994 has
1324 1959 1466 1993 litteras
1489 1958 1683 2003 ,publicari
1703 1960 1738 1991 et
1757 1957 1864 1991 etiam

98 2023 161 2057 per
194 2013 461 2058 praedicatores
497 2015 539 2049 ad
576 2015 697 2060 populi
733 2015 897 2049 notitiam
935 2013 1104 2048 devenire
1140 2025 1247 2057 quam
1285 2013 1437 2057 primum
1476 2014 1601 2046 curent
1637 2013 1672 2045 et
1707 2010 1862 2045 faciant*

99 2066 321 2109 (Bullarium
344 2067 543 2103 Romanum
559 2069 635 2111 VII,
663 2068 812 2113 Neapoli
842 2068 943 2109 1882,
971 2067 1177 2106 967-969;
1206 2066 1393 2111 antiquum
1420 2065 1623 2100 litterarum
1650 2064 1866 2109 exemplum,

45 2117 53 2127 ⁸
98 2119 134 2154 in
174 2119 257 2154 folio
298 2124 466 2166 separato
508 2123 606 2168 typis
649 2123 889 2167 exscriptum,
933 2123 1056 2155 exstat
1095 2119 1295 2165 Oeniponte
1337 2120 1373 2153 in
1417 2118 1563 2153 archivo
1607 2118 1865 2163 praefecturae,

99 2172 280 2209 Pestarch.
302 2175 421 2210 XVIII
447 2175 521 2220 29).
565 2176 763 2220 Privilegia
789 2179 908 2210 autem
935 2174 1025 2209 haec
1043 2192 1088 2197 —
1106 2174 1222 2208 notari
1249 2173 1315 2207 hoc
1342 2175 1483 2218 oportet
1509 2191 1553 2195 ——
1579 2174 1663 2206 sunt
1690 2171 1751 2205 illa
1778 2171 1866 2216 ipsa,

99 2237 190 2271 quae
224 2227 308 2262 olim
344 2228 509 2264 fidelibus
544 2242 649 2264 cruce
684 2230 839 2274 signatis
875 2240 1070 2272 eorumque
1107 2227 1329 2262 adiutoribus
1356 2238 1375 2260 a
1401 2226 1485 2260 sede
1512 2225 1709 2270 apostolica
1735 2224 1865 2258 tribue-

100 2279 245 2322 bantur;
273 2281 308 2316 id
334 2281 560 2326 intellegitur
585 2294 630 2317 ex
657 2283 754 2317 bulla
784 2283 837 2317 14.
858 2281 1065 2317 Decembris
1086 2281 1175 2315 1215
1203 2281 1297 2322 data,
1325 2291 1395 2324 qua
1415 2280 1643 2314 Innocentius
1664 2278 1723 2312 111.
1743 2278 1867 2312 fideles

100 2333 144 2367 ad
178 2333 310 2369 bellum
346 2336 395 2370 rei
427 2336 645 2371 christianae
671 2339 706 2371 et
731 2337 889 2371 maxime
914 2338 1032 2370 terrae
1059 2337 1206 2369 sanctae
1232 2333 1499 2378 recuperandae
1525 2334 1645 2376 gratia
1670 2332 1867 2376 gerendum

99 2387 282 2422 excitabat
301 2390 524 2433 (Bullarium
546 2391 744 2425 Romanum
763 2390 824 2432 111,
844 2392 1031 2433 Augustae
1049 2388 1286 2423 Taurinorum
1309 2387 1409 2427 1858,
1429 2386 1645 2430 300—304).
1678 2386 1867 2420 Caeterum

100 2440 239 2485 plenam
258 2443 500 2487 poenitentiae
515 2444 657 2478 debitae
675 2444 922 2478 remissionem
940 2442 1106 2477 fidelibus
1125 2443 1194 2476 iam
1214 2453 1306 2475 anno
1326 2441 1417 2475 1095
1437 2439 1616 2474 obtulerat
1632 2439 1797 2474 Urbanus
1815 2440 1867 2480 ll.‚

99 2505 180 2528 cum
206 2507 266 2530 eos
292 2496 328 2530 in
354 2497 490 2542 synodo
516 2498 785 2532 claramontana
812 2497 855 2531 ad
882 2497 1035 2542 primum
1062 2495 1148 2530 illud
1176 2495 1310 2530 bellum
1328 2494 1395 2529 sub
1413 2494 1516 2538 signo
1535 2493 1652 2528 cruc-is
1671 2492 1867 2536 gerendum

100 2546 288 2590 invitaret;
315 2548 482 2584 similiter
507 2553 632 2595 postea
657 2550 717 2585 alii
741 2550 939 2595 pontifices,
962 2550 1062 2583 velut
1081 2548 1267 2583 Paschalis
1287 2548 1341 2589 II.,
1369 2549 1538 2591 egerunt;
1566 2547 1610 2580 iis
1629 2557 1779 2590 quoque,
1808 2546 1869 2590 qui

101 2600 159 2635 vel
192 2602 353 2646 pecuniis
381 2603 438 2637 vel
473 2603 554 2638 aliis
589 2604 787 2638 rationibus
822 2603 918 2638 bella
944 2603 1005 2637 illa
1033 2603 1189 2637 adiuturi
1217 2603 1348 2643 essent,
1375 2601 1445 2635 iam
1472 2600 1616 2634 saeculo
1643 2599 1738 2633 XIII.
1792 2600 1867 2634 Cle-

101 2665 200 2689 mens
227 2655 287 2691 III.
307 2659 343 2691 et
369 2657 593 2692 Coelestinus
620 2658 681 2692 111.
702 2657 837 2702 aliquid
863 2656 1109 2700 indulgentiae
1136 2655 1375 2700 promiserant
1403 2655 1494 2697 (Jos.
1514 2655 1657 2697 Hilqers
1678 2652 1712 2688 S.
1730 2653 1775 2694 J.,
1804 2653 1868 2687 Die

101 2706 326 2744 katholische
352 2710 466 2746 Lehre
493 2724 562 2746 von
593 2712 659 2746 den
686 2711 863 2746 Ablassen
890 2711 961 2745 und
988 2710 1094 2744 deren
1123 2707 1407 2752 geschichtliche
1438 2707 1702 2750 Entwicklung,
1739 2706 1868 2741 Pader-

102 2760 188 2796 born
217 2763 316 2805 1914,
344 2764 503 2806 76—78;
531 2767 594 2800 Fr.
615 2767 790 2810 Berinyer
816 2764 849 2799 S.
869 2764 901 2799 J.
929 2766 965 2798 et
991 2765 1064 2798 ι[οε.
1088 2764 1231 2807 Ililssers
1257 2761 1291 2796 S.
1312 2762 1356 2803 J.,
1385 2761 1449 2796 Die
1473 2761 1637 2802 Abbtsse,
1664 2760 1720 2794 ihr
1734 2759 1867 2794 Wesen

103 2815 171 2849 und
199 2815 388 2852 Gebrauch
408 2819 471 2859 1¹⁴,
500 2819 704 2853 Paderborn
727 2819 826 2857 1915,
854 2818 992 2852 56—57
1013 2817 1171 2856 76—78;
1200 2817 1244 2850 N.
1265 2816 1411 2859 Paulus,
1438 2815 1504 2849 Die
1522 2814 1689 2858 Anfange
1716 2813 1778 2848 des
1799 2814 1869 2848 Ab·

102 2866 216 2903 lasses
233 2869 268 2904 in
287 2870 514 2913 „Zeitschrift
532 2874 589 2906 fiir
603 2871 830 2907 katholisehe
844 2871 1072 2914 Theologie“,
1092 2870 1146 2904 39.
1162 2869 1299 2913 Jahrg.,
1317 2867 1517 2904 Innsbruck
1536 2868 1635 2910 1915,
1651 2867 1867 2910 212-213).

103 2919 312 2958 Huiusmodi
336 2925 543 2967 „iubilaea‘,
570 2937 662 2970 quae
680 2928 864 2967 vocantur,
892 2923 1136 2958 Ferdinandus
1163 2923 1207 2958 ΙΙ.
1226 2922 1401 2957 archidux
1426 2922 1548 2966 magni
1575 2921 1732 2956 faciebat
1757 2923 1802 2961 et,
1830 2923 1869 2954 ut

34 2975 39 2978 '
104 2975 240 3018 gratias
272 2977 352 3012 illas
387 2979 565 3020 nobilitas,
601 2980 848 3023 magistratus,
885 2977 1038 3023 populus
1076 2976 1258 3011 tirolensis
1294 2975 1464 3019 consequi
1499 2974 1697 3015 studerent,
1733 2976 1769 3008 et
1804 2984 1869 3007 suo

104 3038 333 3076 sororumque
348 3032 700 3076 religiosissimarum
716 3031 891 3077 exemplo,
912 3035 947 3066 et
961 3030 1272 3065 adhortationibus
1286 3029 1538 3073 mandatisque
1553 3027 1705 3073 publicis
1720 3028 1869 3062 curabat

105 3079 218 3125 (Hira
245 3083 267 3119 l.
287 3097 315 3120 c.
337 3086 349 3119 I
380 3087 464 3127 174;
495 3087 582 3121 Can.
598 3086 647 3121 V1
672 3087 741 3120 457
766 3086 863 3129 612).
899 3085 1070 3119 Attamen
1096 3083 1195 3118 hisce
1221 3083 1326 3118 annis
1351 3082 1485 3127 aliquid
1513 3081 1739 3116 difficultatis
1765 3093 1810 3115 ex
1828 3092 1869 3114 eo

103 3136 277 3181 capiebat,
304 3140 396 3183 quod
423 3139 577 3175 iubilaea
603 3139 847 3184 frequentiora
873 3140 976 3173 erant
995 3138 1145 3182 ideoque
1168 3136 1285 3171 timeri
1304 3138 1456 3182 poterat,
1482 3147 1526 3170 ne
1548 3135 1603 3179 (ut
1622 3134 1869 3169 Ferdinaudus
