2051 3433
210 208 294 249 500
338 205 440 240 2039.
470 204 636 240 canisius
663 205 846 241 Everardo
873 207 1109 242 Mercuriano.
1151 207 1372 243 Landishuto
1403 208 1656 254 (Monachio‘ff)
1680 210 1889 255 Apr.1579.

330 322 519 356 Hoffaeum
550 322 808 367 provincialem
845 335 952 368 aegre
985 324 1125 364 tulisse,
1162 323 1256 368 quod
1282 324 1532 359 Mercurianus
1560 326 1593 360 in
1631 325 1697 361 hoc
1723 328 1867 371 negotio
1894 331 1985 363 trac-

209 376 318 411 tando
345 376 478 410 Canisii
507 387 614 420 opera
640 375 792 410 muitum
812 377 991 417 utebatur,
1019 380 1053 411 et
1081 389 1139 411 res
1158 388 1178 411 a
1197 377 1340 411 Canisio
1367 379 1402 412 in
1429 390 1470 412 ea
1489 390 1597 413 causa
1615 383 1739 423 gestas
1766 382 1986 426 improbasse

208 430 435 474 intellegitur
462 442 505 463 ex
533 429 690 464 *litteris
718 430 773 464 16.
802 430 887 464 Maii
916 431 1006 465 1579
1033 431 1077 465 ab
1104 431 1227 465 eodem
1254 432 1406 474 Hoffaeo
1432 432 1476 466 ad
1502 432 1768 468 Mercurianum
1798 435 1910 476 datis;
1949 436 1985 469 in

208 485 339 529 quibus
383 483 446 517 ille
490 483 637 517 scribit:
675 482 828 518 Omnino
867 485 1010 528 quidem
1047 496 1099 524 ea,
1136 496 1228 529 quae
1264 484 1457 527 Menginus
1496 489 1632 529 ageret,
1670 487 1737 521 sibi
1772 487 1985 532 improbari;

208 541 370 573 attamen
396 549 435 572 se
461 536 616 571 hominis
652 547 775 570 casum
801 538 977 580 miserari,
1008 538 1120 582 „quod
1148 539 1183 572 in
1211 534 1318 572 istum
1346 538 1578 573 labirinthum
1610 551 1679 574 non
1703 542 1794 575 satis
1820 542 1986 586 prudenti

207 593 358 627 aliorum
387 591 536 626 consilio
564 592 600 624 et
635 591 754 624 studio
790 591 905 625 veluti
932 594 1079 626 coactus
1105 592 1173 625 sit“
1205 594 1241 625 et
1276 594 1422 636 propter
1456 593 1585 626 vitium
1620 594 1799 637 quoddam
1827 596 1986 640 corporis

213 646 405 689 „debiliore
431 645 570 678 anim0“
600 644 666 686 sit;
706 644 819 686 „forte
846 645 875 678 si
903 656 1004 679 meae
1031 644 1258 690 dispositionj
1286 645 1417 679 fuisset
1441 645 1600 687 relictus,
1628 647 1688 690 qui
1715 659 1833 682 coram
1852 649 1986 684 rectius

207 700 325 734 omnia
361 698 445 733 noui
481 709 590 742 quam
625 696 666 732 P.
686 697 864 738 Canisius,
899 710 958 732 res
993 699 1028 732 in
1066 699 1213 732 meliore
1240 701 1339 732 statu
1375 702 1481 740 esset,
1518 711 1735 744 quamquam
1773 701 1840 735 nisi
1879 701 1986 737 fallor

206 753 366 787 nondum
395 754 452 786 est
478 751 621 785 omnino
647 750 838 796 desperata
864 752 966 792 res“;
994 752 1152 785 remedia
1178 751 1339 795 Mengini
1375 752 1498 786 morbo
1525 752 1688 787 adhibita
1714 753 1820 788 nimis
1856 756 1985 790 acerba

207 807 275 841 sibi
302 806 417 840 videri
443 807 512 839 etc.
543 804 604 847 (ex
630 805 866 850 autographo,
892 805 996 849 ‚quod
1023 809 1079 839 est
1107 805 1240 839 Romae
1276 805 1312 838 in
1339 805 1486 839 archivo
1513 806 1614 850 regni
1642 807 1766 848 italici,
1802 808 1909 843 Arch.
1929 809 1985 843 dei

207 859 360 898 Gesuiti,
388 859 533 893 Lettere
561 859 826 902 1576—1599).
863 858 916 892 Ad
944 858 1033 892 haec
1052 860 1308 892 Mer-cursantes
1326 859 1439 893 Roma
1466 859 1497 892 5.
1518 859 1609 893 Iunii
1639 860 1728 894 1579
1755 862 1984 906 *responditz

210 913 430 958 „Menghino
457 924 496 946 se
523 911 576 946 ait
601 911 819 945 Reuerentia
846 911 889 945 V.
909 911 987 946 ideo
1013 912 1169 957 compati
1206 912 1299 955 quod
1326 913 1361 945 in
1389 912 1497 946 istum
1525 912 1772 958 labyrinthum
1798 925 1868 948 non
1895 915 1986 950 satis

206 967 377 1014 prudenti
416 965 567 1000 aliorum
603 965 752 999 consilio
788 967 824 998 et
858 965 977 999 studio
1014 969 1161 1000 coactus
1197 966 1256 1000 sit.
1307 965 1443 1007 Quibus
1480 966 1600 1000 uerbis
1636 966 1779 1001 uidetur
1804 967 1892 1002 mihi
1918 968 1984 1003 Re-

205 1021 370 1057 uerentia
397 1020 441 1054 V.
462 1021 513 1054 ita
538 1019 575 1053 in
607 1019 697 1053 alios
732 1019 799 1053 hoc
833 1019 1018 1062 negotium
1059 1020 1224 1053 conferre
1258 1019 1406 1064 perinde
1434 1031 1476 1053 ac
1502 1019 1532 1053 si
1569 1032 1637 1053 non
1666 1021 1742 1054 eius
1777 1024 1882 1055 autor
1906 1022 1985 1067 ipsa

207 1086 349 1121 quoque
375 1074 518 1108 fuisset.
569 1072 662 1107 Nam
698 1073 741 1106 de
776 1084 817 1106 eo
845 1073 1004 1117 Principi
1042 1073 1279 1114 concedendo,
1316 1074 1398 1117 quis
1434 1074 1649 1107 mentionem
1676 1074 1789 1108 mouit
1823 1075 1891 1109 nisi
1917 1075 1984 1110 Re-

206 1128 371 1164 uerentia
397 1127 442 1162 V.
462 1127 564 1161 cuius
589 1126 689 1160 iussu
717 1138 797 1160 cum
825 1127 903 1172 ipsa
922 1126 1120 1160 Lucernam
1149 1138 1188 1160 se
1206 1127 1405 1172 recepisset
1422 1126 1569 1171 scripsit
1586 1127 1630 1160 ad
1658 1139 1723 1161 nos
1748 1128 1786 1161 P.
1807 1126 1983 1171 Canisius‚

205 1183 385 1227 scripsere
422 1182 530 1215 etiam
567 1179 628 1225 aiij
657 1179 890 1214 Consultores
925 1180 1050 1214 multis
1085 1180 1285 1214 rationibus
1322 1180 1491 1224 expedire
1526 1192 1570 1214 ne
1607 1185 1813 1224 negaretur,
1852 1193 1985 1227 easque

206 1236 342 1270 multas
368 1234 529 1269 rationes
555 1233 758 1267 luculenter
784 1233 1017 1278 explicabant
1032 1235 1051 1267 ¹.
1104 1233 1166 1268 Sin
1193 1233 1236 1267 de
1263 1234 1464 1268 reuocando
1490 1233 1660 1277 loquitur,
1691 1235 1772 1278 quis
1798 1235 1917 1270 acrius
1942 1247 1984 1270 ac

205 1288 456 1324 uehementius
483 1287 519 1321 in
538 1298 615 1321 eam
643 1287 860 1321 sententiam
887 1287 1033 1332 scripsit
1058 1298 1166 1331 quam
1186 1287 1402 1321 Reuerentia
1422 1287 1464 1321 V.
1484 1289 1559 1321 tuin
1587 1287 1676 1321 alias
1702 1299 1811 1333 saepe
1838 1289 1881 1323 de
1907 1289 1984 1324 eius

206 1344 366 1378 moribus
401 1352 634 1386 conquerens,
670 1343 746 1374 tum
774 1340 966 1385 praecipue
993 1341 1030 1376 9‘?
1056 1341 1227 1383 Augusti,
1255 1352 1334 1374 cum
1372 1341 1508 1375 diceret
1542 1352 1623 1374 eum
1653 1341 1761 1375 simul
1788 1342 1982 1377 Rectoratu

205 1399 338 1432 exutus
365 1398 463 1430 esset
489 1395 577 1429 adeo
604 1394 766 1439 coepisse
792 1395 912 1434 ociari‚
942 1396 1049 1438 inque
1076 1394 1241 1428 omnibus
1267 1395 1361 1428 domi
1387 1405 1573 1434 nauseare,
1610 1395 1733 1439 pigere
1759 1407 1801 1429 ac
1827 1396 1982 1438 taedere,

204 1451 311 1486 simul
339 1449 446 1484 etiam
474 1459 620 1493 corpore
645 1449 882 1492 pinguescere
907 1450 948 1482 ut
972 1449 1003 1482 si
1030 1449 1081 1482 ita
1108 1450 1275 1493 pergeret
1294 1448 1476 1492 porcinam
1495 1448 1615 1492 potius
1641 1459 1748 1492 quam
1776 1448 1982 1493 religiosam

204 1505 318 1539 uitam
346 1515 454 1547 agere
480 1502 664 1536 uideretur
677 1501 699 1535 ².
752 1501 858 1535 Mitto
885 1503 1007 1536 cetera
1033 1502 1069 1535 in
1096 1502 1245 1535 eandem
1273 1501 1489 1535 sententiam
1517 1500 1631 1546 plura,
1668 1513 1761 1545 quae
1787 1504 1877 1536 satis
1903 1515 1982 1538 esse

206 1560 375 1604 poterant
401 1559 441 1590 ut
466 1568 534 1590 non
563 1555 666 1589 modo
692 1558 900 1589 reuocatum
929 1567 1007 1589 eum
1037 1555 1081 1589 ab
1108 1554 1189 1589 aula
1209 1554 1385 1589 uellemus
1411 1555 1473 1588 sed
1501 1554 1608 1588 etiam
1637 1565 1745 1598 quam
1772 1554 1982 1600 longissime

203 1611 311 1646 istinc
338 1610 582 1645 amandatum.
632 1608 736 1643 Nunc
768 1612 889 1642 autem
926 1620 1006 1642 cum
1033 1608 1251 1642 Reuerentia
1277 1608 1320 1642 V.
1357 1608 1511 1642 alienum
1540 1608 1606 1642 hoe
1643 1608 1757 1642 fuisse
1795 1609 1980 1644 consilium

204 1665 347 1705 asserit,
384 1664 495 1698 oblita
529 1663 672 1697 uidetur
707 1674 829 1696 eorum
866 1674 959 1706 quae
993 1662 1076 1696 olim
1104 1663 1261 1707 scripsit,
1296 1664 1336 1695 ut
1363 1673 1507 1696 monere
1543 1673 1621 1696 eam
1648 1673 1821 1706 cogamur
1846 1666 1886 1697 ut
1911 1664 1980 1697 for-

204 1718 339 1753 mulam
366 1717 546 1752 scribendi
575 1719 697 1750 seruet
723 1728 814 1760 quae
841 1716 941 1750 iubet
967 1716 1123 1750 omnium
1152 1728 1244 1760 quae
1271 1716 1315 1750 ad
1335 1715 1547 1750 Generalem
1576 1717 1766 1750 mittantur
1792 1716 1980 1751 literarum

203 1776 267 1806 aut
292 1771 508 1816 exemplum,
536 1772 600 1804 aut
625 1769 872 1814 compendium
900 1769 1136 1804 seruari....³
1170 1769 1358 1803 Postremo
1385 1769 1478 1812 quod
1496 1780 1553 1803 me
1574 1769 1790 1803 Reuerentia
1816 1769 1859 1804 V.
1878 1772 1983 1812 rogat

202 1837 247 1860 ne
282 1827 336 1859 tot
371 1823 655 1869 prouincialibus
689 1823 724 1855 in
760 1823 945 1867 prouincia
987 1822 1221 1866 gubernanda
1263 1825 1346 1856 utar
1392 1821 1637 1865 maioremque
1680 1822 1983 1856 subordinationis

203 1889 325 1913 curam
353 1878 515 1917 habeam,
551 1877 618 1910 hoc
644 1876 843 1910 cuiusmodi
869 1876 918 1910 sit
943 1876 1034 1910 satis
1060 1875 1263 1918 intelligere
1290 1887 1360 1909 non
1387 1886 1553 1920 possum:
1590 1875 1652 1909 sed
1679 1878 1800 1909 tamen
1820 1876 1983 1920 suspicor

202 1932 297 1966 velle
333 1932 376 1965 de
412 1931 452 1966 P.
479 1930 623 1965 Canisio
662 1929 758 1973 loqui
794 1941 864 1974 quo
899 1941 956 1964 me
991 1929 1185 1973 aliquando
1221 1929 1256 1962 in
1292 1929 1360 1963 hac
1396 1940 1506 1963 causa
1540 1928 1593 1962 uti
1629 1930 1796 1973 oportuit.
1849 1929 1982 1963 Verum

205 1986 292 2030 quid
330 1985 425 2019 aliud
453 1985 610 2018 facerem
646 1995 726 2017 cum
754 1983 855 2017 illum
884 1983 1102 2018 Reuerentia
1128 1983 1172 2017 V.
1200 1983 1243 2016 ad
1270 1982 1337 2017 hoc
1371 1983 1488 2027 ipsum
1524 1983 1709 2024 negotium
1746 1982 1918 2026 elegisset
1943 1988 1983 2018 ut

202 2039 291 2073 illud
319 2051 399 2073 cum
420 2038 588 2082 Principe
614 2039 799 2078 tractaret,
827 2037 883 2071 cui
911 2037 1017 2071 etiam
1046 2036 1173 2071 deinde
1202 2036 1357 2070 accessit
1375 2035 1746 2079 Quadragesimalium
1774 2036 1981 2071 concionum

202 2093 457 2138 opportunitas
484 2103 555 2136 qua
574 2091 661 2125 mihi
687 2091 879 2125 uidebatur
905 2092 956 2124 uti
985 2101 1090 2136 posse
1108 2090 1153 2124 ad
1180 2089 1280 2123 illum
1301 2089 1408 2123 facile
1427 2089 1720 2134 expugnandum.
1763 2088 1984 2123 Recordetur

206 2158 297 2190 quae
325 2147 369 2181 ad
396 2157 453 2180 me
478 2145 625 2190 scripsit
651 2145 694 2179 21
725 2145 881 2189 Septem.
901 2155 982 2178 cum
1009 2155 1048 2178 se
1074 2143 1188 2188 pridie
1216 2145 1294 2177 eius
1320 2142 1391 2177 diei
1417 2142 1456 2177 P.
1477 2142 1659 2176 Canisium
1687 2142 1917 2176 Monachium
1936 2143 1981 2176 ad

203 2199 408 2244 Principem
437 2211 517 2233 cum
546 2198 726 2232 mandatis
752 2198 897 2232 misisse
923 2196 1155 2240 significauit,
1183 2207 1275 2240 quae
1302 2196 1386 2230 item
1417 2196 1460 2230 10
1487 2195 1612 2230 Octob.
1640 2207 1733 2239 quae
1759 2197 1796 2231 6?
1815 2195 1982 2230 Decemb.

205 2264 285 2287 cum
314 2253 400 2297 quid
427 2252 488 2287 ille
514 2264 579 2287 suo
605 2254 695 2286 nutu
722 2254 758 2286 et
783 2251 1041 2297 approbatione
1067 2250 1217 2284 fecisset
1243 2249 1344 2283 nobis
1371 2249 1607 2293 explicaret⁴.
1659 2249 1793 2292 Jtaque
1819 2261 1888 2283 non
1918 2260 1983 2283 nos

204 2306 347 2351 quidem
375 2318 509 2341 nouum
535 2304 795 2350 prouincialem
821 2304 1029 2338 induximus
1054 2304 1116 2337 sed
1141 2315 1181 2337 eo
1209 2303 1450 2336 Reuerentiae
1470 2302 1513 2336 V.
1541 2302 1751 2336 administro
1778 2302 1833 2336 usi
1859 2313 1984 2337 sumus

203 2371 309 2404 quem
336 2360 405 2394 sibi
431 2360 588 2404 ipsamet
614 2358 810 2402 delegerat,
837 2369 954 2402 neque
980 2368 1139 2401 unquam
1166 2357 1211 2390 ad
1239 2368 1319 2390 eum
1339 2356 1531 2400 quicquam
1559 2356 1634 2389 fere
1660 2355 1871 2399 scripsimus
1890 2356 1982 2399 quod

202 2425 270 2447 non
299 2414 385 2447 item
424 2425 503 2447 cum
532 2413 750 2446 Reuerentia
776 2412 819 2446 V.
848 2411 1207 2450 communicaremus,
1242 2421 1360 2453 neque
1395 2409 1509 2443 solum
1538 2419 1630 2452 quae
1657 2408 1701 2442 ad
1729 2408 1766 2442 Ρ.
1789 2409 1982 2450 Canisium,

201 2467 263 2501 sed
291 2478 383 2510 quae
410 2466 454 2500 ad
481 2466 686 2510 Principem
713 2466 822 2499 etiam
849 2467 958 2509 atque
984 2464 1072 2498 adeo
1099 2463 1213 2508 ipsius
1249 2462 1422 2507 epistolae
1456 2461 1654 2506 exemplar.
1700 2460 1798 2502 Quae
1825 2474 1906 2496 cum
1932 2463 1983 2496 ita

201 2520 275 2554 sint
301 2523 342 2554 ut
368 2520 534 2561 diximus,
570 2522 691 2553 tamen
724 2521 792 2553 etsi
819 2519 928 2553 certis
955 2518 998 2551 de
1024 2517 1145 2551 causis
1173 2517 1211 2551 P.
1232 2515 1367 2561 Canisij
1395 2527 1502 2560 opera
1535 2515 1570 2548 in
1597 2515 1716 2559 aliquo
1751 2516 1896 2558 negotio
1930 2516 1983 2549 uti

202 2573 378 2614 libuisset,
405 2585 474 2607 non
502 2575 581 2607 erat
616 2572 709 2617 quod
737 2571 956 2606 Reuerentia
984 2570 1026 2606 V.
1053 2570 1249 2615 superioris
1283 2570 1338 2603 sui
1377 2569 1547 2603 iudicium
1574 2568 1836 2613 reprehendere
1862 2572 1984 2613 posset

201 2630 264 2661 aut
300 2627 458 2666 deberet,
498 2638 615 2670 neque
654 2626 688 2660 id
725 2626 802 2660 eius
835 2624 1063 2670 prudentiam
1098 2623 1412 2667 obedientiamque
1448 2622 1608 2656 decebat.
1660 2621 1737 2655 Etsi
1765 2622 1798 2655 id
1831 2622 1865 2655 in
1901 2620 1983 2667 alijs

203 2680 311 2714 etiam
338 2679 579 2714 Reuerentiae
605 2680 649 2714 V.
676 2679 793 2713 literis
828 2679 899 2712 iam
926 2678 1072 2722 saepius
1107 2677 1270 2722 perpessi
1290 2687 1440 2725 ¹sumus,
1478 2678 1514 2709 et
1538 2674 1741 2709 huiusmodi
1777 2675 1982 2709 acuientum

201 2733 381 2767 scribendi
418 2745 533 2777 genus
577 2745 658 2768 cum
694 2732 879 2777 superiore
915 2742 1041 2776 parum
1077 2731 1263 2771 decorum,
1304 2729 1428 2763 crebro
1464 2728 1794 2769 dissimulauimus,
1838 2733 1876 2762 ut
1911 2728 1981 2762 iam

327 2846 336 2864 ¹
364 2845 454 2879 Vide
482 2856 591 2889 supra
617 2857 649 2888 p.
669 2845 750 2879 477.
898 2845 910 2864 ²
936 2843 1029 2878 Vide
1056 2854 1165 2888 supra
1191 2854 1225 2888 p.
1243 2843 1325 2877 456.

325 2899 337 2918 ³
368 2899 438 2940 „Ut
465 2898 704 2938 inueniantur‚
731 2910 812 2932 cum
831 2909 921 2942 opus
947 2897 1068 2937 fuerit,
1096 2908 1188 2940 quae
1207 2896 1342 2941 scripta
1360 2897 1446 2929 sunt
1463 2895 1506 2929 ad
1527 2894 1751 2935 Generalem,
1778 2893 1982 2938 exemplum

202 2951 376 2985 eiusmodi
412 2951 609 2992 literarum,
646 2951 703 2985 uel
738 2962 861 2985 earum
897 2961 1074 2985 summam
1101 2950 1135 2983 in
1163 2949 1253 2984 libro
1280 2949 1411 2993 aliquo,
1447 2949 1508 2993 qui
1534 2948 1708 2986 scribunt,
1744 2946 1837 2992 apud
1864 2958 1903 2980 se
1929 2958 1981 2980 re-

201 3004 359 3038 tineant“
376 3018 383 3039 ;
415 3006 612 3045 „Fornmla
630 3004 809 3039 scribendi
829 3004 1024 3037 autoritate
1043 3003 1171 3037 tertiae
1190 3002 1482 3046 congregationis
1501 3000 1608 3046 [1573
1626 3000 1782 3040 habitae,
1809 3000 1902 3034 decr.
1922 2998 1981 3043 33]

202 3057 387 3091 confecta¹‘
411 3057 445 3101 [a
466 3058 690 3092 Mercuriano
718 3058 922 3102 praeposito
948 3055 1122 3100 generali]
1143 3067 1175 3089 n.
1194 3056 1236 3089 15
1266 3059 1325 3097 (ex
1345 3054 1552 3100 apographo
1570 3054 1692 3088 eodem
1720 3053 1796 3087 fere
1821 3055 1981 3097 tempore

203 3111 238 3143 in
266 3110 416 3154 collegio
450 3110 633 3154 dilingano
665 3113 810 3156 scripto,
845 3111 901 3144 cui
937 3109 1090 3154 scriptor
1116 3108 1324 3142 adnotavit:
1365 3108 1438 3150 „Ex
1467 3107 1554 3142 urbe
1581 3109 1612 3142 5.
1642 3106 1825 3151 Februarij
1856 3106 1980 3146 1579“‚

203 3163 287 3198 Cod.
312 3164 368 3206 „C.
387 3164 426 3197 1⁸⁴
458 3175 490 3208 p.
510 3165 670 3205 65—66;
699 3165 745 3198 cf.
765 3164 873 3198 etiam
902 3165 1106 3198 Institutum
1136 3161 1169 3196 S.
1190 3162 1222 3195 J.
1244 3162 1291 3194 lli
1320 3161 1376 3202 42,
1405 3173 1437 3195 n.
1460 3161 1533 3204 16).

323 3219 335 3237 ⁴
362 3217 454 3251 Vide
481 3228 589 3262 supra
617 3229 648 3262 p.
668 3218 736 3252 457
765 3218 833 3252 470
860 3217 941 3251 472.
