2051 3433
208 192 298 214 xxw
322 187 329 193 '
740 178 780 212 ΙΙ.
812 178 1035 212 Prooemium
1064 177 1255 211 voluminis
1281 176 1436 222 septimi.

203 296 363 341 polarum
391 305 511 329 curam
549 294 713 328 habeant.
767 293 869 327 Haud
907 293 1009 338 pauci
1036 293 1115 327 libri
1142 305 1161 327 a
1189 293 1291 327 bonis
1326 292 1420 326 haud
1448 292 1590 336 quidem
1618 291 1710 325 male
1736 291 1871 336 scripti,
1907 291 1969 326 sed

203 349 381 383 erroribus
417 347 627 391 quibusdam
655 347 887 381 contaminati
914 350 1015 385 sunt;
1053 345 1086 379 lii
1115 345 1293 379 emendati
1330 346 1443 379 denuo
1470 345 1704 379 excudantur.
1756 345 1843 378 Boni
1879 344 1971 386 libri,

203 402 303 436 velut
331 403 513 435 versiones
547 412 670 435 sacrae
698 400 911 444 Scripturae,
948 400 1042 443 iique
1077 399 1252 443 compacti
1290 399 1332 433 iis
1368 399 1505 439 dentur,
1541 398 1601 442 qui
1633 398 1745 432 malos
1782 397 1892 432 libros
1918 401 1971 432 at-

203 455 361 489 tulerint.
412 454 610 498 Scriptores
637 452 803 487 catholici
831 453 872 486 ad
901 452 1011 486 libros
1037 452 1247 495 libellosque
1273 452 1535 496 componendos
1563 451 1783 492 excitentur3
1811 451 1972 486 homines

204 509 295 542 enim
333 519 425 541 nova
460 510 592 540 amant.
643 506 709 540 His
739 506 897 540 consiliis
926 505 1138 540 Guilielmus
1165 505 1237 539 dux
1265 516 1395 548 magno
1422 516 1500 539 cum
1530 504 1708 538 Bavariae
1733 504 1972 539 emolumento

206 573 293 596 usus
320 563 376 594 est
403 560 606 597 ‹548—557
635 560 732 602 561).

323 613 354 647 3.
383 612 496 646 Multa
524 612 558 646 in
586 612 651 646 hoc
679 612 859 646 volumine
886 612 929 645 de
956 611 1205 646 Societate
1232 611 1338 645 Iesu
1364 611 1502 645 narrari
1530 611 1598 645 iam
1626 610 1727 652 satis,
1760 611 1830 645 nisi
1856 610 1972 653 fallor,

204 669 364 712 apparet.
408 666 546 699 Addam
574 668 693 699 tamen
713 665 794 705 alia,
821 677 862 699 ac
888 665 1041 710 primum
1061 664 1102 698 de
1130 665 1226 699 illius
1252 664 1516 709 impedimentis
1536 667 1571 698 et
1597 663 1872 699 difficultatibus
1897 668 1973 698 tum

204 720 374 759 externis,
409 722 484 752 tum
521 719 682 753 internis.
732 718 939 752 Adversarii
969 718 1113 751 Iesuitis
1148 718 1223 751 dire
1258 717 1400 762 obloqui
1436 718 1645 762 pergebant.
1697 717 1751 751 lta
1785 717 1822 751 in
1856 717 1973 759 „Fidei

204 774 284 807 Iesu
312 775 348 806 et
375 772 607 806 Iesuitarum“
638 772 681 805 ab
708 772 838 805 Ioanne
865 770 1050 805 Fischarto
1077 771 1135 804 vel
1167 771 1211 805 ab
1238 771 1369 805 Ioanne
1395 770 1594 805 Piscatorio
1621 771 1840 815 compositae
1874 782 1974 816 prae-

204 826 339 860 fatione
365 826 457 860 Socii
484 825 528 859 ab
555 825 685 858 Ioanne
711 824 929 865 Marbachio,
966 824 1025 868 qui
1054 824 1283 867 Argentorati
1320 824 1536 867 theologiam
1573 824 1740 858 tradebat
1765 826 1801 858 et
1827 824 1975 859 consilio

204 878 448 913 ecclesiastico
474 881 649 922 praeerat,
676 877 898 922 impostores,
925 877 1230 921 praestigiatores,
1257 877 1589 922 pseudoprophetae
1608 877 1830 911 vocabantur
1850 877 1973 921 (694);

205 931 306 966 alteri
335 933 453 966 autem
481 931 586 965 huius
622 931 701 966 libri
729 931 874 965 editioni
901 930 990 965 haec
1017 931 1138 964 addita
1166 934 1221 964 est
1247 931 1446 966 calumnia:
1483 931 1521 964 ln
1553 930 1692 976 „Opere
1718 930 1971 965 catechistico“

205 985 416 1025 affirmatur,
451 996 590 1018 sacram
619 984 840 1029 Scripturam
869 995 947 1018 esse
979 984 1101 1028 „quasi
1137 995 1262 1018 nasum
1291 995 1467 1024 caereum,
1504 984 1564 1028 qui
1596 984 1631 1018 in
1667 985 1834 1028 quamvis
1868 985 1975 1032 inter-

204 1039 440 1083 pretationem
468 1038 563 1072 flecti
600 1038 733 1082 possit“
767 1037 880 1080 (696).
933 1037 1112 1071 Martinus
1139 1037 1363 1072 Chemnitius
1391 1038 1425 1071 in
1456 1037 1651 1079 „Examine
1678 1037 1819 1072 concilii
1844 1038 1975 1072 triden-

205 1091 304 1131 tini“‚
341 1091 432 1135 quod
469 1102 578 1135 supra
613 1091 698 1131 dixi,
736 1103 779 1124 ex
807 1090 940 1124 Canisii
975 1091 1174 1125 exorcismo
1209 1090 1270 1124 illo
1302 1091 1488 1134 ottingano
1525 1091 1745 1132 conficiebat,
1781 1090 1977 1126 catholicos

210 1144 499 1187 „idolomaniam‘
530 1144 769 1178 invocationis
796 1143 1007 1178 Sanctorum
1034 1145 1214 1178 mordicus
1241 1147 1363 1178 tenere
1383 1145 1498 1188 (240).
1542 1144 1625 1179 Sine
1651 1144 1793 1178 nomine
1818 1145 1976 1179 auctoris

206 1197 337 1243 prodiit
372 1197 517 1231 libellus
548 1198 646 1240 „Von
674 1198 736 1231 der
762 1197 935 1231 Maulesel
964 1198 1135 1232 Auffrhur
1160 1210 1203 1232 zu
1231 1198 1362 1239 Rom“;
1399 1198 1459 1241 qui
1497 1201 1574 1232 erat
1609 1197 1761 1232 conficta
1795 1199 1976 1243 poeniten-

204 1251 300 1285 tiarii
340 1251 511 1295 pontificii
546 1251 591 1284 ad
626 1251 809 1285 Canisium
846 1250 1002 1295 epistula
1037 1262 1150 1295 eaque
1188 1251 1473 1285 incusationibus
1508 1254 1544 1286 et
1579 1251 1818 1285 derisionibus
1851 1262 1976 1286 sacrae

207 1303 472 1345 Eucharistiae,
511 1304 640 1337 summi
679 1304 878 1348 pontificis,
918 1303 1039 1337 curiae
1078 1315 1265 1344 romanae,
1305 1303 1498 1338 Societatis
1536 1304 1643 1350 plena
1680 1304 1792 1348 (822).
1844 1304 1977 1338 Eodem

207 1358 282 1391 fere
316 1360 477 1401 tempore
511 1357 756 1401 Wolfgangus
791 1357 952 1391 Platzius
987 1357 1272 1391 Lutheranorum
1311 1358 1595 1392 biberacensium
1634 1358 1798 1392 minister
1834 1357 1977 1392 litteras

205 1410 374 1453 vulgavit
400 1410 542 1445 Canisio
578 1411 783 1456 inscriptas,
821 1411 854 1444 in
881 1411 1011 1454 quibus
1037 1411 1079 1444 de
1108 1411 1218 1445 variis
1254 1411 1434 1445 erroribus
1469 1414 1504 1445 et
1534 1411 1720 1446 fraudibus
1755 1423 1834 1445 eum
1862 1411 1976 1446 obiur-

206 1464 333 1507 gabat;
373 1463 476 1498 fidem
516 1475 684 1498 romanae
720 1464 894 1498 ecclesiae
929 1464 979 1498 ait
1017 1476 1085 1498 non
1125 1475 1204 1498 esse
1242 1464 1476 1507 catholicam,
1515 1465 1576 1499 sed
1619 1465 1854 1507 „cacolicam“
1897 1465 1983 1499 sive-

206 1518 400 1562 pessimam
437 1517 670 1560 (528—531).
723 1517 948 1552 Catechismo
983 1516 1116 1551 Canisii
1154 1529 1217 1560 „ne
1252 1517 1445 1552 scintillam
1482 1519 1625 1562 quidem
1652 1530 1759 1552 verae
1794 1518 1897 1553 fidei“
1926 1518 1977 1552 in-

207 1582 286 1604 esse
328 1571 546 1605 declamavit
585 1571 712 1605 Petrus
752 1571 953 1615 Boquinus,
997 1582 1041 1604 ex
1081 1570 1274 1605 Carmelita
1313 1570 1547 1606 Calvinianus
1585 1574 1622 1606 et
1659 1572 1842 1617 professor
1879 1571 1977 1606 theo-

205 1623 323 1668 logiae
356 1624 663 1667 heidelbergensis
698 1624 827 1666 factus,
864 1625 897 1658 in
929 1624 1157 1666 „Assertione
1184 1626 1319 1659 veteris
1354 1636 1396 1658 ac
1422 1626 1497 1658 veri
1536 1624 1820 1660 Christianismi“
1863 1625 1976 1669 (753).

206 1677 358 1712 Ioannes
400 1689 540 1722 quoque
578 1677 760 1717 Fischart,
803 1677 971 1723 petulans
1009 1677 1070 1711 ille
1107 1689 1226 1711 rerum
1269 1679 1423 1712 omnium
1464 1678 1720 1713 catholicarum
1760 1678 1902 1718 irrisor,
1941 1679 1976 1713 in

207 1730 327 1765 libello
357 1730 622 1774 „Bienenkorb¹‘
652 1731 832 1765 Canisium
871 1731 1108 1765 calumniatus
1145 1734 1200 1765 est
1235 1734 1270 1765 et
1306 1734 1549 1776 protestantes
1584 1733 1618 1766 in
1653 1732 1806 1766 Iesuitas
1840 1732 1977 1766 infiam-

207 1785 322 1818 mavit
365 1784 480 1828 (819).
546 1785 804 1828 Heidelbergae
843 1796 863 1818 a
906 1784 1096 1820 Guilielmo
1139 1785 1281 1828 Roding
1323 1785 1526 1819 calviniano
1568 1785 1744 1820 adversus
1786 1784 1977 1820 Societatis

205 1837 348 1872 scholas
374 1841 409 1872 et
435 1849 505 1880 eos,
542 1838 603 1882 qui
636 1838 729 1872 filios
762 1839 804 1872 iis
831 1838 1030 1879 tradebant,
1065 1838 1178 1872 oratio
1213 1838 1336 1872 habita
1363 1842 1397 1872 et
1433 1839 1531 1884 typis
1557 1839 1710 1882 vulgata
1736 1841 1802 1879 est,
1838 1839 1874 1873 in
1902 1850 1972 1883 qua

211 1891 372 1934 „Suitae“
411 1892 574 1926 omnibus
608 1891 780 1926 idolorum
817 1891 1014 1926 cultoribus
1052 1891 1087 1924 in
1127 1891 1342 1936 „impietate,
1381 1893 1606 1933 crudelitate,
1644 1892 1794 1934 insania,
1833 1892 1973 1926 furore“

206 1945 408 1989 superiores
427 1956 506 1979 esse
533 1945 761 1986 dicebantur;
789 1956 911 1979 eorum
934 1957 1091 1987 „morum
1110 1949 1145 1979 et
1171 1945 1353 1979 doctrinae
1379 1946 1668 1980 informatorem⁴⁴
1691 1957 1770 1980 esse
1787 1945 1977 1980 sathanam

206 1997 342 2042 ipsum;
379 1998 562 2033 canisium
598 2001 717 2032 autem
748 1998 943 2041 „belluam“
974 2010 1063 2039 esse,
1099 2009 1191 2042 quae
1226 1998 1443 2033 catechismo
1479 2010 1543 2033 suo
1574 1998 1712 2042 „sciens
1746 2010 1788 2033 ac
1822 1999 1979 2044 prudens

206 2051 280 2085 Deo
306 2051 374 2096 ipsi
401 2051 532 2085 bellum
560 2052 703 2086 indiew‘
729 2052 844 2095 (745).
891 2051 1008 2093 Quare
1034 2053 1162 2085 mirum
1190 2063 1258 2086 non
1286 2054 1351 2093 est,
1378 2063 1399 2086 a
1425 2052 1639 2086 Balthasare
1667 2052 1796 2087 abbate
1822 2052 1979 2087 fuldensi

207 2105 345 2139 vicinos
364 2105 515 2139 Hassiae
543 2108 578 2139 et
605 2105 782 2140 Saxoniae
808 2105 989 2150 principes
1014 2105 1211 2149 flagitasse,
1239 2108 1279 2139 ut
1299 2105 1420 2140 Socios
1438 2105 1551 2140 Fulda
1578 2106 1724 2140 eiiceret
1743 2106 1979 2150 (quamquam

208 2159 395 2201 Augustus
422 2158 599 2193 Saxoniae
635 2159 769 2193 elector
803 2161 929 2204 postea
964 2159 1084 2194 abbati
1119 2159 1351 2202 significavit,
1386 2170 1425 2193 se
1460 2159 1503 2193 ad
1539 2159 1573 2193 id
1609 2160 1827 2204 poscendum
1854 2171 1875 2193 a
1904 2160 1980 2194 suis

208 2212 310 2256 quasi
337 2214 500 2246 coactum
527 2223 626 2254 esse;
662 2224 726 2257 per
751 2224 789 2246 se
825 2210 945 2246 tamen
981 2211 1098 2254 licere,
1134 2212 1246 2246 abbas
1271 2212 1330 2246 vel
1357 2212 1455 2246 mille
1483 2213 1635 2247 Iesuitas
1669 2212 1834 2256 haberet)
1865 2213 1979 2256 (148).

210 2267 327 2309 Atque
353 2265 388 2300 hi
416 2266 558 2310 quidem
589 2266 770 2311 principes
796 2278 839 2300 ex
867 2266 1152 2311 protestantibus
1179 2269 1293 2300 erant.
1336 2265 1469 2300 Verum
1497 2266 1605 2300 etiam
1631 2266 1793 2300 nonnulli
1819 2266 1980 2301 homines

209 2319 375 2353 catholici
415 2319 527 2353 Sociis
562 2320 763 2354 molestiam
803 2318 1029 2354 exhibebant.
1081 2320 1128 2353 M.
1155 2319 1350 2353 Februario
1384 2330 1415 2353 a.
1446 2320 1536 2353 1576
1573 2318 1739 2354 Canisius
1778 2321 1980 2365 praeposito

209 2372 367 2416 generali
394 2372 559 2418 scripsit:
590 2373 650 2416 „ln
676 2373 759 2407 aula
785 2373 955 2407 bavarica
981 2373 1158 2418 princeps,
1184 2384 1253 2406 non
1275 2375 1395 2406 autem
1414 2372 1620 2414 consiliarii,
1647 2375 1772 2407 contra
1789 2373 1981 2418 Oeniponti

208 2425 414 2467 consiliarii,
448 2437 518 2460 non
544 2427 721 2471 princeps,
757 2426 924 2469 Dilingae
951 2429 1071 2460 autem
1097 2437 1213 2471 neque
1248 2426 1414 2471 princeps
1439 2438 1555 2471 neque
1582 2426 1777 2461 consiliarii
1803 2438 1891 2470 erga
1916 2438 1980 2461 nos

208 2478 298 2512 bene
325 2479 442 2513 affecti
470 2491 549 2515 esse
576 2479 761 2514 videntur*
797 2480 912 2524 (314).
961 2482 1145 2524 Augustae
1172 2479 1368 2524 capitulum
1396 2479 1601 2514 cathedrale
1628 2480 1726 2514 miris
1754 2480 1893 2514 artibus
1917 2480 1980 2514 im-

209 2532 386 2576 pediebat,
414 2544 457 2566 ne
475 2533 732 2568 monasterium
752 2533 786 2567 S.
806 2533 930 2568 Crucis
949 2545 969 2567 a
996 2533 1165 2578 pontifice
1185 2532 1353 2567 Societati
1372 2533 1597 2577 assignatum
1617 2533 1731 2567 eidem
1757 2534 1978 2574 traderetur:

210 2586 370 2619 canonici
399 2585 433 2619 in
461 2585 527 2620 hoc
553 2586 696 2629 negotio
727 2598 810 2629 „nos
836 2586 988 2621 ludibrio
1014 2586 1182 2627 habent“‚
1218 2587 1267 2620 ait
1298 2586 1418 2620 Fortia
1444 2587 1592 2620 nuntius
1618 2586 1838 2631 apostolicus
1865 2587 1980 2630 (309).

213 2637 377 2672 Ceterum
397 2639 509 2673 Sociis
536 2639 623 2684 ipsis
642 2640 814 2674 eiusmodi
840 2640 1136 2674 monasteriorum
1165 2639 1420 2673 translationes
1449 2640 1658 2685 plerumque
1678 2641 1840 2684 ingratae
1858 2643 1979 2681 erant;

212 2690 289 2724 ideo
322 2702 352 2725 a.
375 2691 464 2725 1573
491 2693 723 2735 congregatio
760 2693 991 2737 provincialis
1018 2692 1231 2727 Germaniae
1265 2692 1460 2738 superioris
1495 2693 1645 2738 optavit,
1680 2698 1720 2727 ut
1755 2694 1981 2738 praepositus

211 2744 391 2787 generalis
418 2744 461 2778 ad
489 2756 550 2779 eas
576 2746 817 2780 admittendas
843 2758 882 2780 se
909 2746 1092 2780 difficilem
1121 2745 1326 2791 praeberem
1363 2747 1606 2781 necessarium
1633 2747 1668 2781 id
1695 2758 1775 2782 esse
1805 2747 1868 2789 „ad
1895 2747 1980 2781 effu·

212 2797 378 2839 giendam
398 2809 535 2831 omnem
556 2801 674 2832 notam
694 2799 903 2843 cupiditatis
922 2799 1014 2844 apud
1034 2799 1166 2833 clerum
1188 2802 1223 2833 et
1242 2799 1431 2844 populum“
1456 2800 1575 2842 (653);
1599 2803 1634 2834 et
1652 2811 1731 2834 cum
1750 2800 1922 2835 Albertus
1937 2800 1981 2834 V.

213 2850 389 2884 Bavariae
425 2850 497 2884 dux
532 2852 786 2885 monasterium
823 2852 1009 2886 Scotorum
1045 2853 1291 2887 ratisbonense
1326 2853 1360 2886 iii
1397 2852 1585 2896 collegium
1623 2853 1814 2888 Societatis
1850 2853 1980 2888 mutari

212 2906 359 2947 cuperet
393 2906 429 2937 et
462 2907 693 2947 congregatio
719 2905 953 2939 cardinalium
990 2906 1195 2948 germanica
1230 2906 1261 2940 id
1296 2906 1440 2940 concedi
1476 2917 1580 2951 posse
1607 2911 1780 2947 censeret,
1816 2906 1981 2941 Canisius

212 2967 251 2989 re
277 2957 422 2999 cognita
448 2957 540 2990 serio
567 2957 774 2998 obsistebat,
801 2962 837 2992 et
855 2959 1102 2993 Mercurianus
1128 2958 1308 3002 generalis
1331 2958 1438 3001 „nihil
1459 2961 1575 3003 magis
1602 2970 1621 2993 a
1648 2960 1846 2994 rationibus
1865 2959 1980 2994 Socie-

212 3008 299 3043 tatis
325 3009 499 3044 alienum“
523 3021 602 3044 esse
628 3012 775 3055 scripsit
801 3023 842 3045 ac
868 3012 972 3046 simul
994 3012 1116 3046 Socios
1143 3012 1248 3046 iussit
1270 3023 1414 3056 operam
1434 3012 1529 3053 dare,
1557 3015 1596 3046 ut
1613 3011 1789 3047 Ninianus
1807 3013 1980 3047 Vinzetus

213 3065 345 3103 scotus,
374 3064 428 3097 vir
459 3064 622 3107 „egregie
641 3066 677 3097 et
695 3064 820 3098 doctus
839 3069 874 3098 et
892 3065 1007 3110 pius“,
1034 3065 1250 3100 monasterio
1270 3065 1321 3099 illi
1348 3066 1600 3110 praeficeretur
1628 3066 1710 3109 (357
1739 3066 1835 3110 368).
1875 3066 1980 3101 Oeni-

214 3122 446 3160 pontanorum
467 3115 649 3150 Sociorum
676 3117 849 3160 patientia
877 3130 939 3163 per
957 3119 1181 3163 aliquantum
1200 3122 1343 3163 tempus
1367 3119 1559 3152 vexatione
1581 3120 1769 3161 ,.nasiana“
1792 3120 1980 3154 exerceba-

213 3170 282 3201 tur.
314 3169 460 3204 loannes
475 3169 603 3210 Nasus,
623 3170 756 3204 ordinis
772 3170 934 3205 Fratrum
953 3172 1137 3213 Minorum,
1153 3183 1197 3205 ex
1217 3172 1509 3216 protestantismo
1529 3172 1572 3206 ad
1592 3172 1779 3207 eeclesiam
1800 3173 1980 3213 reductus,
