2062 3443
216 130 315 165 1782.
343 129 407 164 Th.
436 141 456 163 a
483 129 597 174 Spaur
624 128 709 163 Can.
747 129 852 164 Mart.
879 129 976 163 1572.
1023 129 1124 164 1753.
1153 130 1277 164 Surius
1305 130 1389 164 Can.
1427 130 1531 165 Mart.
1555 132 1655 166 1:372.
1761 136 1813 176 01

1762 164 1784 175 —s

60 246 206 285 1782.
306 244 603 281 IOANNES
632 244 915 280 THORIAS
936 245 981 281 Α
1001 245 1227 282 SI'AI'R
1258 247 1449 281 cardinalis
1469 248 1715 293 Christopliori
1742 249 1817 283 Ma-

243 300 349 334 drutii
377 300 532 344 episcopi
562 299 778 333 brixinensis
805 300 989 333 coadiutor
1017 300 1218 334 CANISIO.

1260 348 1408 382 Brixina
1436 349 1492 383 20.
1517 350 1637 383 Martii
1666 350 1768 384 1:372.

172 412 224 447 Ex
252 412 458 457 apographo
485 412 643 445 eiusdem
671 413 861 456 temporis:
894 412 950 445 cni
979 424 1084 446 manu
1113 413 1224 447 eiusd.
1253 416 1360 457 temp.
1389 414 1597 447 adnotatum
1626 417 1699 448 est:
1732 415 1818 456 „hae

54 467 178 502 literae
204 466 349 500 fuerunt
374 466 516 499 nomine
543 464 847 499 chvrendissimi
876 466 1100 499 Coadiutoris
1137 466 1329 510 scriptae“.
1382 467 1580 511 Oeniponte
1609 468 1642 501 in
1671 468 1818 501 archivo

54 520 299 565 praefecturae
333 518 781 561 (Statthalterei-Archiv),
822 519 994 559 „Brixner
1020 519 1156 553 Archiv
1184 520 1225 554 X.
1253 520 1304 554 18.
1324 520 1385 561 E‘,
1427 520 1557 562 „Varia
1585 521 1737 554 Decreta
1774 521 1817 554 ad

54 573 208 608 Reform.
231 572 322 607 Eccl.
343 573 440 606 Brix,
460 572 504 606 ab
534 574 571 606 Α.
595 572 702 605 1572“
735 572 759 606 f.
780 574 825 605 5¹¹.
880 572 1094 606 Litterarum
1124 584 1300 607 summam
1329 575 1448 618 posuit
1473 576 1598 617 Kross,
1627 576 1711 608 Can.
1740 574 1817 609 191.

170 639 222 671 De
247 638 462 671 vaslero-istm
489 639 658 670 sumenda
687 642 716 670 et
742 639 996 671 ominati-anda.
1053 640 1147 671 Ordo
1175 640 1408 680 ronsvssiones
1435 640 1607 672 audienda·
1633 644 1691 673 ete.

334 709 588 751 Reuerende
623 708 803 750 Domine
836 708 976 763 Canisj
1013 709 1285 751 Charissime.

169 775 388 828 Vigesimo
422 775 547 816 huius
580 777 678 817 tuas
711 775 861 817 literas
894 775 1041 828 accepi
1070 774 1172 816 mihi
1196 777 1440 829 pergratas,
1475 775 1516 816 in
1541 775 1694 828 quibus
1717 778 1816 818 tuas

53 841 276 884 continuas
318 840 488 894 uigilias
530 840 583 882 ad
627 839 1000 882 conseruationem
1035 840 1310 894 episcopatus
1344 840 1615 882 Brixinensis
1648 855 1819 895 semper

50 906 186 960 magis
218 907 372 948 florere
406 905 603 958 cognoui,
639 905 759 947 cuius
792 906 853 947 rei
883 919 966 946 non
989 906 1146 948 leuiter
1169 920 1236 947 me
1258 906 1336 948 tibi
1360 906 1607 949 deuinctum
1632 907 1815 960 reperio,

50 971 243 1025 faxitque
285 972 402 1014 Deus
446 974 495 1013 ut
538 971 696 1025 possim
744 971 932 1013 animum
978 985 1119 1012 meum
1165 974 1341 1023 gratum
1386 986 1432 1013 re
1474 972 1568 1026 ipsa
1614 986 1816 1014 successu

49 1036 254 1092 temporis
288 1037 526 1080 declarare.
574 1037 632 1078 Et
655 1035 767 1078 circa
790 1037 886 1078 illos
910 1036 1016 1078 duos
1039 1050 1221 1087 errores,
1256 1052 1435 1090 quorum
1460 1051 1528 1078 me
1550 1037 1613 1079 ita
1635 1037 1819 1080 fidenter

50 1103 274 1146 certiorem
308 1103 463 1153 reddis,
507 1102 651 1145 fateor
683 1101 794 1144 enim
829 1116 924 1144 esse
956 1116 1126 1156 grance,
1170 1106 1261 1145 tum
1293 1102 1334 1144 in
1370 1102 1453 1145 illis
1487 1103 1559 1156 qui
1590 1103 1819 1156 negligunt

49 1183 124 1211 suo
165 1172 362 1223 tempore
404 1168 610 1210 accedere
651 1182 819 1210 sacram
860 1168 1061 1221 synaxim
1080 1170 1104 1219 ¹,
1148 1168 1216 1210 uel
1251 1168 1381 1210 etiam
1417 1183 1501 1210 non
1533 1168 1596 1210 ita
1630 1168 1817 1211 contrito

50 1234 188 1285 corde,
232 1234 301 1276 uel
344 1234 475 1276 animi
516 1233 813 1284 submissione,
858 1237 905 1276 ut
947 1248 1026 1287 par
1068 1236 1146 1283 est,
1194 1237 1380 1277 sumunt.
1445 1234 1555 1275 Tum
1598 1233 1730 1276 etiam
1772 1233 1816 1275 in

50 1299 369 1355 porrigentibus
414 1314 508 1341 cum
555 1299 728 1353 saepius
773 1299 999 1352 contingat
1046 1299 1271 1353 porrigere
1320 1299 1473 1352 quibus
1515 1299 1659 1352 potius
1701 1300 1819 1340 esset

50 1365 361 1418 denegandum.
427 1365 634 1407 Preterea
676 1378 771 1406 cum
815 1379 898 1406 non
940 1378 1110 1418 semper
1143 1365 1376 1407 secundum
1410 1364 1602 1406 ordinem
1635 1363 1817 1406 admini-

49 1433 242 1474 strentur
274 1434 561 1473 sacramenta.

165 1497 339 1539 Modum
381 1496 557 1550 insuper
599 1510 625 1538 a
657 1499 700 1538 te
734 1495 1002 1538 declaratum
1036 1496 1132 1538 huic
1165 1496 1313 1538 morbo
1348 1495 1547 1537 medendi
1580 1494 1814 1548 diligenter

50 1562 216 1612 notaui;
251 1562 321 1616 qui
355 1561 458 1604 mihi
490 1562 721 1616 plurimum
756 1562 912 1616 placet,
948 1565 992 1604 et
1024 1562 1222 1612 forsitan,
1258 1562 1349 1603 Deo
1374 1561 1517 1612 dante,
1551 1575 1637 1602 non
1662 1574 1814 1614 parum

49 1627 268 1679 conducet,
315 1641 441 1682 quem
486 1627 635 1670 statim
681 1627 931 1669 mandarem
975 1627 1234 1677 executioni,
1280 1627 1315 1668 si
1358 1627 1566 1681 temporis
1609 1625 1814 1680 angustia

48 1696 282 1748 pateretur,
317 1697 494 1748 propter
526 1693 797 1735 imminentia
829 1693 945 1736 festa
978 1693 1187 1744 PascatiS,
1223 1696 1269 1735 at
1302 1693 1460 1734 curabo
1494 1691 1811 1745 quamprimum

0 1777 1 1809 l
47 1758 137 1801 fieri
169 1758 342 1813 poterit,
386 1758 441 1800 ad
475 1758 663 1800 omnium
697 1760 945 1800 curatorum
980 1772 1133 1800 manus
1165 1758 1405 1812 peruenire,
1448 1760 1491 1800 et
1523 1757 1577 1799 ad
1611 1756 1817 1798 amussim

50 1824 283 1875 obseruari,
318 1824 491 1866 interim
525 1824 622 1865 nolo
655 1826 700 1865 te
731 1824 870 1866 latere
903 1823 1016 1877 quod
1039 1824 1231 1866 ordinem
1256 1822 1540 1865 confessionis
1563 1821 1817 1871 audiendae,

48 1903 143 1931 cum
185 1889 315 1932 certis
359 1889 455 1943 alijs
488 1889 682 1932 articulis
716 1892 979 1944 acceperunt
1012 1889 1151 1931 curati
1183 1888 1227 1930 in
1258 1889 1381 1931 initio
1415 1886 1774 1942 quadragesimae
1788 1888 1817 1929 2.

50 1954 180 1997 Hisce
221 1956 371 1997 ualeas
414 1969 463 1997 ac
496 1969 564 1997 me
598 1958 646 1998 ut
679 1955 788 1997 facis
820 1969 939 1997 ames
972 1955 1114 2005 uelim,
1159 1969 1209 1997 ac
1241 1955 1284 1996 in
1317 1954 1404 1996 tuis
1437 1954 1519 2008 pijs
1552 1952 1819 1996 orationibus

50 2033 116 2062 me
149 2021 496 2064 commendatum
529 2021 704 2063 habeas.
770 2021 912 2062 Datae
945 2020 1151 2062 Brixinae
1185 2020 1265 2070 die,
1299 2020 1392 2070 XX,
1427 2019 1588 2074 Martij.
1627 2019 1737 2060 1572

925 2086 1113 2128 Thomas
1146 2085 1380 2128 Coadiutor
1412 2083 1698 2128 BrixinensiS.

164 2157 421 2200 Reuerendo
454 2157 497 2199 in
532 2157 704 2200 Christo
737 2156 853 2211 patri
876 2157 1058 2199 Domino
1083 2158 1214 2200 Petro
1237 2156 1420 2207 Canisio‚
1455 2155 1636 2198 Doctori
1660 2155 1820 2198 Sacrae

49 2220 322 2276 Theologiae,
370 2237 421 2265 ac
467 2223 698 2265 Societatis
745 2224 841 2265 Iesu
886 2236 963 2277 per
1008 2225 1147 2266 totam
1193 2222 1469 2265 Germaniam
1516 2220 1821 2263 Commissario

48 2288 279 2339 generali3,
313 2288 450 2331 amico
485 2289 750 2332 charissimo.

0 2370 8 2481 l
51 2395 200 2433 1783.
298 2397 360 2434 P.
379 2397 821 2435 LAURENTIUS
850 2397 1097 2436 SURIIJS
1127 2399 1356 2433 cartusianus
1383 2397 1597 2433 coloniensis
1617 2396 1818 2433 CANISIO.

1104 2459 1250 2493 Colonia
1277 2458 1373 2492 circa
1400 2470 1444 2492 m.
1467 2457 1639 2492 Martium
1669 2457 1770 2491 1572.

0 2552 3 2555 .
163 2523 218 2557 Ex
244 2523 442 2568 archetypa
470 2523 604 2558 Canisii
632 2523 799 2568 epistula,
828 2524 870 2557 de
898 2535 968 2568 qua
995 2523 1100 2564 infra,
1128 2535 1182 2568 ep.
1205 2522 1307 2558 1788.

168 2584 392 2617 Commendat
419 2586 450 2617 ei
476 2585 564 2617 duos
591 2585 823 2618 adolescentes
848 2584 998 2617 Romam
1023 2588 1182 2627 petentes.

167 2655 366 2697 Canisins
409 2656 637 2711 Oem‘ponte
670 2659 738 2699 19.
771 2657 940 2711 Aprilis
973 2658 1086 2698 1572
1121 2656 1299 2696 Romam
1342 2655 1401 2696 ad
1434 2655 1482 2696 P.
1506 2654 1813 2709 Hieronymum

49 2717 242 2762 Natalem
285 2721 504 2763 societatis
548 2724 752 2764 vicarium
794 2723 1028 2779 yeneralem
1074 2722 1293 2776 epistulam
1337 2721 1463 2773 misit,
1508 2721 1550 2761 in
1593 2734 1676 2774 qua
1717 2720 1819 2761 haee

171 2825 179 2844 ¹
216 2825 356 2859 Pascha
394 2825 557 2860 futurum
597 2829 676 2860 erat
715 2827 746 2861 6.
779 2825 932 2871 Aprilis;
975 2837 1086 2870 qnare
1124 2824 1250 2859 fideles
1288 2827 1519 2870 praeceptum
1560 2823 1818 2858 communionis

51 2876 230 2921 paschalis
256 2878 326 2912 iam
353 2879 430 2913 fere
455 2879 619 2923 urgebat.

170 2931 182 2950 ²
207 2932 271 2966 Fr.
291 2934 374 2966 Ant.
394 2934 599 2967 Sefnnaclzer
625 2935 790 2974 testatur,
817 2932 992 2966 Thomam
1018 2931 1266 2966 sacerdotibus
1285 2931 1459 2965 dioecesis
1476 2941 1563 2965 suae
1590 2941 1654 2975 per
1673 2929 1816 2963 litteras

52 2981 106 3018 20.
128 2983 310 3019 Februarii
339 2986 429 3020 1572
465 2986 569 3020 datas
596 2986 698 3020 varia
734 2988 927 3031 praecepta
963 2985 1282 3028 institutionesque
1310 2984 1462 3025 dedisse,
1499 2995 1590 3028 quae
1618 2983 1816 3017 doctrinam

52 3034 291 3079 christianam,
319 3038 546 3083 baptismum,
575 3039 856 3073 confirmationis
884 3041 1161 3079 sacramentum,
1196 3038 1463 3072 matrimonium
1490 3042 1568 3077 etc..
1585 3036 1816 3081 spectabant:

51 3087 229 3134 Beytrage
263 3103 325 3125 zur
352 3092 568 3127 Geschichte
600 3093 662 3127 der
688 3092 949 3127 bischoflichen
978 3091 1108 3125 Kirche
1136 3091 1252 3125 Saben
1279 3091 1350 3125 und
1379 3091 1512 3125 Brixen
1539 3090 1575 3124 in
1601 3089 1710 3135 'l'yrol
1739 3089 1815 3129 Vll,

52 3140 184 3177 Brixen
212 3144 312 3186 1830,
339 3145 418 3180 584.
598 3147 610 3166 ⁸
637 3148 686 3180 At
713 3146 879 3180 Canisius
906 3145 1079 3180 eiusmodi
1107 3144 1264 3178 officium
1292 3156 1361 3178 non
1388 3144 1555 3178 habebat.
