2051 3433
173 170 258 211 586
301 167 406 203 2075.
434 168 473 202 Ρ.
495 168 630 202 Paulus
649 168 820 204 Hoffaeus
847 169 989 206 Canisio
1017 173 1052 205 et
1070 170 1194 206 Sociis.
1231 171 1463 217 Landsberga
1490 173 1585 208 circa
1605 174 1637 209 d.
1660 175 1713 209 16.
1731 174 1821 210 Nov.
1845 176 1945 212 1580.

168 288 311 342 fr,aus
345 289 419 337 vis,
454 293 527 329 aut
560 302 683 329 casus
718 303 779 329 me
814 290 1047 343 impediat·
1072 292 1202 331 statui
1234 292 1341 331 enim
1366 292 1439 332 hoc
1462 293 1659 334 miserum
1684 308 1834 348 corpus
1856 296 1946 337 licet

170 354 305 407 variis
337 354 474 394 modis
515 367 599 394 non
631 355 781 407 optime
816 354 1023 407 affectum,
1069 356 1112 395 in
1154 355 1233 396 hac
1261 361 1479 410 praesente
1518 371 1647 399 causa
1690 373 1767 423 pro
1811 361 1947 401 salute

168 417 358 470 fratrum
393 432 592 471 meorum,
628 423 663 459 et
692 433 771 473 pro
804 420 1050 461 liberatione
1085 434 1225 460 eorum
1250 435 1274 460 a
1299 423 1440 462 multis
1460 423 1708 476 periculosis
1730 425 1947 467 erratibus

170 485 296 524 morti
327 498 541 538 exponere
593 483 658 524 Ne
691 488 827 525 autem
860 499 991 526 causa
1023 500 1111 526 mea
1143 487 1315 540 periret,
1350 488 1386 527 si
1409 488 1551 528 nullae
1573 489 1721 530 literae
1752 504 1866 531 meae
1888 491 1947 531 ad

170 563 324 590 manus
356 550 521 590 Summi
555 549 772 601 Pontificis
799 552 1089 604 peruenirent,
1123 565 1236 591 nunc
1268 553 1381 592 clare
1412 553 1600 606 siynifico
1633 554 1685 595 R.
1716 554 1760 597 T.
1795 569 1857 596 me
1890 557 1948 596 acl

169 614 307 655 sedem
350 615 619 669 apostolicam
662 619 920 667 constanter,
971 620 1091 656 ωτι-(ι
1140 616 1345 657 iudicium
1391 618 1619 672 appellare.
1675 619 1730 659 Et
1758 625 1864 674 peto,
1911 626 1949 661 vt

170 680 223 720 R.
252 679 296 720 T.
334 680 402 720 det
434 680 538 720 milii
570 694 696 733 quam
728 682 916 734 primum
949 682 1094 721 literas
1128 682 1396 723 dimissorias
1429 688 1558 737 (quas
1589 685 1687 724 iura
1712 685 1816 725 milii
1849 685 1950 726 dari

170 744 332 795 iubent)
367 744 517 799 quibus
543 746 745 800 siqnificet
776 760 839 787 me
871 746 950 787 liae
984 746 1035 787 a'e
1066 760 1196 787 causa
1221 746 1399 787 Romam
1432 748 1618 790 tendere.
1664 750 1703 790 A
1738 750 1807 790 die
1838 752 1946 791 enini

169 811 237 850 26.
268 809 454 851 Octobris
485 811 677 864 proxime
706 813 935 865 praeterito
979 812 1089 852 inter
1121 812 1363 867 Itomipetas
1400 813 1494 853 iure
1526 815 1778 868 compium-¹.
1844 815 1948 856 Pro-

168 879 296 916 testor
335 880 476 916 tamen
517 889 581 916 me
613 890 694 930 per
735 876 846 917 lianc
872 882 1136 931 praesentem
1177 878 1513 932 appellationem,
1558 884 1593 919 et
1625 879 1846 921 literarum
1883 880 1948 921 di-

169 941 468 981 missoriarum
496 942 752 995 petitionem,
787 956 868 983 non
907 943 1123 984 intendere
1156 957 1355 984 reuocare
1379 957 1512 984 meam
1541 945 1729 998 priorem
1764 947 1948 1000 appella-

169 1007 319 1046 tionem
342 1020 418 1060 per
438 1007 586 1047 literas
602 1006 759 1048 Romae
779 1008 954 1059 factam,
978 1023 1053 1049 nec
1075 1008 1207 1049 eidem
1231 1010 1454 1063 quicquam
1475 1009 1780 1063 praeiudicare
1803 1010 1949 1065 (quam

168 1072 295 1112 etiam
318 1071 365 1112 ob
399 1085 571 1113 causam
596 1086 755 1113 omnem
790 1075 1036 1114 sententiam
1064 1075 1114 1114 (le
1137 1078 1350 1115 contractu
1371 1074 1590 1129 praedicto
1614 1075 1664 1116 de
1687 1078 1740 1117 .5.
1762 1090 1841 1130 pro
1864 1078 1950 1117 100

171 1151 197 1176 a
229 1138 390 1177 minori
422 1142 496 1178 aut
528 1138 730 1190 inferiori
762 1138 911 1191 iudici,
947 1154 1072 1193 quam
1105 1140 1157 1180 ab
1195 1154 1250 1192 e0,
1285 1139 1345 1180 acl
1376 1154 1494 1194 quem
1519 1142 1683 1195 appello
1707 1141 1851 1182 datam
1876 1146 1950 1182 aut

170 1201 363 1243 dandam
397 1205 735 1245 constantissime
768 1204 934 1254 recuso)
966 1205 1040 1245 sed
1074 1205 1166 1245 ideo
1199 1219 1263 1245 me
1293 1206 1440 1246 literas
1464 1205 1732 1246 dimissorias
1763 1207 1854 1247 siue
1883 1207 1950 1255 (ut

170 1268 269 1307 iura
310 1267 478 1319 vocant)
513 1270 718 1322 apostolos
760 1283 786 1310 a
820 1269 867 1311 P.
899 1269 944 1311 T.
975 1270 1157 1323 petere2,
1199 1275 1238 1310 vt
1279 1271 1316 1310 si
1343 1269 1455 1323 forte
1496 1284 1523 1311 a
1555 1285 1716 1312 summo
1750 1271 1950 1324 Pontifice

168 1346 413 1387 responsum
448 1335 687 1388 tempestiue
718 1348 802 1375 non
837 1349 1043 1389 accepero,
1075 1349 1154 1390 per
1185 1336 1333 1376 literas
1364 1340 1524 1376 vestras
1552 1336 1822 1377 dimissorias
1853 1336 1951 1377 hinc

170 1397 288 1438 abire
316 1399 488 1452 possim,
532 1413 582 1440 ne
624 1414 716 1440 mea
760 1401 985 1454 appellatio
1026 1400 1271 1453 differatur,
1312 1415 1439 1455 quam
1480 1403 1570 1442 sine
1603 1414 1722 1441 mora
1750 1403 1951 1455 prosequi

167 1467 317 1505 statuo.
362 1464 473 1505 Mihi
500 1469 638 1506 autem
673 1466 724 1506 (le
757 1466 1010 1506 conscientia
1042 1466 1352 1520 reliqiosissimi
1374 1467 1470 1513 viri,
1505 1469 1541 1507 et
1562 1467 1643 1507 mei
1665 1467 1952 1507 amantissimi

173 1528 334 1579 Patris,
379 1543 428 1570 ac
461 1531 694 1583 superioris
728 1531 902 1572 meliora
932 1531 1183 1584 persuadeo,
1225 1545 1350 1586 quam
1385 1532 1496 1585 quod
1529 1532 1593 1572 vir
1624 1536 1767 1572 tantus
1802 1536 1835 1572 et
1866 1536 1979 1575 tani.

171 1593 316 1635 doctus
346 1608 425 1648 per
455 1596 537 1635 vim
572 1600 645 1636 aut
675 1595 893 1648 fraudem,
930 1601 1003 1637 aut
1035 1597 1249 1638 silentium
1282 1611 1346 1637 me
1376 1597 1515 1637 sedem
1539 1597 1809 1651 apostolicam
1842 1597 1950 1638 licite

169 1661 450 1714 appellantem
493 1661 718 1702 retardare
751 1663 858 1713 velit,
905 1662 1011 1703 vnde
1054 1666 1088 1703 et
1120 1676 1251 1703 causa
1284 1676 1362 1703 sua
1395 1662 1564 1703 tandem
1599 1663 1852 1703 redderetur
1883 1661 1949 1703 de-

169 1726 311 1776 terior,
346 1730 382 1767 et
404 1727 657 1767 conscientia
679 1727 886 1781 qrauibus
909 1727 1076 1768 casibus
1099 1728 1405 1781 implicaretur.
1454 1727 1576 1779 Quod
1598 1729 1635 1768 si
1657 1731 1795 1768 tamen
1817 1726 1952 1781 (quod

169 1790 299 1841 absit)
331 1791 424 1832 vllis
456 1791 696 1833 rationibus
728 1792 973 1846 impedirer,
1008 1793 1068 1833 ad
1090 1793 1282 1840 alterum,
1319 1793 1412 1834 iure
1434 1806 1684 1845 concessum,
1720 1793 1948 1834 remedium

171 1855 395 1909 confuqere
427 1871 560 1911 coqor,
604 1862 641 1898 et
678 1859 758 1899 iter
798 1872 889 1898 mea
918 1859 1099 1912 propria
1142 1858 1396 1899 authoritate
1430 1859 1636 1911 arripere,
1680 1858 1792 1912 quod
1827 1859 1948 1899 etiam

172 1922 215 1962 in
248 1923 441 1976 reliqioso
473 1923 569 1963 uiro
602 1924 796 1977 (quando
828 1937 909 1964 non
945 1925 1090 1978 aqitur
1123 1924 1174 1963 de
1205 1923 1569 1964 constitutionibus
1591 1924 1862 1978 reyularibus
1884 1924 1951 1964 sui

168 1987 385 2039 ordinis)3
426 2002 500 2029 nec
532 2002 622 2029 cum
659 1989 832 2043 antiquo
864 1989 970 2039 iure,
1004 2003 1078 2030 nec
1111 2003 1203 2029 cum
1235 1990 1407 2030 concilio
1446 1988 1697 2030 Tridentino
1726 1989 1950 2043 puynare4

168 2053 244 2093 sed
278 2067 470 2107 expresse
501 2067 736 2094 concessum
774 2068 858 2095 esse
890 2055 995 2095 satis
1027 2068 1235 2108 superque
1267 2055 1349 2095 scio
1362 2054 1391 2096 5.
1445 2053 1564 2094 Haec
1596 2054 1655 2094 ad
1687 2053 1739 2095 R.
1770 2053 1814 2096 T.
1849 2054 1948 2094 scri-

298 2159 305 2176 ¹
336 2157 446 2200 „Cum
482 2160 602 2192 autem
641 2157 721 2202 plus
756 2158 805 2192 sit
839 2158 882 2191 ad
909 2158 1031 2191 sedem
1057 2158 1302 2203 Apostolicam
1340 2159 1436 2193 facto
1472 2170 1669 2203 provocare
1695 2169 1803 2202 quam
1831 2158 1951 2199 verbo,

168 2214 205 2244 et
231 2211 319 2255 ipsis
354 2213 500 2256 propter
526 2211 659 2245 dictam
687 2222 833 2245 causam
860 2211 904 2245 ad
931 2210 1128 2245 Romanam
1158 2211 1355 2246 Ecclesiam
1382 2211 1610 2246 venientibus
1645 2211 1871 2254 intelligatur
1907 2211 1950 2245 ad

171 2264 292 2298 sedem
323 2264 566 2309 Apostolicam
594 2266 848 2309 provocatum⁴⁴
880 2267 970 2299 etc.:
998 2276 1027 2298 c.
1047 2265 1104 2306 52,
1133 2265 1163 2298 X
1191 2265 1221 2305 2,
1250 2265 1306 2299 28.

290 2317 303 2338 ²
333 2318 441 2360 „Post
467 2317 744 2362 appellationem
772 2318 1022 2362 interpositam
1049 2317 1176 2352 literae
1203 2318 1341 2352 dandae
1359 2320 1445 2352 sunt
1462 2318 1507 2353 ab
1525 2329 1576 2359 eo,
1603 2330 1623 2352 a
1643 2329 1712 2362 quo
1730 2317 1952 2363 appellatum

170 2373 235 2412 est,
263 2372 307 2405 ad
334 2383 427 2413 eum,
463 2371 524 2415 qui
553 2372 596 2405 de
623 2371 864 2416 appellatione
900 2371 1110 2414 cogniturus
1146 2374 1202 2406 est
1227 2373 1306 2406 sive
1334 2371 1546 2416 Principem,
1583 2371 1662 2406 sive
1688 2383 1794 2416 quem
1822 2371 1951 2406 alium:

169 2436 261 2468 quas
288 2425 429 2459 litteras
460 2424 695 2465 dimissorias,
722 2425 802 2459 sive
828 2425 1009 2470 apostolos
1028 2425 1224 2470 appellant.
1268 2425 1403 2459 Sensus
1422 2428 1542 2459 autem
1562 2424 1748 2459 literarum
1775 2425 1860 2459 talis
1878 2426 1952 2459 est:

170 2478 374 2523 appellasse
403 2478 522 2522 (puto)
544 2478 692 2512 Lucium
719 2477 854 2512 Titium
881 2490 902 2512 a
927 2478 1110 2513 sententia
1136 2478 1244 2519 illius,
1272 2490 1363 2522 quae
1389 2478 1484 2512 inter
1509 2477 1590 2512 illos
1609 2478 1705 2513 dicta
1731 2479 1830 2512 est“:
1858 2489 1888 2512 c.
1907 2477 1949 2511 31

291 2586 304 2606 ⁸
334 2584 553 2629 „Praecipue
588 2596 674 2619 vero
708 2584 776 2619 hoc
802 2585 837 2618 in
864 2584 1045 2628 religiosis
1070 2585 1238 2619 volumus
1265 2585 1461 2626 observari,
1495 2596 1540 2619 ne
1567 2584 1737 2628 religiosi,
1773 2595 1855 2618 cum
1891 2596 1953 2629 pro

171 2638 291 2682 aliquo
326 2649 480 2672 excessu
515 2638 651 2672 fuerint
685 2638 898 2682 corrigendi,
939 2640 1063 2673 contra
1097 2638 1303 2681 regularem
1339 2638 1498 2672 Praelati
1533 2639 1587 2672 sui
1626 2641 1663 2672 et
1700 2637 1850 2683 capituli
1885 2637 1953 2671 dis-

170 2691 340 2736 ciplinam
367 2691 550 2736 appellare
576 2693 818 2735 praesumant,
855 2691 918 2726 sed
944 2691 1129 2725 humiliter
1155 2703 1196 2726 ac
1223 2692 1353 2726 devote
1378 2691 1589 2736 suscipiant,
1626 2691 1719 2735 quod
1746 2702 1810 2736 pro
1835 2690 1954 2725 salute

171 2756 237 2778 sua
263 2745 373 2778 fuerit
399 2745 537 2778 eisdem
564 2745 809 2779 iniunctum“:
836 2756 866 2779 c.
885 2745 931 2779 26
957 2744 989 2778 X
1016 2745 1048 2786 2,
1075 2746 1138 2783 28;
1168 2746 1214 2780 cf.
1233 2745 1341 2779 etiam
1368 2756 1397 2779 c.
1417 2745 1450 2786 3,
1477 2745 1507 2778 X
1535 2744 1568 2785 2,
1595 2745 1650 2778 28.

292 2799 305 2818 ⁴
332 2797 544 2841 Significare
571 2797 715 2832 videtur
750 2798 934 2832 decretum
969 2798 1057 2832 illud
1094 2800 1247 2832 Concilii
1277 2799 1503 2832 Tridentini:
1540 2797 1635 2840 „Nec
1671 2797 1779 2831 liceat
1813 2796 1953 2840 regula-

171 2851 270 2884 ribus
306 2862 326 2884 a
360 2851 437 2885 suis
472 2850 712 2885 conventibus
739 2852 916 2893 recedere,
951 2852 1059 2885 etiam
1096 2853 1290 2896 praetextu
1316 2851 1360 2885 ad
1388 2851 1596 2896 Superiores
1630 2861 1715 2884 suos
1741 2849 1952 2884 accedendi:

173 2903 241 2937 nisi
270 2903 313 2937 ab
340 2903 473 2937 eisdem
502 2904 603 2938 missi
630 2906 693 2938 aut
719 2905 838 2938 vocati
865 2904 1011 2939 fuerint.
1054 2903 1122 2946 Qui
1141 2916 1226 2939 vero
1243 2905 1321 2939 sine
1348 2905 1531 2949 praedicto
1549 2904 1728 2944 mandato,
1756 2903 1790 2937 in
1809 2902 1955 2947 scriptis

171 2956 328 2998 obtento,
366 2959 532 3001 repertus
570 2957 700 2997 fuerit;
742 2957 786 2992 ab
815 2957 1016 2992 Ordinariis
1042 2957 1200 2992 locorum
1227 2960 1413 3002 tamquam
1440 2957 1603 2992 desertor
1627 2956 1682 2990 sui
1709 2956 1866 2990 instituti
1893 2967 1953 3001 pu-

173 3010 310 3043 niatur⁴‘
349 3009 485 3052 (Sessio
516 3009 626 3050 XXV,
659 3021 689 3045 c.
720 3012 741 3045 4
773 3012 816 3045 de
846 3010 999 3054 regul.);
1040 3010 1242 3044 dubitatum
1274 3014 1372 3044 certe
1403 3010 1487 3044 olim
1518 3013 1584 3051 est,
1618 3012 1739 3044 utrum
1765 3008 1874 3043 verbo
1893 3008 1954 3042 illo

177 3061 429 3107 „Superiores“
459 3063 567 3097 etiam
594 3074 756 3098 summus
789 3065 952 3108 pontifex
979 3064 1361 3108 comprehenderetur:
1390 3064 1436 3098 cf.
1459 3065 1590 3097 Franc.
1612 3064 1751 3096 Sum-ez
1777 3061 1810 3096 S.
1830 3062 1875 3102 J.,
1902 3061 1954 3095 De

173 3115 307 3149 virtute
334 3119 369 3150 et
395 3118 494 3150 statu
520 3115 719 3159 Religionis
746 3117 845 3151 Toni.
867 3117 926 3158 1V,
953 3119 1058 3151 tract.
1078 3117 1110 3157 8,
1138 3117 1160 3150 l.
1180 3116 1212 3157 2,
1234 3128 1263 3151 c.
1287 3118 1340 3157 11,
1367 3129 1401 3150 n.
1430 3117 1483 3158 15,
1510 3115 1720 3159 Moguntiae
1750 3115 1850 3155 1626,
1876 3113 1953 3150 102.

295 3169 307 3188 ⁵
337 3169 413 3210 „Ab
439 3180 490 3207 eo,
527 3181 597 3212 quo
633 3170 855 3214 appellatum
883 3174 948 3211 est,
984 3170 1027 3204 ad
1065 3181 1156 3208 eum,
1193 3170 1250 3213 qui
1288 3170 1330 3203 de
1366 3169 1608 3214 appellatione
1645 3169 1854 3211 cogniturus
1888 3170 1953 3207 est,
