2062 3443
97 165 197 201 1823.
226 164 384 199 Adamus
411 164 454 199 ab
474 165 545 198 ΑΓΖ
572 164 656 199 Can.
686 164 787 199 1572.
833 164 933 199 1824.
962 164 1048 198 Coll.
1069 164 1102 199 S.
1123 165 1156 199 J.
1176 165 1301 199 ferrar.
1320 165 1463 200 sodales
1491 164 1574 200 Can.
1605 166 1705 201 1572.
1755 171 1809 210 95)

45 283 210 326 Dilingae
238 282 451 325 magistrum
479 282 610 316 artium
638 284 796 316 creatum
825 293 923 318 esse:
952 281 1078 316 deinde
1105 293 1136 315 a.
1165 282 1253 316 1575
1291 282 1500 317 beneficium
1529 283 1562 317 S.
1591 283 1747 318 Oswaldi
1776 285 1810 318 in

45 334 237 372 cathedrali
265 335 426 376 ecclesia,
458 346 488 369 a.
511 335 600 369 1578
627 335 830 380 parochiam
862 335 1119 377 „Kastellruw
1151 338 1373 377 consecutus,
1401 348 1481 370 cum
1509 336 1680 371 'l'homam
1709 338 1809 371 coad-

44 391 192 425 iutorem
228 389 262 422 in
290 388 496 422 visitatione
531 389 704 422 dioecesis
740 388 930 422 comitatus
958 391 1063 429 esset,
1101 388 1217 422 factus
1244 391 1299 423 est
1325 400 1355 423 a.
1379 390 1467 424 1580
1495 390 1671 434 parochus
1698 391 1811 436 ipsius

43 443 139 477 urbis
174 441 401 479 brixinensis,
438 442 581 476 &1586
616 441 746 476 ibidem
783 442 977 476 canonicus
1016 442 1102 484 (,‚im
1141 442 1410 486 Kreuzgang“),
1446 454 1476 476 a.
1509 444 1598 478 1594
1634 444 1810 488 parochus

44 495 235 530 albinensis
263 494 465 538 (Albeins);
501 506 569 538 quo
611 494 728 528 officio
756 506 867 529 annos
895 493 987 529 haud
1015 505 1148 539 paucos
1175 507 1305 538 magno
1332 507 1410 529 cum
1438 496 1558 530 fructu
1585 497 1730 531 functus
1757 502 1811 531 est

45 548 272 593 (Steinltuber
299 547 319 581 1.
339 560 367 581 0.
388 547 420 581 1⁶¹
446 548 511 587 80;
540 548 742 581 Sinnaeher
769 547 788 581 1,
810 559 839 582 0.
862 548 888 581 ll
919 548 1006 584 357:
1035 548 1100 581 Vll
1130 549 1336 589 612—(5133
1367 550 1462 583 ΙΙίνη
1491 549 1514 583 1.
1534 561 1562 584 c.
1585 551 1595 583 Ι
1624 551 1722 587 269).

46 633 196 671 1823.
294 634 577 672 ADANH'S
606 635 698 671 AB
728 634 868 671 ΑΒΖ
906 635 1124 670 cathedralis
1160 636 1334 670 ecclesiae
1367 637 1584 672 brixinensis
1619 639 1813 673 canonicus

230 690 370 724 nomine
397 690 543 734 capituli
571 689 789 724 cathedralis
811 690 861 732 (5³)
891 689 1091 724 CANlSlO.
1214 690 1362 724 Brixina
1389 691 1443 725 31.
1465 690 1632 725 Octobris
1661 693 1762 726 1572.

159 754 213 788 Ex
241 753 448 798 apographo
474 754 586 788 eiusd.
606 755 681 787 fere
707 754 890 798 temporis,
918 753 1011 798 (111οᾶ
1039 754 1122 787 olim
1150 757 1227 788 erat
1249 755 1281 788 in
1301 755 1480 789 tabulario
1504 756 1733 801 episcopatus
1753 757 1811 790 vol

43 807 257 842 cathedralis
283 808 430 852 capituli
454 807 681 847 brixinensis,
708 819 801 841 nunc
820 810 939 841 autem
962 809 1083 841 exstat
1105 807 1305 852 Oeniponte
1329 808 1361 842 in
1381 808 1528 843 archivo
1549 810 1810 854 praefectura-3,

44 861 75 895 in
103 860 283 901 fasciculo,
311 861 353 895 de
380 872 449 905 quo
476 872 583 906 supra
611 873 642 906 p.
666 862 722 896 98.

159 921 321 954 Iuvenwn
346 921 538 964 theoloyiae
562 922 758 954 studiosum
787 921 819 953 ei
844 922 1071 954 commendat.

324 992 578 1035 Reuerende
612 993 661 1034 D.
697 992 839 1034 Canisi
873 992 1010 1035 amice
1043 992 1314 1035 Charissime.

159 1058 304 1113 Redth
336 1058 474 1100 Roma
506 1058 560 1100 ad
594 1071 670 1099 nos
705 1058 886 1100 dilectus
918 1057 1040 1100 nobis
1075 1058 1322 1100 Gothardus
1356 1059 1650 1101 8001000000ι
1685 1060 1809 1104 insti·

42 1127 160 1167 tutus
182 1137 259 1177 per
281 1123 445 1177 aliquot
467 1137 604 1165 annos
626 1126 716 1165 turn
752 1123 795 1164 in
818 1122 1089 1177 politioribus
1122 1123 1260 1165 literis
1292 1125 1383 1165 tum
1417 1123 1460 1165 in
1494 1124 1638 1178 aliquo
1672 1125 1810 1180 philo-

47 1188 221 1243 sophiae
253 1202 487 1243 progressu
518 1189 561 1230 in
594 1188 783 1242 Collegio
816 1191 963 1231 uestro
995 1189 1258 1242 germanico,
1298 1189 1383 1242 qui,
1418 1193 1466 1231 ut
1497 1191 1682 1241 uidetur,
1726 1205 1810 1233 000

44 1268 191 1309 parum
240 1253 446 1308 profecit,
495 1253 531 1295 is
580 1254 788 1308 proximis
835 1254 1177 1296 ordinationibus
1223 1254 1569 1297 Subdiaconatus
1617 1257 1809 1298 ordinem

43 1319 236 1374 sumpsit.
286 1319 495 1373 Cupiebat
527 1319 771 1362 successiue
803 1319 967 1362 relictis
1000 1319 1155 1374 studijs
1182 1320 1236 1361 ad
1260 1320 1595 1374 Presbyteratus
1619 1322 1810 1363 ordinem

0 1399 2 1435 ;
26 1384 285 1440 promoueri
319 1388 363 1426 et
394 1385 457 1427 ita
483 1399 587 1427 suae
610 1387 654 1427 et
676 1399 851 1427 suorum
874 1385 1091 1438 aegestati
1114 1385 1357 1428 subuenire.
1408 1387 1468 1429 At
1501 1387 1601 1439 quia
1633 1386 1810 1429 nimium

44 1450 341 1504 cognoscimus
373 1450 600 1493 raritatem
634 1451 923 1501 sacerdotum,
959 1450 1031 1503 qui
1065 1451 1225 1504 aliquid
1259 1451 1433 1501 scirent,
1468 1452 1601 1493 talem
1625 1466 1732 1503 esse,
1767 1456 1812 1494 et

41 1515 137 1558 hinc
177 1515 279 1557 oriri
321 1529 446 1557 omne
478 1516 652 1566 malum,
696 1515 1028 1558 deliberauimus
1070 1515 1338 1570 praedictum
1373 1516 1586 1558 -Juuenem
1629 1517 1810 1559 ulterius

41 1580 82 1623 in
123 1580 277 1637 studijs
319 1581 448 1631 alere,
492 1595 574 1635 quo
616 1581 861 1636 praelibata
902 1580 1047 1624 studia
1089 1582 1228 1635 possit
1268 1581 1422 1623 melius
1463 1584 1716 1636 penetrare,
1760 1596 1810 1624 ac

42 1645 214 1689 tandem
248 1646 300 1688 ad
335 1647 520 1700 aliquem
556 1648 683 1689 finem
713 1646 952 1701 peruenire.
1009 1647 1111 1688 Cum
1147 1649 1292 1689 autem
1327 1647 1409 1689 dici
1443 1648 1555 1689 solet
1589 1647 1809 1689 dimidium

6 1752 7 1756 ,
44 1723 137 1754 esse
168 1711 286 1762 facti,
321 1712 435 1765 quod
467 1712 576 1754 bene
608 1711 809 1766 incoepit,
844 1711 1059 1754 noluimus
1081 1712 1294 1754 Juuenem
1318 1712 1463 1765 aliquo
1486 1713 1684 1766 relegare
1717 1713 1809 1754 sine

43 1776 151 1819 bono
184 1791 234 1819 ac
266 1780 437 1819 maturo
477 1777 654 1820 consilio
688 1777 974 1820 Paternitatis
1006 1777 1057 1819 V.
1093 1778 1388 1820 Reuerendae.
1454 1778 1564 1819 Eum
1597 1777 1809 1820 mittimus

42 1841 173 1896 igitur
203 1842 328 1894 istuc,
363 1846 412 1886 ut
434 1842 594 1896 dirigat
616 1857 792 1897 gressus
814 1857 915 1885 suos
947 1843 1072 1885 iuxta
1097 1857 1250 1884 sanum
1275 1843 1499 1885 consilium
1523 1843 1809 1886 paternitatis

44 1907 93 1950 V.
136 1921 186 1950 ac
226 1908 483 1951 tantundem
526 1911 780 1961 exequatur,
825 1911 1033 1962 quantum
1070 1908 1329 1951 Paternitati
1364 1909 1550 1951 Vestrae
1592 1909 1810 1951 uidebitur

45 1985 138 2016 esse
169 1974 434 2018 consultum:
470 1973 600 2016 Hisce
628 1973 945 2016 Paternitatem
970 1974 1172 2016 Vestram
1207 1977 1428 2027 rogantes,
1461 1974 1622 2016 habeat
1654 1988 1732 2015 nos
1764 1974 1808 2014 in

43 2038 128 2081 suis
159 2038 426 2082 orationibus
459 2039 642 2082 assiduis
665 2039 1000 2082 commendatos⁴
1049 2039 1256 2081 Brixinae
1291 2037 1464 2093 [ultima
1498 2039 1565 2081 die
1590 2039 1806 2087 Octobris,

6 2107 8 2110 ’
49 2102 201 2160 1572]“
235 2102 311 2159 [9].

157 2179 350 2221 Librarius,
369 2179 430 2224 qui
449 2180 540 2214 hanc
558 2180 749 2225 epistulam
769 2180 852 2215 olim
871 2179 1112 2225 transcripsit,
1131 2180 1223 2214 alius
1242 2181 1424 2224 estvatque
1444 2179 1514 2220 ille,
1535 2180 1594 2224 qui
1614 2179 1807 2224 epistulam

20 2282 21 2286 Ἰ
47 2233 262 2278 superiorem
281 2233 532 2278 transcripsit;
553 2237 588 2268 et
606 2246 687 2268 cum
706 2234 788 2268 huic
806 2235 1015 2269 adnotatum
1035 2236 1140 2275 esset,
1161 2245 1239 2268 eam
1256 2234 1398 2267 nomine
1416 2233 1573 2267 Thomae
1592 2233 1809 2267 coadiutoris

45 2285 160 2321 datam
186 2298 276 2329 esse,
312 2287 375 2328 illi,
403 2287 503 2321 cuius
529 2288 671 2322 nomine
703 2288 839 2333 scripta
865 2291 972 2328 essct,
1008 2299 1077 2321 non
1105 2291 1160 2321 est
1186 2287 1394 2332 ascriptum.
1447 2286 1628 2330 Equidem,
1665 2299 1745 2321 cum
1773 2292 1809 2321 et

46 2338 131 2374 haec
156 2342 192 2374 et
225 2343 339 2375 totum
367 2340 465 2374 illum
498 2340 722 2381 fasciculum,
758 2341 793 2375 in
821 2353 889 2385 quo
924 2340 991 2374 hae
1027 2340 1204 2385 epistulae
1231 2342 1386 2380 exstant,
1414 2339 1609 2381 considero,
1646 2339 1681 2373 in
1716 2340 1808 2374 hanc

46 2393 144 2428 venio
169 2395 404 2429 sententiam:
431 2394 528 2429 Idem
556 2394 699 2439 quidem
726 2395 828 2429 binas
855 2394 962 2429 hasce
988 2393 1131 2428 litteras
1158 2394 1388 2428 adumbravit
1414 2393 1472 2427 vel
1500 2393 1717 2437 composuit;
1745 2393 1808 2427 sed

46 2457 113 2480 una
147 2447 230 2481 data
264 2449 320 2482 est
353 2448 495 2482 nomine
530 2448 767 2489 coadiutoris3
802 2448 916 2482 altera
951 2448 1093 2481 nomine
1129 2447 1276 2492 capituli
1311 2446 1529 2481 cathedralis
1564 2447 1647 2481 data
1682 2448 1737 2480 est
1763 2447 1807 2481 ab

44 2498 176 2534 Adamo
202 2501 246 2534 ab
274 2502 353 2541 Arz,
389 2501 547 2536 eiusdem
583 2501 730 2546 capituli
766 2501 955 2542 canonico;
993 2501 1053 2545 qui
1089 2500 1202 2535 multa.
1238 2500 1411 2534 eiusmodi
1439 2499 1584 2543 negotia
1611 2502 1647 2534 et
1673 2500 1808 2534 Romae

2 2580 3 2585 ,
45 2556 80 2587 et
96 2552 291 2599 Oeniponte
310 2556 345 2588 et
363 2553 448 2588 alibi
474 2555 655 2589 tractabat
681 2558 790 2600 atque
809 2554 1031 2599 aliquamdiu
1051 2555 1159 2588 etiam
1183 2554 1238 2596 „in
1256 2553 1508 2598 spiritualibus
1532 2565 1596 2598 per
1615 2553 1806 2588 dioecesim

46 2604 288 2642 Brixinensem
317 2607 591 2643 Commissarius
618 2608 818 2652 generalis⁴⁴
849 2611 945 2650 erat;
974 2609 1016 2642 cf,
1039 2609 1137 2642 Ηίνη
1165 2607 1188 2642 l.
1207 2608 1269 2642 c.l
1297 2607 1364 2641 225
1393 2607 1480 2648 314;
1510 2607 1538 2640 11
1567 2608 1628 2642 65ι
1654 2607 1736 2642 391.

46 2689 193 2729 1824.
291 2692 623 2731 COLLEGII
649 2695 702 2732 S.
726 2694 779 2731 J.
807 2694 1327 2732 FERRARIENSIS
1355 2696 1497 2730 sodales
1524 2695 1724 2731 CANISIO.

1011 2749 1175 2784 Ferraria
1202 2750 1297 2784 circa
1323 2761 1368 2784 m.
1388 2749 1626 2784 Novembrem
1656 2750 1759 2785 1572.

160 2813 340 2855 Virtutes
379 2815 605 2858 Barbarae
642 2817 757 2870 filiae
790 2817 1064 2858 Femlinamh·
1095 2816 1130 2858 I.
1178 2818 1457 2871 imperatoris,
1498 2817 1714 2872 Alplzonso
1746 2817 1805 2858 II.

28 2876 142 2921 ,duci
169 2878 427 2932 ferrariensi
458 2883 727 2923 niatrimonio
760 2884 940 2934 iunctae,
975 2882 1158 2924 laudant
1182 2886 1217 2923 et
1241 2882 1413 2924 Canisc'o
1446 2883 1600 2937 scripta
1626 2884 1805 2933 mittunt,

47 2942 192 2996 quibus
238 2950 461 2988 eoetremmn
513 2949 617 2989 citae
665 2948 779 2989 illius
826 2952 986 3002 tempus
1033 2951 1279 2990 enarratur.
1344 2948 1481 2990 Plura
1529 2948 1623 2989 vide
1670 2948 1805 3000 infra,

0 3018 4 3062 A*
47 3019 223 3052 monum.
257 3012 383 3053 1112.

163 3088 190 3121 a)
210 3088 354 3116 Brixinae
368 3091 426 3119 etc.
443 3100 561 3125 apoyr.;
581 3101 637 3125 qua
658 3093 771 3119 ratione
792 3096 905 3124 tempus
925 3093 1068 3124 epistulae
1087 3092 1253 3124 superioris
1267 3094 1413 3125 (suprap.
1431 3093 1478 3123 98)
1498 3091 1662 3125 siynificccri
1682 3091 1806 3117 videtur.

166 3169 176 3187 ¹
201 3167 251 3201 De
277 3167 344 3202 hoc
369 3180 402 3203 v.
429 3180 537 3214 supra
564 3180 596 3214 p.
619 3169 674 3204 93.

1469 3226 1519 3260 7*
