2051 3433
179 179 268 202 XLIV

228 285 314 319 1573
366 292 367 321 ἶ

226 503 315 538 1573
365 493 366 546 1

224 616 313 650 1573
364 603 365 617 ’

225 728 314 762 1573

224 840 313 875 1573

223 1000 312 1035 1573
362 979 364 991 ⁴

223 1112 312 1147 1573
361 1156 363 1163 ¹

222 1219 311 1253 1573

221 1331 309 1366 1573

221 1445 309 1480 1573

220 1611 309 1645 1573

219 1732 308 1767 1573

219 1845 308 1879 1573

220 1959 308 1993 1573

217 2073 306 2107 1573

217 2186 306 2221 1573

165 2333 168 2336 ἢ
217 2287 306 2322 1573

205 2395 306 2448 1573

216 2608 305 2642 1573

216 2708 306 2742 1573

215 2820 305 2854 1573

217 2932 304 2967 1573

215 2992 305 3026 1573

215 3051 304 3085 1573
354 3077 356 3106 3

392 3111 474 3145 Dec.
495 3112 550 3145 21.
571 3112 627 3145 vel
647 3112 692 3146 22
738 3138 739 3143 ,

217 3111 304 3145 1573

360 1313 362 1323 ‚
435 1276 491 1320 (ut
517 1277 674 1322 videtur)

641 166 701 200 111.
732 165 889 199 Tabulae
915 164 1185 208 chronologicae
1213 164 1308 198 vitae
1335 163 1469 198 Canisii

422 284 571 317 Ineunte
602 283 713 325 Aug..
749 292 750 329 χ

473 336 570 379 (ante
597 336 646 379 6.)

424 502 521 535 Inter
548 502 602 536 21.
624 501 688 535 Iul.
748 470 749 489 i

457 557 491 588 et
514 556 544 589 6.
566 556 656 598 Aug.

471 615 564 657 Aug.
587 614 640 648 16.

471 726 562 770 Aug.
588 727 642 760 17.

384 838 455 872 Sub
479 839 615 872 exitum
635 839 727 882 Aug.
746 871 748 890 Α,

471 998 563 1041 Aug.
584 999 639 1034 30.

437 1050 492 1093 (ut
520 1052 678 1096 videtur)

483 1110 578 1156 Sept.
599 1112 630 1146 6.

438 1164 492 1206 (ut
518 1165 676 1210 videtur)

478 1224 575 1269 Sept.
596 1225 628 1259 8.

468 1336 565 1382 Sept.
588 1338 640 1373 13.

435 1389 491 1434 (ut
517 1392 675 1436 videtur)

467 1451 561 1496 Sept.
588 1452 638 1487 18.

467 1617 563 1662 Sept.
584 1618 640 1654 20.

433 1730 531 1765 Inter
557 1731 613 1766 28.
640 1735 676 1767 et

474 1784 529 1820 30.
550 1785 628 1820 Oct.

391 1843 481 1885 Oct„
510 1848 548 1879 ut
570 1845 713 1880 videtur

416 1956 512 2002 Sept.
534 1957 592 1992 vel
610 1958 688 1993 Oct.

473 2063 551 2099 Oct..
575 2066 626 2101 15.

394 2177 496 2212 Circa
523 2179 599 2214 init.
619 2178 709 2214 Nov.

467 2284 558 2320 Nov.
581 2286 633 2321 14.

465 2391 555 2428 Nov.
576 2393 630 2429 30.

412 2605 503 2640 Nov.
524 2607 581 2641 vel
600 2607 684 2643 Dec.

414 2711 505 2747 Nov.
526 2714 583 2748 vel
603 2714 687 2750 Dec.

423 2818 477 2853 No
484 2832 514 2855 ν.
535 2823 570 2854 et
589 2821 672 2856 Dec.

423 2931 525 2967 Circa
545 2933 575 2967 9.
595 2933 679 2968 Dec.

392 2992 495 3026 Circa
515 2993 604 3026 med.
624 2992 707 3027 Dec.
738 2978 740 3041 1

472 3052 554 3086 Dec.
575 3052 630 3086 21.

769 280 806 316 C.
834 279 1034 326 Oeniponte
1068 281 1192 314 nuntio
1218 280 1413 325 apostolico
1446 279 1606 314 libellum
1634 279 1833 325 supplicem
1859 290 1879 314 a
1905 290 1944 314 se

828 335 1000 379 scriptum
1040 334 1159 374 tradit,
1196 345 1265 378 quo
1292 333 1506 377 Magdalena
1533 334 1681 377 eiusque
1707 344 1807 367 soror
1833 333 1943 367 facul-

827 390 921 422 tates
948 390 1074 433 petunt
1100 388 1143 421 ad
1171 387 1504 422 confraternitatem
1540 387 1669 421 rosarii
1696 386 1810 421 Halae
1845 387 1944 421 insti-

826 441 995 475 tuendam
1023 443 1230 485 spectantes
1260 440 1375 483 (680).

748 501 890 534 *Pei-tia
917 500 1062 534 nuntius
1090 500 1132 533 de
1158 499 1450 534 adulescentibus
1476 511 1539 544 pro
1563 499 1713 543 collegio
1740 499 1944 543 germanico

827 553 1037 596 colligendis
1064 565 1144 587 cum
1172 552 1285 587 Sociis
1312 553 1388 596 agit
1417 553 1531 596 (135).

747 613 804 667 (C.
841 613 1034 658 Casparem
1077 611 1301 657 Gropperum
1345 613 1510 646 nuntium
1554 612 1789 658 apostolicum
1832 612 1945 647 Roma

827 667 1029 700 venientem
1056 666 1189 710 excipit
1218 665 1333 709 (132).

747 725 949 760 ¹Coloniam
986 725 1029 759 ad
1061 725 1098 759 P.
1125 725 1229 759 Laur.
1256 725 1398 760 Surium
1429 724 1680 759 Cartusianum
1718 726 1833 760 Breve
1861 725 1946 760 Gre-

826 780 916 823 gorii
944 779 1038 813 XIII.
1067 782 1103 812 et
1130 779 1241 812 vitam
1269 778 1441 823 martyris
1476 779 1662 813 cuiusdam
1689 779 1802 813 mittit
1829 778 1944 824 (1313).

766 837 878 873 Halae
904 838 1119 882 Magdalena
1146 838 1270 881 regina
1306 849 1385 871 cum
1414 838 1450 872 C.
1478 838 1555 881 agit
1582 838 1624 872 de
1651 838 1754 873 Socio
1790 839 1942 883 quodam

826 892 1021 926 Eleonorae
1059 892 1191 933 sorori,
1231 891 1291 935 qui
1328 891 1498 926 Mantuae
1533 892 1647 937 ipsius
1686 893 1946 927 confessarium

825 949 922 988 agat,
949 945 1174 980 concedendo
1204 944 1321 988 (134).

746 985 866 1033 ¹Dom.
889 998 982 1033 XVI.
1011 1011 1044 1044 p.
1067 999 1168 1033 Pent.
1197 998 1233 1033 C.
1263 995 1464 1043 Oeniponte
1490 998 1533 1032 de
1560 1010 1689 1043 evang.
1718 999 1786 1033 diei
1814 999 1945 1034 contio-

823 1055 931 1086 natur
959 1053 1074 1095 (681).

766 1112 866 1147 Dom.
886 1112 998 1147 XVII.
1018 1124 1050 1157 p.
1072 1113 1174 1146 Pent.
1193 1123 1238 1145 ex
1257 1122 1386 1154 evang.
1407 1111 1474 1145 diei
1493 1112 1537 1146 de
1563 1113 1746 1157 exsequiis
1773 1113 1945 1148 Christia-

824 1177 950 1199 norum
977 1165 1064 1199 dicit
1093 1164 1211 1209 (681).

765 1224 830 1259 Die
855 1224 1067 1259 Nativitatis
1092 1224 1132 1258 B.
1152 1223 1288 1258 Mariae
1312 1223 1355 1257 V.
1383 1223 1426 1258 de
1451 1226 1591 1269 septem
1618 1225 1738 1260 verbis
1765 1226 1841 1261 eius
1867 1238 1945 1261 ora-

823 1279 955 1312 tionem
983 1289 1124 1312 sacram
1151 1277 1259 1312 habet
1287 1276 1403 1320 (681).

764 1337 864 1371 Dom.
884 1337 1016 1372 XVIII.
1036 1350 1069 1382 p.
1090 1337 1189 1372 Pent.
1213 1338 1255 1371 de
1282 1337 1407 1372 diebus
1434 1337 1620 1373 dominicis
1646 1338 1703 1384 pie
1729 1339 1943 1384 peragendis
1965 1338 1968 1339 ⁷

824 1390 910 1425 dicit
939 1390 1053 1434 (681).

764 1449 886 1484 Portia
921 1449 1067 1485 nuntius
1102 1449 1321 1495 apostolicus
1348 1449 1386 1485 C.
1414 1449 1623 1495 Salisburgo
1659 1463 1775 1487 novas
1800 1451 1944 1496 collegii

824 1504 1018 1548 germanici
1047 1504 1321 1538 constitutiones
1347 1504 1459 1539 mittit
1485 1507 1531 1545 et,
1560 1508 1600 1539 ut
1626 1517 1688 1550 pro
1715 1506 1839 1540 eodem
1866 1506 1943 1551 ipse

822 1557 956 1602 aliique
983 1557 1075 1592 Socii
1102 1557 1353 1592 adulescentes
1380 1561 1565 1602 quaerant,
1593 1558 1741 1593 mandat
1769 1559 1883 1604 (136).

763 1616 1010 1651 Ferdinandus
1048 1617 1092 1652 Il.
1132 1616 1308 1651 archidux
1349 1616 1386 1652 C.
1427 1618 1472 1653 80
1509 1618 1665 1653 florenos
1703 1630 1840 1654 annuos
1877 1631 1941 1665 pro

823 1670 1150 1716 scriptore-alendo
1178 1671 1342 1714 assignat
1372 1670 1487 1715 (688).

766 1729 887 1763 Portia
921 1731 1068 1764 nuntius
1104 1729 1303 1774 Oeniponte
1338 1742 1418 1765 cum
1447 1730 1484 1765 C.
1512 1731 1554 1765 de
1590 1731 1882 1767 adulescentibus
1906 1732 1943 1766 in

823 1782 1011 1827 collegium
1039 1785 1285 1827 germanicum
1312 1784 1498 1819 mittendis
1524 1785 1602 1829 agit
1629 1784 1745 1829 (137).

768 1844 803 1877 C.
832 1845 859 1876 G
866 1846 1004 1886 regorio
1022 1845 1130 1878 XIII.
1147 1855 1214 1886 per
1232 1844 1392 1877 Portiam
1411 1846 1627 1878 commendat
1648 1846 1939 1880 Centuriatorum

772 1888 774 1890 ¹
822 1901 851 1929 et
882 1897 1070 1931 Chenznitcz·
1097 1898 1348 1938 refutationem
1376 1897 1491 1940 (683).

763 1954 800 1990 C.
828 1955 1001 1990 cardinali
1028 1955 1153 1989 Sittico
1172 1956 1216 1990 ab
1237 1955 1465 1991 Hohenembs
1491 1956 1658 2002 episcopo
1684 1957 1943 1992 constantiensi

825 2009 963 2049 suadet,
990 2011 1031 2043 ut
1057 2008 1288 2044 Constantiae
1314 2010 1548 2044 seminarium
1574 2011 1744 2046 instituat
1771 2011 1886 2056 (140).

762 2062 833 2097 ΡΡ.
861 2063 1032 2097 Hoffaeus
1059 2066 1095 2097 et
1122 2062 1158 2097 C.
1186 2063 1351 2104 suadent,
1386 2065 1426 2097 ut
1451 2064 1617 2108 pontifex
1653 2064 1843 2109 collegium
1870 2064 1938 2100 col-

821 2116 915 2160 legio
941 2117 1147 2160 germanico
1174 2117 1290 2150 simile
1316 2117 1352 2151 in
1379 2116 1574 2152 Germania.
1601 2119 1734 2153 condat
1761 2118 1876 2164 (144).

765 2177 801 2212 Ο.
829 2177 1091 2219 Auqustam
1126 2182 1156 2210 et
1183 2177 1427 2220 Dilinyam
1459 2180 1703 2221 proficiscitur
1737 2181 1854 2223 operis
1881 2181 1940 2213 sui

818 2232 982 2264 mariani
1008 2231 1209 2264 absolvendi
1236 2241 1344 2263 cansa
1374 2230 1492 2274 (153).

741 2283 792 2317 *A
818 2285 1021 2329 praeposito
1047 2283 1208 2327 generali
1234 2284 1468 2318 confirmatur
1493 2285 1720 2320 consiliarius
1746 2287 1941 2332 praepositi

819 2337 1052 2382 provincialis
1079 2339 1115 2371 et
1140 2337 1290 2372 rectoris
1315 2337 1545 2383 oenipontani
1574 2338 1689 2383 (682).

740 2381 926 2435 'Dilingae
952 2391 1121 2425 Ioannem
1141 2390 1344 2436 Egolphum
1371 2402 1392 2425 a
1415 2391 1622 2436 Knbringen
1649 2392 1855 2438 episcopum
1881 2405 1940 2428 au-

819 2448 1014 2488 gustanum
1041 2444 1133 2486 adit;
1172 2444 1215 2478 de
1241 2444 1393 2488 collegio
1429 2448 1633 2488 augustano
1669 2457 1750 2480 cum
1776 2458 1816 2481 eo
1843 2447 1937 2491 agit;

820 2498 1011 2543 persuadet
1039 2498 1164 2539 eidem,
1191 2501 1231 2532 ut
1257 2498 1423 2532 abbatem
1451 2497 1644 2543 Sociosque
1671 2498 1855 2535 fuldenses
1880 2501 1939 2535 ad-

819 2552 919 2586 iuvet
947 2551 1061 2595 (148).

760 2606 947 2648 Augustae
974 2605 1224 2640 Franciscanis
1252 2605 1501 2650 oenipontanis
1529 2605 1743 2640 Ferdinandi
1762 2607 1805 2642 II.
1825 2606 1939 2642 archi-

819 2659 920 2693 ducis
946 2660 1097 2704 pecunia
1123 2659 1233 2693 libros
1260 2659 1347 2693 emit
1375 2659 1490 2702 (684).

739 2714 798 2747 ¹P.
830 2714 1008 2746 Τιιννίαιιιῗ
1034 2714 1203 2747 salvemus
1231 2713 1264 2746 F
1264 2713 1473 2756 reyhubium
1505 2724 1593 2757 opus
1620 2715 1753 2748 Ioanni
1777 2715 1937 2758 Eyolpho

818 2769 977 2810 episcopo
1004 2767 1203 2800 dedicatum
1229 2768 1338 2800 eidem
1363 2768 1476 2800 tradit
1505 2766 1619 2810 (141).

759 2824 796 2859 C.
825 2825 992 2869 Dilingae
1027 2830 1062 2860 et
1095 2825 1179 2860 alibi
1215 2825 1343 2870 oppido
1374 2825 1490 2867 „Weil
1516 2826 1579 2860 der
1605 2825 1728 2860 Stadt‘
1760 2826 1938 2862 contiona-

818 2882 931 2912 torem
959 2880 1099 2923 quaerit
1127 2879 1242 2922 (685).

738 2937 923 2981 ssDilingae
950 2941 1110 2973 moratur
1137 2938 1253 2982 (153).

760 2997 827 3031 Per
854 2996 1080 3033 Monachiuni
1110 2997 1166 3041 (ut
1192 2997 1350 3041 videtur)
1381 2998 1511 3032 transit
1540 2997 1657 3042 (150).

759 3053 958 3100 Oeniponte
986 3058 1152 3090 versatur
1181 3056 1296 3099 (169).

758 3115 787 3147 A
808 3114 931 3148 Portia
957 3114 1080 3149 nuntio
1107 3114 1304 3159 apostolico
1330 3114 1529 3149 consulitur
1556 3115 1598 3149 de
1625 3115 1702 3150 loco
1721 3115 1935 3151 Germaniae

816 3179 879 3212 pro
906 3167 1055 3212 collegio
1082 3167 1264 3212 pontificio
1291 3167 1480 3212 deligendo
1511 3168 1626 3212 (156).
