2051 3433
183 189 336 215 XXXVIII

234 296 323 331 1572
372 315 373 318 ¹

235 402 323 437 1572

234 508 323 543 1572

236 622 324 655 1572

234 781 325 815 1572

235 940 325 975 1572

236 1106 325 1140 1572

237 1219 326 1252 1572
376 1251 377 1276 1

236 1324 326 1358 1572
376 1315 377 1320 ’

238 1484 328 1519 1572

240 1645 328 1679 1572

240 1806 330 1840 1572

241 1913 331 1947 1572

241 2074 331 2108 1572

241 2181 331 2215 1572

241 2288 332 2323 1572

241 2395 332 2430 1572

217 2574 328 2616 1572

245 2791 335 2826 1572
385 2765 386 2773 “

246 2902 335 2936 1572

246 3014 336 3048 1572
386 3045 387 3051 ,

248 3120 336 3154 1572

641 175 701 209 ΙΙΙ.
729 173 886 209 Tabulae
912 172 1184 216 chronologicae
1211 172 1307 205 vitae
1335 169 1467 204 Canisii

496 295 580 338 Apr.
606 293 637 326 7.

498 401 582 445 Apr.
608 400 642 433 8.

442 508 525 552 Apr.
554 507 697 540 ineunte

476 560 532 594 vel
558 559 673 593 medio

486 622 569 665 Apr.
600 619 652 653 13.

483 782 566 825 Apr.
591 780 645 814 20.

491 941 575 986 Apr.
595 940 651 974 27.

444 1166 480 1196 et
506 1161 595 1195 med.
617 1160 700 1193 Mai.

482 1220 569 1254 Maii
598 1221 650 1254 15.

483 1327 570 1362 Maii
599 1327 652 1360 18.

485 1487 570 1522 Maii
597 1487 654 1521 23.

487 1648 571 1682 Maii
599 1647 655 1682 23.

487 1808 574 1843 Maii
599 1808 654 1842 25.

489 1915 574 1949 Maii
600 1914 656 1949 26.

380 2057 383 2144 j
489 2076 573 2110 itan
601 2076 657 2110 27.

510 2184 587 2218 Iun.
609 2183 638 2217 1.

511 2291 585 2325 Iun.
608 2292 639 2324 5.

510 2397 585 2432 Iun.
608 2397 640 2432 8.

485 2576 598 2618 Vere
630 2580 674 2619 et

494 2643 664 2684 aestate

385 2819 387 2846 l
502 2784 575 2817 lun.
601 2784 652 2817 15.

385 2851 387 2902 i
495 2896 541 2930 M.
562 2896 661 2930 Iunio

386 2950 387 2976 1

386 2982 387 3072 ἶ
505 3008 576 3042 Iun.
599 3008 654 3042 22.

386 3095 388 3168 i
508 3120 657 3154 Aestate

386 3169 389 3216 l
462 3174 517 3217 (ut
544 3174 700 3215 videtur)

375 1109 377 1133 ⁵
408 1110 505 1143 Inter
532 1107 621 1141 med.
645 1108 728 1150 Apr.

753 291 813 324 ‘F.
843 291 884 324 Η.
913 289 1104 323 Paschatis
1142 288 1269 322 ibidem
1297 286 1339 321 de
1368 286 1501 321 Christi
1537 285 1798 319 resurrectione
1833 286 1868 318 et
1904 283 1946 317 de

834 354 964 386 evang.
994 342 1062 376 diei
1091 341 1318 375 contionatur
1346 339 1459 383 (618).

776 396 812 431 F.
837 397 896 430 ΙΙΙ.
920 396 1108 430 Paschatis
1135 406 1263 437 evang.
1292 393 1360 427 diei
1388 392 1544 437 explicat
1571 395 1607 426 et
1637 391 1699 434 „de
1726 391 1948 436 apparitione

834 450 1046 494 spirituum“
1077 448 1163 482 dicit
1191 447 1303 489 (618).

778 503 955 548 Reginiini
984 502 1153 536 Austriae
1180 500 1379 545 Superioris
1412 499 1603 544 respondet
1631 499 1673 532 de
1699 498 1836 532 ratione
1862 497 1948 531 iubi-

836 558 904 592 laei
932 559 1055 590 eontra
1082 555 1218 589 'Furcas
1242 547 1495 599 promulgandi
1523 556 1559 587 et
1586 551 1805 596 exsequendi
1835 550 1924 594 (23).

777 616 878 652 Dom.
905 617 940 650 in
968 615 1070 649 Albis
1105 614 1140 648 in
1175 613 1308 658 templo
1345 613 1379 647 S.
1407 612 1531 647 Crucis
1568 624 1613 646 ex
1648 622 1777 655 evang.
1804 610 1873 645 diei
1907 611 1950 644 de

839 670 973 705 Christi
1009 671 1044 703 et
1080 668 1256 702 iustorum
1293 666 1449 701 omnium
1489 666 1750 700 resurrectione
1792 664 1878 699 dicit
1915 666 1951 698 et

836 723 941 768 stipis
968 722 1195 766 largitionem
1222 720 1448 755 commendat
1482 719 1565 761 (618
1592 719 1690 763 633).

778 778 880 812 Dom.
900 777 944 810 11.
963 780 1045 820 post
1073 774 1211 809 Pascha
1238 773 1272 807 in
1302 773 1434 818 templo
1458 773 1493 807 S.
1513 772 1637 807 Crucis
1664 784 1708 806 ex
1735 783 1864 815 evang.
1883 771 1951 806 diei

837 831 880 865 de
898 829 1042 865 Christo
1069 829 1159 863 bono
1186 830 1330 872 pastore
1356 831 1391 861 et
1410 827 1452 861 de
1474 827 1608 872 „lupis“
1638 825 1848 861 acatholicis
1867 825 1953 860 dicit

780 938 879 972 Dom.
901 938 962 972 ΙΙΙ.
983 938 1062 982 post
1082 935 1221 970 Pascha
1249 942 1284 968 et
1311 933 1558 968 anniversario
1577 933 1811 968 dedicationis
1829 932 1953 978 templi

842 992 969 1027 ibidem
989 991 1031 1024 de
1050 989 1272 1024 feneratione
1298 987 1469 1031 fugienda
1495 990 1531 1021 et
1549 987 1592 1021 de
1619 987 1850 1022 ecclesiarum
1869 998 1953 1022 cura

838 1044 1003 1079 habenda
1030 1044 1118 1077 dicit
1145 1043 1258 1083 (618).

781 1106 970 1149 Philvzppus
997 1106 1045 1137 II.
1073 1108 1103 1137 et
1126 1114 1290 1146 proceres
1315 1103 1451 1145 aliquot
1479 1102 1623 1145 hispana·
1648 1112 1668 1134 α
1697 1102 1733 1136 C.
1755 1105 1891 1145 petunt,
1920 1107 1955 1134 ut

839 1160 1023 1193 Postillanz
1051 1159 1229 1202 quandam
1257 1156 1389 1189 scribat
1419 1155 1476 1195 (31
1506 1155 1604 1198 605).

782 1218 847 1253 Die
874 1217 1105 1252 Ascensionis
1132 1215 1272 1250 Domini
1301 1214 1337 1249 C.
1366 1214 1401 1248 in
1428 1213 1562 1259 templo
1589 1214 1623 1248 S.
1643 1214 1768 1249 Crucis
1795 1214 1837 1248 de
1862 1215 1955 1249 sacri

841 1272 910 1306 diei
937 1271 1076 1305 ratione
1102 1272 1138 1303 et
1164 1268 1353 1312 evangelio
1380 1267 1576 1302 orationem
1603 1267 1712 1302 habet
1739 1267 1852 1311 (619).

783 1327 884 1361 Dom.
921 1330 1001 1370 post
1039 1326 1119 1358 Asc.
1156 1323 1286 1357 ibidem
1323 1322 1366 1356 de
1402 1320 1537 1355 Christi
1571 1321 1780 1356 ascensione
1818 1322 1954 1365 (contra

842 1379 1054 1423 Ubiquistas
1073 1377 1157 1421 etc.)
1187 1379 1223 1410 et
1241 1377 1284 1410 de
1308 1376 1507 1410 animorum
1532 1376 1576 1410 ad
1594 1375 1831 1410 Pentecosten
1858 1387 1956 1421 prae-

840 1432 1026 1478 paratione
1053 1432 1140 1466 dicit
1169 1430 1282 1473 (619).

788 1487 919 1521 ibidem
947 1487 982 1520 in
1010 1485 1191 1529 exsequiis
1220 1483 1437 1518 Catharinae
1463 1483 1610 1526 reginae
1637 1482 1804 1517 Poloniae
1831 1484 1956 1516 oratio-

842 1552 924 1574 nem
965 1539 1153 1573 funebrem
1192 1537 1349 1577 habens,
1390 1536 1606 1571 Catharinae
1644 1536 1799 1571 virtutes
1835 1535 1959 1570 laudat

785 1646 1011 1683 Cardinalem
1048 1645 1217 1680 Ottonem
1253 1644 1454 1679 Truohsess
1489 1655 1552 1689 per
1586 1643 1728 1678 litteras
1763 1646 1883 1687 rogat,
1921 1646 1959 1678 ut

844 1701 1018 1745 Gregorio
1039 1699 1134 1734 XIII.
1162 1699 1322 1745 pontifici
1350 1698 1567 1732 dotationem
1595 1697 1737 1741 collegii
1763 1697 1959 1741 germanici

843 1754 1068 1790 commendet
1097 1753 1188 1797 (46).

786 1809 887 1844 Dom.
917 1809 1149 1842 Pentecostes
1176 1807 1210 1841 in
1237 1806 1370 1851 templo
1398 1805 1432 1840 S.
1452 1804 1576 1840 Crucis
1602 1805 1645 1839 de
1678 1804 1745 1839 hoc
1780 1804 1837 1839 die
1863 1807 1960 1839 recte

844 1862 1056 1897 celebrando
1083 1861 1309 1895 contionatur
1338 1859 1451 1903 (619).

784 1917 886 1952 RH.
915 1917 1018 1950 Pent.
1054 1915 1184 1949 ibidem
1221 1926 1266 1948 ex
1301 1913 1500 1957 evangeliis
1535 1912 1742 1947 Dominicae
1777 1915 1814 1947 et
1846 1912 1960 1957 ipsius

844 1970 914 2004 diei
949 1969 991 2004 de
1019 1969 1084 2003 Dei
1121 1980 1207 2012 erga
1241 1968 1404 2002 homines
1440 1969 1475 2001 et
1510 1966 1692 2001 hominum
1729 1977 1816 2010 erga
1850 1966 1959 2000 Deum

845 2036 965 2058 amore
992 2023 1080 2058 dicit
1108 2023 1223 2066 (619).

765 2078 903 2113 sF.111.
934 2078 1034 2112 Pent.
1062 2077 1204 2118 ibidem,
1239 2074 1427 2119 evangelio
1455 2073 1645 2120 explicato,
1681 2073 1849 2114 ostendit,
1876 2073 1960 2118 quid

847 2131 1042 2166 Christiani
1071 2130 1219 2176 Spiritui
1246 2130 1378 2165 Sancto
1404 2129 1557 2164 debeant
1585 2127 1700 2172 (620).

765 2177 887 2229 :Dom.
915 2185 1104 2219 Trinitatis
1134 2184 1265 2219 ibidem
1293 2183 1335 2218 de
1365 2183 1540 2228 baptismo
1568 2181 1631 2226 (ex
1657 2193 1785 2225 evang.
1813 2181 1898 2225 diei)
1927 2183 1962 2215 et

846 2240 889 2274 de
915 2243 1014 2274 recto
1041 2250 1109 2272 usu
1135 2237 1242 2272 huius
1268 2237 1338 2271 diei
1365 2236 1451 2271 festi
1477 2236 1553 2280 agit
1586 2234 1700 2279 (620).

766 2278 852 2327 11)]’0
877 2293 971 2327 festo
999 2292 1166 2337 Corporis
1193 2291 1327 2325 Christi
1355 2290 1485 2325 ibidem
1513 2290 1555 2324 de
1587 2289 1852 2334 „processiooe‘
1882 2288 1962 2322 reli-

845 2358 987 2391 quaque
1013 2345 1254 2381 sollemnitate
1282 2344 1507 2379 contionatur
1538 2342 1652 2387 (620).

787 2400 888 2435 Dom.
915 2400 959 2434 II.
987 2412 1020 2445 p.
1049 2399 1151 2433 Pent.
1179 2399 1222 2433 de
1249 2397 1467 2432 eucharistia
1493 2398 1701 2431 reverenter
1726 2395 1770 2430 ad
1796 2398 1963 2439 aegrotos

846 2453 1056 2489 deducenda
1082 2452 1207 2487 fideles
1234 2453 1355 2486 monet
1391 2453 1427 2485 et
1455 2450 1685 2494 evangelium
1711 2449 1781 2484 diei
1807 2448 1964 2494 explicat

849 2508 933 2551 (620
961 2507 1058 2550 636).

766 2569 768 2635 ζ
792 2575 964 2617 Canisio
997 2579 1165 2616 (electore
1196 2573 1398 2615 Andreae
1424 2572 1555 2627 Veyae
1582 2570 1626 2612 O.
1652 2569 1700 2612 F.
1725 2570 1833 2612 Min.
1861 2583 1964 2624 opus

849 2641 899 2682 cle
932 2640 1234 2693 Iustificote'one
1267 2638 1462 2680 Coloniae
1495 2637 1710 2678 emendate
1742 2636 1965 2676 excuditur

850 2706 989 2758 (641).

768 2772 890 2821 {Dom.
918 2780 980 2814 III.
1008 2791 1041 2824 p.
1069 2780 1171 2813 Pent.
1200 2778 1236 2813 C.
1274 2778 1308 2812 in
1345 2777 1479 2823 templo
1515 2777 1548 2814 S.
1579 2777 1704 2812 Crucis
1740 2787 1868 2820 evang.
1895 2776 1964 2809 diei

848 2834 1006 2879 explicat
1033 2833 1147 2877 (620).

792 2895 982 2929 Hoffaeum
1009 2892 1267 2938 provincialem
1287 2892 1323 2926 in
1341 2891 1549 2926 visitatione
1577 2890 1718 2934 collegii
1737 2889 1964 2935 oenipontani

849 2947 998 2982 adiuvat
1027 2946 1116 2989 (52).

790 3006 890 3042 Dom.
913 3007 970 3041 lV.
991 3018 1023 3051 p.
1045 3006 1146 3040 Pent.
1174 3006 1209 3039 in
1235 3004 1368 3050 templo
1396 3003 1429 3038 S.
1451 3003 1575 3039 Crucis
1602 3015 1647 3038 ex
1673 3014 1802 3045 evang.
1827 3001 1895 3037 diei
1922 3001 1965 3035 de

849 3060 1059 3094 remissione
1087 3061 1314 3104 peccatorum
1342 3057 1592 3101 consequenda
1618 3057 1695 3101 agit
1722 3055 1836 3101 (620).

791 3120 929 3164 Prayae
952 3132 972 3153 a
993 3120 1108 3154 Sociis
1134 3123 1285 3152 cem-alm·
1307 3119 1420 3151 altera
1442 3118 1576 3161 „Parvi
1605 3117 1813 3151 Cata-hisnu?
1840 3115 1964 3150 Catho-

849 3171 1020 3207 Ie'cornm“
1036 3174 1153 3214 editio,
1168 3183 1275 3215 eaque
1289 3172 1417 3213 latina,
1431 3171 1619 3213 bohetm'ffl,
1631 3172 1837 3214 yermam'ca
1851 3167 1963 3212 (639).
