2051 3433
205 181 291 222 408
706 178 808 214 1983.
836 179 1002 214 Canisius
1029 180 1212 214 Everardo
1238 180 1475 214 Mercuriano.

201 296 327 351 legijs
369 297 465 351 alijs
499 297 768 351 praeclarum
812 298 878 339 sui
911 299 1130 352 specimen
1171 298 1239 340 hic
1274 298 1405 341 Pater
1437 299 1645 351 exhibuit,
1690 314 1740 342 ac
1773 314 1875 342 uere
1909 304 1977 342 est

200 360 443 414 religiosus,
479 366 522 404 et
556 362 673 404 utilis
705 362 926 415 hucusque
958 364 1184 406 Lucernae
1218 364 1454 417 operarius.

320 427 500 469 Moneor
542 431 590 470 ut
631 428 684 469 de
718 427 918 471 Gisberto
961 428 1092 470 etiam
1137 429 1381 470 adscribam
1425 429 1599 483 aliquid.
1666 430 1786 483 Rogo
1830 432 1976 472 autem

202 492 249 535 P.
272 491 324 534 V.
359 495 407 534 ut
447 492 559 534 hunc
592 492 896 534 Coadiutorem
940 492 1024 535 iam
1068 497 1198 536 antea
1240 494 1282 535 in
1324 494 1505 536 Jtaliam
1548 509 1603 536 ex
1643 495 1725 536 hac
1758 494 1979 549 prouintia

200 557 457 610 relegatum,
502 560 546 600 et
578 557 631 599 ob
666 558 710 600 P.
735 558 783 601 T.
817 558 970 601 literas
1011 558 1053 599 in
1095 558 1283 612 gratiam
1325 561 1547 613 receptum
1589 559 1725 602 semel
1758 559 1980 602 dimittere

200 621 344 664 liceat.
410 623 583 665 Etenim
627 622 669 664 in
713 623 910 665 omnibus
951 623 1043 665 fere
1077 623 1271 678 collegijs
1313 624 1522 677 probatus
1563 624 1624 666 ita
1657 638 1703 666 se
1737 625 1886 678 gessit,
1929 628 1980 667 ut

201 687 344 728 nullus
378 687 612 730 Rectorum
646 688 766 729 illum
800 688 909 730 uelit
941 688 1186 739 admittere,
1231 689 1389 743 partim
1432 689 1544 742 quod
1578 704 1672 731 cum
1707 690 1765 732 sit
1799 692 1977 732 conten-

200 751 339 794 tiosus
381 755 425 794 et
468 753 736 803 cerebrosus,
779 767 930 807 pacem
972 753 1159 796 fratrum
1194 768 1278 796 non
1320 768 1472 808 parum
1512 755 1750 808 perturbet,
1794 754 1980 809 partim⁸

201 817 313 870 quod
347 832 430 860 non
473 818 567 859 sani
601 818 658 860 sit
691 818 860 872 capitis,
903 822 947 860 et
987 818 1126 873 impos
1159 819 1392 872 aliquando
1425 819 1504 870 sui,
1548 822 1596 861 ut
1633 820 1718 861 uim
1753 820 1849 874 alijs
1881 819 1978 861 illa-

199 884 324 924 turus
365 882 579 926 uideatur.
644 882 786 933 Quare
826 884 1069 927 consultum
1111 884 1239 938 plane
1281 888 1496 938 putarem,
1540 887 1589 926 ut
1630 887 1810 939 propter
1847 897 1978 926 vnum

200 947 442 990 huiusmodi
484 948 722 990 lunaticum
765 951 809 990 et
849 948 1149 991 indomabilem
1193 949 1421 1006 homine-m,
1469 949 1590 991 cuius
1632 949 1809 1001 licentia
1849 949 1982 991 nullis

200 1013 409 1085 lestringi
440 1013 610 1067 legibus
642 1015 802 1068 potest,
837 1013 994 1066 quique
1027 1015 1267 1056 secularem
1291 1014 1508 1056 hominem
1541 1014 1686 1069 potius
1719 1028 1846 1068 quam
1879 1013 1980 1055 reli-

203 1078 373 1131 giosum
402 1079 508 1133 agit,
543 1081 633 1121 tam
657 1079 781 1121 multi
805 1079 903 1121 boni
928 1079 1103 1130 fratres,
1138 1080 1334 1134 uarijque
1357 1080 1602 1134 superiores
1626 1078 1777 1135 [non]b
1809 1079 1981 1133 longius

203 1142 466 1187 diuexentur
498 1147 542 1186 et
575 1143 873 1197 affligantur&

320 1208 530 1259 Quoniam
578 1223 681 1251 uero
730 1209 816 1250 iam
865 1223 998 1263 supra
1046 1209 1098 1251 de
1142 1210 1186 1252 P.
1222 1210 1376 1252 Natali
1425 1210 1586 1252 mentio
1635 1209 1806 1260 incidit,
1856 1211 1900 1251 et
1944 1209 1983 1250 is

202 1274 320 1316 breui
345 1275 613 1317 discessurus
636 1274 808 1316 uidetur
830 1275 1052 1325 Venetias,
1089 1275 1228 1317 dicam
1261 1275 1313 1317 in
1346 1275 1548 1318 timore
1570 1275 1832 1325 Domini2‚
1866 1274 1978 1327 quod

201 1353 256 1381 ex
289 1353 336 1381 re
368 1340 504 1383 totius
537 1340 763 1382 societatis
796 1353 892 1382 esse
925 1340 1048 1390 duco,
1083 1341 1165 1382 etsi
1194 1341 1383 1383 fortasse
1405 1340 1512 1382 nihil
1544 1340 1633 1382 tale
1666 1355 1692 1382 a
1724 1340 1770 1383 P.
1795 1340 1842 1382 T.
1868 1340 1981 1381 desi-

200 1405 362 1447 deraric
394 1405 636 1448 uideatur3.
692 1405 839 1447 Bonus
876 1419 1025 1455 seneX,
1068 1405 1105 1446 si
1137 1406 1272 1448 libere
1305 1406 1531 1448 dicendum
1566 1409 1646 1456 est,
1688 1405 1730 1447 in
1766 1405 1847 1448 hac
1880 1419 1981 1459 pro-

200 1470 339 1513 uintia
371 1471 532 1513 multos
565 1475 812 1513 nostrorum
837 1471 1029 1521 offendit,
1064 1474 1196 1524 atque
1219 1471 1281 1514 ita
1304 1485 1514 1519 morosus,
1549 1471 1814 1521 inconstans,
1849 1470 1982 1512 uehe-

199 1549 321 1577 mens
354 1550 450 1579 esse
483 1536 638 1591 coepit,
674 1539 722 1578 ut
755 1535 924 1590 cupiam
958 1536 1077 1578 illum
1113 1536 1310 1590 Venetijs
1343 1540 1420 1579 aut
1449 1536 1563 1586 alibi,
1604 1535 1676 1577 ubi
1708 1550 1891 1590 paruum
1924 1535 1984 1577 sit

201 1601 444 1655 collegium,
479 1616 562 1643 non
592 1602 663 1643 diu
696 1601 920 1644 remorari.
968 1602 1216 1656 Perpaucos
1249 1602 1361 1644 enim
1395 1601 1566 1656 repiriri
1598 1615 1764 1652 uereor,
1799 1614 1981 1654 quorum

199 1666 434 1721 patientiad
467 1667 582 1709 illius
615 1666 805 1708 moribus
835 1668 879 1709 et
913 1667 1138 1721 desiderijs
1171 1667 1279 1710 satis
1312 1681 1407 1709 esse
1440 1667 1590 1721 possit.

320 1732 488 1775 Scimus
535 1735 744 1785 quantum
798 1731 859 1773 illi
908 1732 1065 1774 debeat
1113 1733 1322 1784 societas,
1377 1735 1421 1775 et
1468 1746 1618 1774 rursus
1667 1731 1883 1781 dolemus,
1938 1730 1982 1771 in

202 1797 396 1851 antiquis
428 1797 638 1852 professis
670 1799 739 1840 tot
770 1811 983 1851 apparere
1015 1812 1191 1847 naeuos,
1226 1799 1449 1851 multaque
1482 1798 1625 1839 officia
1656 1796 1742 1839 illis
1770 1795 1985 1851 praestita

199 1866 290 1906 tam
324 1877 478 1917 parum
511 1863 703 1916 agnosci,
748 1862 951 1917 ipsosque
993 1864 1240 1917 superiores
1283 1863 1431 1906 multis
1471 1863 1610 1905 modis
1642 1876 1719 1917 per
1750 1862 1848 1904 illos
1881 1861 1983 1915 angi

200 1931 332 1982 atque
365 1928 576 1971 diuexari.
628 1928 807 1971 Vtinam
831 1928 997 1970 Romae
1029 1928 1091 1970 illi
1124 1929 1191 1970 uir
1222 1929 1360 1970 bonus
1394 1931 1438 1970 et
1471 1930 1668 1971 maturus
1701 1927 1981 1981 adiungatur,

199 2000 463 2048 parumquee
506 1993 669 2048 negotij
714 2007 810 2035 cum
853 1993 1003 2036 multis
1035 1994 1209 2044 habeat,
1253 1994 1333 2036 sibi
1376 1994 1511 2036 ueluti
1546 1993 1712 2044 uineas,
1756 1997 1800 2036 et
1832 1993 1986 2047 paucis

200 2060 357 2102 saltem
390 2060 677 2114 importunus,
711 2063 760 2101 ut
782 2058 924 2100 minus
947 2059 1140 2101 offendat
1162 2059 1204 2100 in
1229 2059 1480 2112 quotidiano
1505 2059 1719 2102 conuictu.
1768 2059 1983 2111 Jgnoscat

199 2124 303 2166 mihi
335 2125 572 2178 loquaciori
597 2125 642 2166 P.
663 2125 710 2166 T.
732 2125 934 2177 quoniam
970 2138 1026 2166 ex
1058 2138 1206 2166 amore
1230 2127 1276 2166 et
1298 2124 1547 2167 reuerentia
1570 2128 1662 2166 turn
1685 2124 1801 2166 illius
1826 2123 1983 2172 Patris,

199 2193 291 2232 tum
331 2189 467 2233 totius
505 2189 730 2232 societatis
771 2190 938 2232 isthaec
971 2189 1114 2240 effudi,
1159 2194 1203 2233 et
1235 2190 1487 2244 praecaueri
1527 2189 1716 2231 maxime
1749 2189 1887 2244 cupio,
1931 2202 1987 2229 ne

203 2255 248 2299 P.
272 2255 447 2297 Natalis
480 2255 641 2309 passim
675 2255 789 2298 male
823 2255 986 2305 audiat,
1031 2269 1081 2297 ac
1115 2255 1305 2309 priorum
1344 2255 1556 2297 uirtutum
1589 2255 1728 2297 lucem
1763 2268 1875 2296 nunc
1909 2254 1984 2296 ob-

200 2324 346 2362 scuret
378 2321 554 2364 tandem
589 2334 640 2362 ac
672 2320 715 2362 in
748 2320 911 2362 nostris
944 2320 1188 2374 extinguat.

321 2385 531 2436 Quoniam
565 2386 829 2440 Jngolstadij
874 2385 1118 2427 Marianum
1163 2400 1270 2440 opus
1312 2385 1493 2436 absolui,
1537 2385 1650 2438 quod
1688 2385 1830 2427 isthuc
1872 2384 1987 2427 forte

202 2451 247 2493 Ρ.
270 2451 442 2493 Lucas4
474 2451 675 2501 adducet,
709 2451 849 2493 uisum
874 2452 942 2493 est
974 2450 1020 2493 P.
1047 2451 1303 2493 Prouintiali
1327 2465 1439 2492 nunc
1462 2465 1558 2492 mea
1581 2451 1701 2492 uelut
1724 2450 1827 2503 socij
1854 2463 1986 2505 opera

321 2538 350 2569 a)
372 2539 419 2563 Ita
441 2540 469 2563 C.
491 2539 619 2563 cori-eicit
640 2547 676 2563 ea·
696 2545 813 2570 parum.
888 2537 917 2568 b)
940 2539 995 2562 Hic
1016 2545 1075 2562 non
1090 2547 1106 2562 α
1125 2540 1152 2562 1'.
1168 2539 1299 2569 primum
1319 2539 1472 2569 scriptum.
1493 2538 1598 2562 deiude
1619 2538 1815 2562 oblinerutum
1831 2540 1891 2567 est;
1911 2538 1987 2569 quud

204 2583 232 2604 ut
254 2581 431 2605 restituatur·
450 2581 541 2611 emissit
563 2588 610 2604 res
632 2581 705 2611 ips«.
782 2581 807 2611 c)
831 2581 874 2604 Ita
897 2582 925 2604 (ἃ
947 2581 1076 2604 ‹rom-emi!
1097 2588 1132 2604 ex
1154 2579 1341 2607 desiderare.
1423 2579 1452 2606 d>
1476 2581 1520 2604 Itu
1544 2583 1572 2605 Γ.
1592 2579 1720 2604 correxit
1741 2587 1777 2603 mr
1796 2578 1989 2611 patientiam.

202 2624 229 2652 e)
252 2622 392 2653 Sequitur
411 2620 472 2652 ille,
496 2622 586 2646 oblim.

324 2704 334 2724 ¹
359 2704 413 2738 De
441 2704 609 2737 Gisberto
629 2703 776 2738 Rotario
804 2704 916 2738 fratre
944 2704 1036 2738 lu'co
1065 2704 1113 2747 (a.
1135 2704 1226 2738 1573
1254 2704 1288 2737 in
1316 2703 1468 2747 collegio
1494 2703 1701 2741 lau1·;etano
1730 2702 1823 2736 Hist
1843 2701 1920 2735 Soc.
1940 2702 1982 2735 41

202 2769 234 2801 p.
252 2758 344 2791 94—
303 2758 412 2801 —95)
440 2768 476 2791 v.
498 2759 586 2791 Can
606 2757 638 2791 V
667 2758 747 2792 51⁵.
799 2758 834 2791 Is
861 2769 892 2791 a.
914 2758 1015 2797 1578,
1043 2769 1124 2792 cum
1152 2758 1186 2790 in
1214 2757 1367 2800 collegio
1394 2756 1667 2799 ingolstadiensi
1695 2757 1914 2796 versaretur,
1942 2767 1986 2788 ex

201 2810 382 2844 societate
417 2810 588 2845 dimissus
623 2813 680 2845 est
707 2810 948 2855 (*Catalogus
984 2811 1223 2851 dimissorum,
1260 2822 1280 2844 a
1308 2811 1346 2844 P.
1377 2811 1529 2852 Hoffaeo
1566 2809 1734 2854 scriptus.
1786 2807 1870 2842 Cod.
1905 2807 1953 2850 „W
1962 2807 1985 2841 1.

200 2864 266 2898 35²
295 2863 321 2898 f.
339 2863 431 2906 65⁸).

319 2916 334 2937 ²
358 2916 381 2950 2
402 2917 472 2951 Par
492 2918 545 2956 19,
566 2918 606 2958 9;
634 2917 868 2958 '1'0b14‚16;
899 2917 1127 2957 P1·v14,26;
1160 2917 1212 2956 16,
1232 2917 1273 2957 6;
1300 2916 1355 2955 23,
1378 2917 1440 2957 17;
1462 2916 1559 2950 Eccli
1579 2916 1609 2956 7,
1629 2916 1693 2956 213
1713 2915 1784 2948 Act
1801 2914 1833 2955 9,
1853 2914 1895 2949 31
1918 2916 1986 2948 etc.

321 2970 334 2990 ³
361 2970 429 3004 ⁰P.
451 2970 693 3015 Hieronymus
720 2971 876 3012 Natalis,
903 2971 1085 3006 laboribus
1112 2970 1318 3013 morbisque
1344 2970 1493 3011 fractus,
1520 2969 1662 3003 Italiam
1691 2968 1804 3013 petiit,
1832 2967 1864 3001 id
1892 2968 1987 3012 quod

201 3025 237 3057 et
268 3022 418 3058 medicis
444 3026 481 3058 et
506 3023 732 3058 Mercuriano
759 3024 964 3069 praeposito
992 3023 1152 3068 generali
1180 3023 1297 3057 visum
1326 3026 1414 3063 erat,
1442 3026 1598 3057 exeunte
1624 3033 1669 3056 m.
1690 3023 1856 3065 Augusto
1881 3020 1986 3065 (Epp,

202 3078 322 3110 Nadal
348 3077 399 3110 111
426 3078 490 3111 731
522 3077 590 3111 736
619 3077 687 3111 744
715 3078 814 3120 747).

322 3132 333 3149 ⁴
361 3129 479 3164 Lucas
517 3130 679 3164 Pinellus
721 3131 991 3174 (1542—1607)
1031 3129 1218 3164 melfensis
1259 3129 1393 3171 (Melfi,
1433 3129 1519 3164 urbs
1558 3128 1684 3163 Italiae
1725 3126 1985 3167 meridionalis)

201 3194 232 3216 a.
256 3183 344 3217 1575
372 3183 575 3226 theologiae
602 3184 785 3228 professor
812 3184 845 3218 iu
871 3185 1111 3220 universitate
1138 3181 1412 3227 ingolstadiensi
1441 3183 1671 3223 constitutus,
1699 3192 1729 3215 a.
1753 3181 1842 3215 1576
1870 3179 1987 3224 ingol-
