2062 3443
718 182 814 216 Mon.
839 182 938 216 1150.
984 179 1229 215 1573—1575.
1769 183 1851 223 687

83 301 196 336 nisius
231 312 273 334 ea
309 299 469 340 dictavit,
507 299 753 342 cognoscitur:
795 299 823 332 l.
864 296 1070 339 „Dominica
1105 297 1197 330 infra
1234 300 1398 331 octauam
1437 297 1649 331 Natiuitatis
1688 297 1855 337 domini“‚

83 353 311 396 evangelium
345 353 412 386 diei
445 352 647 396 explicatur
674 356 710 385 et
744 350 906 395 inprimis
933 350 1144 393 virginibus,
1182 351 1363 391 uxoribus,
1400 351 1518 384 viduis
1554 351 1854 384 accommodatur.

83 407 115 441 2.
147 406 433 452 „Epiphaniae'‘;
470 406 613 450 incipit:
655 407 722 448 „Jn
758 407 823 440 hoc
860 407 952 440 festo
989 411 1024 439 et
1059 405 1155 438 circa
1190 404 1263 437 tale
1294 404 1528 446 Euangelium
1557 404 1669 436 multa
1706 403 1856 437 tractari

83 460 201 494 solent
225 459 372 494 subtilia
398 463 435 493 et
460 459 572 493 ardua
598 463 634 493 et
661 460 820 499 curiosa;
847 462 887 493 ut
913 459 1026 504 primo
1053 459 1096 492 de
1116 458 1234 500 Magis
1261 458 1386 501 quales
1413 457 1546 490 fuerint
1573 468 1703 499 genere
1722 459 1758 490 et
1777 468 1856 490 con-

84 513 227 554 ditione,
254 525 328 547 was
355 512 585 556 geschlechts
613 513 681 547 und
709 516 838 554 stants,
872 515 907 547 et
933 523 1039 556 quam
1067 511 1188 550 multi;
1218 511 1358 554 quando
1386 510 1565 544 exiuerint
1592 512 1628 543 et
1645 510 1858 543 aduenerint

83 567 126 601 ad
155 566 348 601 Christum.
397 567 446 600 2.⁰
473 567 523 600 De
549 566 656 601 stella
676 592 706 601 ..
728 594 734 605 ,
761 566 936 610 quomodo
963 569 998 599 et
1025 564 1165 609 quando
1192 564 1336 608 incepit,
1373 564 1490 607 qualis
1516 563 1752 603 substantiae,
1787 574 1858 606 quo

83 619 160 654 loco
196 619 284 653 coeli
320 620 473 660 steterit,
508 620 678 664 quamdiu
715 619 871 653 durarit“
911 622 980 653 etc.
1036 618 1142 660 „Dico
1179 620 1298 651 autem
1335 629 1380 650 ex
1416 628 1495 650 mea
1531 616 1695 661 opinione
1731 616 1796 650 has
1823 618 1859 650 et

83 672 220 707 similes
255 673 485 716 quaestiones
519 673 635 716 magis
671 673 763 706 inter
789 673 911 706 doctos
938 683 1017 706 esse
1053 671 1263 705 tractandas
1289 682 1396 714 quam
1432 669 1561 714 populo
1589 670 1859 714 praedicandas,

84 725 285 770 meliusque
313 730 454 770 tempus
481 726 663 760 concionis
689 726 732 760 ad
752 725 1036 760 aedificationem
1055 724 1256 758 auditorum
1277 723 1548 768 expendendum
1569 724 1680 757 esse.“
1723 722 1859 756 Deinde

84 778 181 822 Magi
221 779 256 812 in
295 778 499 824 exemplum
543 782 790 823 proponuntur
828 778 911 812 fidei
950 777 1168 812 christianae
1207 779 1414 810 constanter
1451 776 1626 809 tenendae
1665 778 1700 809 et
1739 775 1860 809 verbis

84 832 322 877 operibusque
358 832 588 877 profitendae.
643 832 718 866 Hae
754 832 863 876 igitur
899 831 1084 866 contiones
1120 831 1212 864 inter
1248 841 1360 864 annos
1399 829 1484 864 1571
1524 832 1560 863 et
1590 830 1678 863 1575
1715 828 1860 863 habitae

84 888 186 925 sunt;
214 897 330 929 neque
357 886 450 919 enim
479 890 558 930 post
588 886 677 919 1575
706 884 870 919 Canisius
897 895 1067 928 umquam
1095 885 1255 928 tempore
1281 882 1496 916 Nativitatis
1523 882 1665 916 Domini
1693 882 1751 916 vel
1781 881 1860 927 Epi-

86 938 240 983 phaniae
267 938 466 983 Oeniponte
495 939 572 973 suit.

86 1049 231 1085 1150.
309 1048 388 1084 1573
398 1048 532 1084 -1575,

205 1115 258 1150 Ex
285 1115 416 1149 litteris
443 1116 703 1149 Macherentini
731 1114 950 1159 archetypis.
987 1126 1079 1158 quae
1105 1117 1190 1149 sunt
1215 1115 1250 1148 in
1279 1113 1396 1149 Germ.
1427 1114 1490 1148 141
1521 1114 1544 1148 f.
1567 1114 1598 1154 6,
1636 1115 1672 1147 et
1698 1111 1860 1146 Halverii

85 1168 319 1214 autographo,
346 1169 438 1213 quod
463 1174 518 1203 est
544 1170 578 1203 in
599 1171 717 1204 Germ.
740 1169 805 1203 136
833 1169 857 1203 f.
877 1168 972 1203 21012.
1015 1168 1161 1202 Litteris
1179 1167 1442 1202 Macherentini
1468 1179 1556 1202 usus
1576 1169 1631 1201 est
1652 1167 1860 1209 Suc-chinus,

85 1222 179 1258 Hist.
206 1223 266 1265 IV,
295 1222 316 1256 l.
339 1225 368 1261 1,
394 1235 428 1257 n.
451 1223 505 1257 93.

204 1284 240 1316 F
238 1283 433 1316 orchhemii
448 1284 584 1316 sublato
604 1282 809 1315 catechismo
828 1282 991 1324 Luthem}
1012 1283 1222 1327 cwzisianus
1239 1282 1282 1314 ab
1301 1283 1459 1324 episeopo
1479 1281 1718 1322 bamberyensi
1734 1280 1861 1313 Sociis-

86 1347 151 1380 ραι»
176 1337 442 1370 disseminatur.

206 1408 236 1441 1.
265 1407 304 1441 P.
331 1407 485 1440 Ioannes
513 1407 800 1440 Mac-herentz'nus
826 1405 859 1439 S.
889 1406 922 1440 J.
951 1405 986 1439 in
1013 1405 1160 1439 Litteris
1187 1405 1315 1439 annuis
1349 1405 1555 1450 provinciae
1582 1404 1761 1438 rhenanae
1788 1403 1861 1437 Mo-

85 1461 212 1504 guntia
240 1461 293 1495 17.
314 1460 535 1505 Septembris
563 1460 654 1494 1573
682 1460 786 1499 datis,
814 1459 872 1493 ubi
901 1459 943 1493 de
971 1458 1084 1493 Sociis
1110 1458 1421 1503 herbipolensibus
1439 1459 1526 1501 agit,
1554 1458 1643 1492 haec
1669 1459 1793 1491 narrat
1819 1456 1862 1490 de

87 1513 173 1548 urbe
193 1513 403 1548 Forchheim
425 1512 535 1554 (nunc
552 1514 759 1558 provinciae
780 1512 996 1546 Franconiae
1015 1512 1210 1556 superioris
1229 1511 1446 1557 reipublicae
1465 1511 1687 1554 bavaricae),
1709 1510 1802 1554 quod
1821 1521 1862 1544 eo

85 1569 247 1612 tempore
287 1570 322 1601 et
358 1567 391 1600 in
428 1567 684 1601 ecclesiasticis
720 1569 756 1600 et
792 1567 825 1600 in
862 1566 1030 1600 civilibus
1064 1565 1170 1599 rebus
1207 1565 1355 1610 imperio
1392 1565 1549 1610 episcopi
1590 1564 1863 1608 bambergensis

89 1620 180 1664 (Viti
219 1632 238 1654 a
265 1620 489 1664 NVttrzburg)
525 1621 727 1654 subiectum
755 1622 850 1654 erat:
891 1619 989 1662 ⁷,Duo
1016 1619 1143 1653 Patres
1169 1619 1419 1653 Forchemium
1449 1619 1561 1659 missi,
1597 1619 1648 1652 ita
1675 1618 1864 1653 Canonicis

87 1676 124 1708 et
149 1674 291 1709 senatui
317 1677 402 1708 sunt
427 1674 577 1719 accepti,
614 1677 654 1707 ut
681 1674 746 1708 toti
774 1674 817 1708 ab
845 1673 889 1718 ijs
915 1673 1106 1707 uideantur
1141 1672 1304 1717 pendere,
1340 1671 1524 1716 uarijsque
1552 1673 1586 1706 in
1612 1672 1700 1706 locis
1727 1671 1864 1705 concio·

86 1728 172 1767 nati,
208 1727 369 1767 effecere,
405 1730 444 1761 ut
471 1726 721 1761 catechismus
749 1726 893 1761 Lutheri
929 1738 972 1760 ex
1008 1726 1138 1760 omnib.
1167 1726 1327 1760 ciuitatis
1354 1725 1486 1760 scholis
1514 1725 1668 1759 Senatus
1695 1725 1864 1759 mandato

86 1780 242 1816 reiectus
267 1780 325 1820 sit,
356 1781 391 1814 in
419 1781 520 1815 cuius
547 1780 662 1814 locum
691 1780 1029 1814 Reuerendissimus
1055 1779 1335 1822 Bambergensis
1360 1786 1563 1813 nostrorum
1590 1779 1774 1813 studiosus
1800 1781 1863 1818 tot,

87 1837 176 1878 quot
203 1833 336 1879 Canisij
369 1834 587 1868 Catechismi
624 1833 788 1878 exempla
822 1833 1036 1878 prostabant
1063 1833 1162 1866 Patri
1197 1835 1319 1867 nostro
1355 1832 1601 1867 distribuenda
1635 1832 1764 1866 misit.'‘
1819 1831 1865 1865 Et

86 1887 275 1931 Moguntia
301 1888 357 1921 26.
378 1887 599 1932 Septembris
625 1888 714 1921 1575
743 1887 780 1922 P.
804 1888 1035 1921 Christianus
1060 1887 1255 1920 Hah-erius
1282 1885 1315 1920 S.
1334 1886 1366 1920 J.
1397 1906 1437 1909 —
1465 1885 1523 1920 hic
1542 1897 1622 1920 cum
1651 1885 1689 1920 P.
1710 1884 1865 1919 Matthia

86 1941 311 1976 Suchtelensi
331 1944 367 1975 et
385 1940 562 1975 Michaele
581 1940 824 1974 Furstenwalt
844 1941 956 1975 fratre
974 1940 1066 1974 laico
1086 1939 1360 1973 Forchhernium
1378 1939 1510 1974 missus
1530 1942 1607 1973 erat
1627 1939 1659 1983 (*
1669 1938 1865 1981 Catalogus

86 1994 293 2039 provinciae
320 1993 500 2028 rhenanae
530 1995 559 2028 1.
579 1994 716 2039 Aprilis
737 1994 828 2028 1574
854 1995 979 2035 datus;
1006 1993 1100 2028 Hist.
1120 1993 1196 2027 Soc.
1217 1994 1258 2027 41
1289 2005 1321 2038 p.
1341 1993 1425 2035 241)
1449 2012 1491 2017 —
1512 1992 1738 2027 Mercuriano
1764 2004 1865 2037 prae—

86 2047 202 2092 posito
228 2047 386 2091 generali
414 2047 456 2081 de
483 2048 652 2081 missione
680 2047 740 2081 illa
766 2048 933 2092 scripsit:
973 2047 1111 2090 „Puelli
1139 2049 1174 2080 et
1209 2046 1349 2091 puellae
1376 2046 1420 2080 ad
1447 2057 1606 2090 vnguem
1642 2045 1867 2080 edidicerunt

85 2100 127 2135 R.
157 2101 195 2134 P.
225 2100 323 2135 Petri
361 2100 494 2145 Canisij
531 2112 684 2146 paruum
713 2100 979 2135 Catechismum
1016 2100 1259 2144 germanicum
1297 2111 1376 2134 cum
1413 2099 1592 2134 adiunctis
1628 2110 1649 2133 a
1683 2098 1753 2133 fine
1788 2110 1865 2143 pre·

86 2154 287 2189 cationibus
322 2154 453 2199 varijs:
490 2157 526 2188 et
559 2166 629 2188 non
665 2157 804 2189 tantum
841 2154 941 2188 iussu
979 2154 1017 2189 P.
1050 2153 1226 2187 Matthiae
1262 2153 1523 2188 concionatoris
1550 2152 1586 2186 in
1624 2152 1767 2197 templo,
1803 2151 1865 2186 sed

86 2208 194 2242 etiarn
222 2208 327 2247 domi,
363 2208 575 2252 praesertim
611 2207 862 2252 praesentibus
889 2207 1016 2242 amicis
1044 2210 1078 2241 et
1105 2207 1186 2252 alijs
1214 2209 1281 2241 etc.
1310 2218 1390 2240 eum
1418 2207 1578 2241 vicissim
1615 2217 1653 2240 se
1679 2210 1864 2249 rogarunt.

86 2260 423 2296 Reuerendissimus
450 2261 650 2306 Episcopus
677 2261 798 2295 nescio
825 2261 966 2305 quoties
993 2260 1079 2294 mihi
1106 2261 1245 2294 dederit
1272 2259 1536 2304 quamplurima
1561 2259 1729 2304 exempla
1763 2258 1866 2293 latini

86 2318 122 2349 et
157 2314 352 2358 germanici
389 2314 608 2348 Catechismi
645 2315 761 2358 gratis
796 2314 1054 2356 distribuenda,
1090 2326 1134 2348 ex
1167 2313 1297 2358 quibus
1332 2313 1441 2347 etiam
1477 2313 1520 2347 ad
1548 2312 1620 2347 alia
1649 2312 1728 2347 loca
1754 2312 1866 2347 missa

90 2372 176 2403 sunt
200 2380 270 2402 non
297 2369 374 2402 sine
400 2368 554 2402 fructu.'‘

204 2429 378 2462 Nicolaus
396 2439 536 2471 quoque
553 2429 734 2470 Elam-dus
753 2426 1020 2462 commissarius
1039 2426 1268 2472 apostolicus,
1289 2425 1410 2470 quim.
1426 2426 1594 2468 Augusto
1614 2427 1650 2460 et
1663 2424 1866 2470 Septembri

90 2481 181 2516 1575
199 2481 423 2524 Bambergae
450 2481 579 2519 suerat.
607 2481 805 2515 Ratisbona
822 2480 855 2515 8.
875 2480 1042 2515 Octobris
1072 2480 1161 2514 1575
1181 2480 1330 2514 Romam
1349 2479 1394 2513 ad
1413 2479 1635 2514 cardinalem
1656 2478 1865 2513 Comensem

88 2535 130 2568 de
157 2534 294 2569 duobus
320 2534 393 2568 illis
419 2534 533 2568 Sociis
559 2534 785 2568 Forchhemii
812 2534 969 2568 versatis
996 2533 1154 2568 rettulit:
1185 2533 1284 2576 „Non
1312 2532 1456 2576 vulgari
1483 2543 1564 2567 cum
1588 2532 1709 2567 fructu
1735 2532 1866 2567 ibidem

91 2590 177 2622 sunt
203 2589 429 2622 conversat?
463 2589 662 2631 (Schwarz,
692 2587 801 2622 Nunt.
821 2588 918 2631 323).

205 2641 440 2684 Bambergae,
479 2642 539 2685 qui
569 2652 765 2683 „cameram
801 2641 975 2675 aulicam“
1010 2639 1279 2683 (Hofkammer)
1308 2639 1467 2684 episcopi
1503 2639 1789 2680 administrabat,
1830 2638 1866 2673 in

87 2695 208 2729 codice
243 2694 317 2729 dati
345 2696 381 2728 et
407 2695 546 2739 accepti
576 2695 666 2729 haec
691 2695 833 2728 notavit
866 2694 902 2728 in
938 2705 1069 2728 annum
1099 2694 1210 2728 1574:
1247 2693 1420 2727 Nummos
1455 2693 1627 2736 quosdam
1656 2694 1760 2727 datos
1786 2704 1867 2727 esse

91 2747 280 2790 „Volmaro
315 2746 466 2785 Mofiler.
502 2747 723 2792 Buchpinter
757 2747 864 2781 allhie
899 2759 964 2781 vor
1002 2747 1080 2781 vier
1118 2746 1384 2781 Cathechismis
1423 2746 1557 2780 Canisii
1596 2746 1866 2791 einzupinden“,

89 2800 134 2834 Et
171 2800 207 2834 in
245 2811 377 2834 annum
416 2801 525 2835 1575:
563 2800 617 2845 „V
655 2800 801 2844 guldein
840 2801 898 2835 fiir
936 2800 1185 2834 fiinffhundert
1222 2799 1344 2834 kleine
1375 2799 1677 2840 Cathechissmos‚
1713 2799 1770 2833 die
1804 2798 1869 2832 hat

89 2853 221 2888 Doctor
247 2853 370 2888 Stoerr
395 2854 454 2888 fiir
479 2854 618 2887 meinen
646 2854 825 2897 gnedigen
853 2854 1006 2888 Ffirsten
1033 2853 1104 2887 vnd
1125 2852 1241 2886 Herrn
1267 2852 1336 2897 bey
1360 2851 1536 2886 Sebalden
1560 2853 1722 2898 Mayern,
1751 2851 1867 2886 Buch-

88 2906 261 2941 truckern
296 2919 339 2941 zu
365 2906 545 2950 Tillingen
582 2919 626 2941 zu
653 2907 805 2941 trucken
841 2906 988 2942 bestellt
1014 2907 1086 2941 vnd
1112 2906 1234 2940 alherr
1269 2906 1420 2951 pringen
1446 2905 1566 2940 lassen
1587 2933 1595 2940 .
1615 2933 1622 2941 .
1643 2933 1650 2940 .
1677 2905 1774 2940 zaldt
1799 2905 1867 2939 den

90 2961 121 2995 9.
141 2961 226 3003 May
253 2972 296 2994 ao
324 2960 434 2995 1575“
461 2960 652 3001 (Heinrich
675 2961 806 3005 Weber,
833 2960 1052 2995 Geschichte
1079 2960 1142 2994 des
1161 2958 1680 2994 Christenlehr-Unterrichtes
1706 2959 1778 2993 und
1806 2959 1868 2993 der

89 3013 346 3048 Katechismen
372 3014 419 3047 im
447 3013 613 3047 Bisthum
641 3013 830 3057 Bamberg,
858 3013 1098 3057 Regensburg
1126 3012 1227 3054 1882,
1259 3012 1354 3055 128).

209 3072 302 3106 Aliis
340 3084 481 3117 quoque
519 3073 607 3107 locis
642 3072 701 3107 hic
737 3072 979 3108 catechismus
1016 3073 1224 3116 frequenter
1261 3072 1447 3106 emebatur
1481 3074 1518 3106 et,
1552 3072 1753 3117 legebatur.
1812 3071 1869 3105 Ita

91 3127 382 3160 Macrim-eatinus
417 3127 450 3159 in
478 3125 664 3167 *Litteris,
700 3138 791 3170 quas
818 3126 904 3166 dixi,
940 3125 1079 3166 annuis,
1114 3124 1175 3159 ubi
1210 3125 1252 3159 de
1289 3125 1440 3168 collegio
1476 3125 1631 3160 fuldensi
1657 3126 1744 3169 agit,
1778 3124 1868 3158 haec

92 3179 242 3214 scribit:
274 3179 341 3221 „Jn
359 3179 529 3213 nundinis
548 3179 667 3224 oppidi
685 3180 805 3222 uicini,
831 3179 1090 3214 Praedicantes
1116 3189 1179 3223 pro
1197 3189 1263 3212 sua
1282 3178 1501 3222 Euangelica
1519 3179 1695 3214 modestia
1721 3177 1870 3212 liberius
