2062 3443
82 146 181 183 1908.
208 146 456 181 Mercurianus
476 145 561 181 Can.
591 145 645 180 21.
666 145 745 181 Oct.
766 145 867 180 1574.
905 145 1005 181 1909.
1025 144 1064 180 P.
1084 144 1305 180 Possevinus
1324 144 1410 181 Can.
1439 146 1494 180 21.
1515 145 1594 181 Oct.
1615 148 1717 182 1574.
1756 150 1835 191 247

80 266 235 304 1908.
310 267 730 304 EVERARDUS
758 266 1251 304 MERGI'RIANUS
1279 269 1506 314 praepositus
1526 271 1704 312 generalis
1725 272 1843 306 Socie-

266 322 353 356 tatis
380 322 460 356 Iesu
488 321 689 356 CANISIO.
1280 322 1392 356 Roma
1419 323 1475 358 21.
1496 322 1664 358 Octobris
1692 325 1796 359 1574.

196 393 250 428 Ex
264 392 470 438 apographo
486 393 596 427 eiusd.
610 395 734 438 temp.;
748 393 781 426 in
796 392 968 436 margine,
980 392 1104 426 eadem
1119 404 1242 427 manu:
1267 394 1325 435 „R
1339 393 1516 428 Canisio“.
1544 393 1584 428 G.
1601 395 1684 439 Sup.
1702 396 1715 428 1
1735 395 1758 429 f.
1774 395 1843 430 18¹¹.

194 460 248 493 De
272 460 506 503 scriptoribus
533 460 788 492 constituendis
814 463 843 491 et
870 460 1043 493 Mariano
1069 469 1172 502 opere
1199 460 1418 494 absolvendo.

193 536 403 578 Rationes
443 537 649 579 librorum
691 536 1095 579 conscribendorum
1139 550 1193 578 ex
1238 536 1374 579 literis
1413 538 1701 581 Reuerentiae
1742 540 1844 580 tuae

73 600 188 643 datis
220 601 427 643 Kalendis
462 602 779 656 septembribus
812 600 995 655 cognoui
1028 615 1122 642 cum
1155 601 1264 643 alias
1296 601 1400 644 item
1433 616 1458 644 a
1492 603 1536 646 P.
1563 603 1844 645 Prouincialis

71 666 398 708 Consultoribus
446 667 745 721 accepissem⁸.
822 667 880 708 Et
927 666 1124 719 quamuis
1168 669 1270 709 tuae
1312 667 1419 709 satis
1462 668 1564 709 mihi
1608 668 1845 722 probentur

72 730 209 772 uisum
243 734 390 774 tamen
432 735 498 774 est
531 732 633 773 mihi
666 746 760 773 cum
793 731 859 773 his
897 731 1124 785 patribus1
1157 735 1204 774 ut
1244 735 1384 775 totum
1423 733 1503 774 1100
1536 733 1757 787 negotium
1790 734 1843 775 ad

71 795 114 837 id
154 799 324 850 tempus
365 797 619 849 reijceretur
660 811 742 850 quo
784 796 1048 839 uniuersalia
1088 797 1321 839 tractanda
1362 800 1476 848 sunt,
1520 812 1631 851 quae
1672 798 1842 852 quidem

71 861 231 915 partim
263 862 467 905 inchoata
500 865 613 911 sunt,
658 862 814 916 partim
849 862 1096 916 propediem
1134 863 1457 916 aggredientur.
1522 864 1698 906 Interim
1733 864 1842 906 bono

72 926 214 969 animo
248 929 342 969 esto
376 927 432 969 mi
458 928 586 969 Pater
610 931 654 970 et
676 927 858 970 Mariam
883 930 1002 969 tuam
1036 927 1121 970 cito
1155 928 1332 970 absolue
1365 932 1413 970 ut
1445 927 1717 984 summisbff]
1753 929 1843 971 eius

71 991 303 1035 uirtutibus
345 992 538 1035 excitata
571 992 766 1035 Societas
804 992 965 1045 aliquid
1008 992 1192 1047 amplius
1234 993 1434 1048 praesidij
1478 994 1557 1036 hoc
1602 994 1842 1037 miserrimo

70 1060 265 1112 tempore
309 1058 386 1100 ab⁹
429 1072 479 1100 ea
522 1059 686 1100 exoret.
753 1058 1033 1100 Orationibus
1075 1061 1120 1101 et
1161 1058 1324 1101 sanctis
1363 1058 1593 1112 Sacrificijs
1635 1059 1722 1102 tuis
1765 1074 1843 1102 nos

68 1136 217 1165 omnes
250 1123 613 1166 commendamus,
678 1123 812 1165 Rome
847 1121 1091 1177 [Vigesima
1124 1123 1268 1166 Prima
1300 1124 1488 1167 octobris
1525 1124 1697 1180 1574]³.

188 1197 353 1233 Canisius
379 1197 605 1232 'Mercuriano
632 1198 816 1242 respondit
843 1199 874 1233 6.
895 1198 1051 1232 Ianuarii
1080 1199 1181 1233 1575.

68 1316 224 1353 1909.
341 1316 401 1352 Ρ.
433 1315 778 1353 ANTONIUS
814 1315 1241 1354 POSSEVINUS
1277 1318 1494 1353 secretarius
1529 1319 1721 1355 Societatis
1757 1320 1837 1355 Iesu

260 1370 462 1406 CANISIO.
1274 1371 1387 1406 Roma
1414 1373 1469 1407 21.
1492 1372 1658 1408 Octobris
1689 1375 1790 1408 1574.

187 1442 242 1477 Ex
269 1441 477 1487 apographo
504 1442 661 1476 eiusdem
689 1442 881 1487 temporis;
909 1441 944 1475 in
964 1441 1135 1485 margine,
1164 1441 1287 1476 eadem
1307 1454 1434 1477 manu:
1466 1443 1622 1486 „Eidem
1665 1445 1762 1478 Haec
1786 1448 1839 1478 est

68 1496 296 1537 Posseuini“;
323 1495 504 1530 antecedit
526 1498 646 1529 autem
665 1495 758 1529 hanc
776 1495 968 1539 epistulam
989 1495 1143 1540 epistula
1162 1507 1183 1529 a
1201 1496 1427 1530 Mercuriano
1454 1498 1658 1542 praeposito
1678 1498 1838 1542 generali

71 1550 130 1592 „R
152 1549 314 1584 Canisio“
345 1549 465 1583 missa.
510 1548 551 1583 G.
580 1548 701 1593 Sup.l
731 1549 755 1583 f.
778 1549 848 1583 18¹³.

187 1617 294 1649 Libri
321 1617 436 1649 Sur-ii.
479 1616 645 1658 Epistula
668 1615 865 1658 pastoralis
884 1615 921 1648 S.
943 1614 1068 1648 Caroli
1095 1616 1315 1649 Borromaei.
1362 1643 1377 1658 ,‚
1391 1615 1657 1658 P1·0Ie(someua“
1687 1618 1837 1651 Cuuisii.

69 1670 199 1704 Libelli
220 1681 288 1712 per
314 1670 481 1713 Anyliauz
510 1673 569 1702 etc.
597 1668 866 1702 disseminandi.
911 1669 950 1702 P.
973 1669 1125 1702 Natalis.

186 1753 344 1808 Scripsi
364 1752 652 1795 Reuerentiae
670 1756 771 1795 tuae
788 1751 980 1794 redditos
998 1766 1093 1794 esse
1111 1752 1234 1794 nobis
1255 1752 1387 1795 libros
1405 1753 1530 1808 Surij.
1560 1754 1839 1797 Sanctorum-

67 1833 149 1874 que
181 1819 295 1862 uitas
329 1833 355 1861 a
387 1832 455 1861 me
487 1821 634 1860 uestro
677 1817 847 1860 nomine
880 1817 1076 1860 Pontifici
1116 1817 1334 1860 maximo2
1367 1819 1537 1861 oblatas
1570 1819 1707 1861 eidem
1740 1833 1838 1873 per-

66 1887 218 1938 gratas
250 1883 384 1926 fuisse
397 1885 425 1927 ³.
489 1883 616 1926 Nunc
648 1883 937 1926 Reuerentiae
975 1886 1078 1926 tuae
1110 1883 1352 1938 Epistolam
1386 1884 1656 1926 pastoralem
1691 1884 1838 1927 Cardi-

66 1949 177 1992 nalis
209 1948 409 1991 Boromei
450 1948 588 1998 mitto,
633 1962 744 2002 quae
785 1947 820 1990 si
853 1947 896 1990 in
930 1947 1230 1990 Germanicam
1274 1948 1465 2002 linguam
1499 1952 1711 2000 uertatur,
1754 1964 1838 1992 non

66 2028 217 2069 parum
250 2016 299 2057 ut
331 2027 457 2069 spero
490 2013 697 2056 momenti
724 2013 900 2056 habebit
932 2014 986 2056 ad
1019 2013 1254 2056 aliciendos
1287 2028 1340 2056 ex
1369 2014 1455 2057 ista
1479 2014 1712 2057 Germania
1743 2015 1837 2069 pios

64 2080 271 2131 homines,
297 2080 368 2133 qui
385 2079 521 2122 Rome
544 2093 621 2134 pro
644 2078 727 2121 fide
744 2079 1015 2122 restituenda
1033 2079 1288 2122 Sanctorum
1313 2077 1631 2134 martirum⁰[?]
1657 2094 1837 2133 quorum

65 2159 165 2188 ossa
187 2145 255 2188 hic
281 2147 394 2196 sunt,
429 2145 565 2187 Deum
593 2142 677 2199 [P]s
705 2148 989 2199 permoueant
1011 2144 1066 2186 ad
1098 2144 1320 2187 ferendam
1345 2145 1537 2187 afflictae
1559 2145 1838 2199 Reipublicae

68 2210 342 2254 Christianae
360 2224 483 2265 opem
499 2211 526 2253 4.
553 2210 751 2264 Expecto
769 2210 894 2252 auide
911 2210 1219 2265 prolegomena
1235 2210 1277 2251 in
1297 2210 1453 2252 Diuum
1470 2210 1539 2253 Io:
1557 2211 1793 2265 baptistam
1809 2213 1836 2261 5,

64 2289 176 2330 quae
209 2290 335 2330 spero
367 2275 538 2329 longius
571 2275 864 2330 penetrabunt
896 2276 952 2318 ad
983 2275 1166 2318 Insulas.
1214 2275 1327 2317 Nam
1362 2278 1409 2318 ut
1442 2275 1621 2329 reliquie
1654 2277 1836 2319 catholi-

183 2375 211 2405 a)
233 2374 386 2407 accepisse
406 2382 506 2406 apoyr.
644 2372 674 2404 b)
696 2375 757 2399 Hoc
779 2382 801 2400 v.
822 2374 974 2399 obscurius
993 2375 1133 2405 scriptum
1155 2377 1205 2399 est.
1310 2374 1337 2405 0)
1358 2374 1405 2398 Sis·
1424 2375 1539 2399 omuino
1560 2375 1676 2399 videtur
1696 2382 1756 2399 esse
1776 2382 1824 2398 ‹va›-

64 2416 217 2447 riyeudum
240 2424 275 2441 ex
295 2414 342 2446 ad,
363 2417 437 2448 quud
457 2419 499 2441 est
521 2416 549 2440 iu
571 2423 671 2447 apoyr.
741 2415 770 2446 d)
791 2414 886 2440 Rome
906 2416 942 2441 ut
961 2422 1054 2448 supra
1074 2424 1173 2447 ustoyr.
1204 2416 1355 2440 Anser-edit
1375 2419 1471 2440 (talem
1491 2416 1545 2440 has
1565 2417 1680 2441 litteras
1701 2416 1836 2447 epis-[uim

62 2465 137 2489 quae
157 2458 198 2482 sic
217 2458 410 2482 teo-minmur:
436 2456 530 2482 Rome
552 2456 705 2489 vigesima
726 2456 828 2482 Prima
848 2456 982 2482 octobris
1004 2457 1083 2483 1574.
1183 2458 1211 2488 e)
1233 2456 1375 2481 martires
1403 2466 1502 2489 apnyr.
1595 2457 1618 2482 fi
1640 2459 1700 2482 1101·
1722 2459 1762 2482 rel
1783 2464 1836 2482 eos

61 2500 257 2531 supplendum
272 2507 332 2524 esse
354 2499 478 2524 videtur.

186 2623 196 2643 ¹
224 2623 507 2663 Assistentibus;
537 2635 685 2668 quorum
713 2623 858 2658 nomina
884 2635 918 2658 v.
939 2634 1049 2669 supra
1075 2635 1108 2668 p.
1131 2623 1198 2658 130
1211 2623 1233 2658 ².
1357 2623 1370 2644 ²
1396 2622 1568 2668 Gregorio
1594 2623 1691 2658 XIII.

185 2677 197 2696 ³
223 2675 317 2710 Num
353 2678 390 2710 et
425 2677 565 2721 quando
594 2677 814 2712 Possevinus
846 2677 897 2711 ita
922 2677 1109 2722 scripserit
1135 2677 1278 2721 ignor-03
1315 2680 1473 2712 ceterum
1502 2677 1546 2712 cf.
1566 2688 1675 2722 supra
1702 2688 1734 2722 p.
1756 2677 1834 2712 133.

184 2731 196 2749 ⁴
222 2729 423 2765 Iuvenesne
460 2730 653 2774 significat,
693 2730 753 2775 qui
791 2731 827 2764 in
865 2729 1055 2774 collegium
1092 2731 1336 2774 germanicum
1372 2731 1549 2765 veniant?
1612 2730 1646 2765 S.
1686 2730 1835 2765 Carolus

64 2782 302 2818 Borromaeus
328 2783 529 2818 Mediolano
559 2785 613 2819 10.
643 2783 864 2829 Septembris
896 2784 988 2818 1574
1014 2783 1156 2818 litteras
1192 2784 1401 2828 pastorales,
1429 2796 1518 2828 quas
1545 2786 1686 2826 vocant,
1713 2783 1834 2818 italico

63 2847 226 2871 sermone
261 2837 412 2871 dederat
447 2837 490 2871 ad
517 2837 795 2872 archidioecesis
821 2848 906 2871 suae
933 2836 1211 2871 mediolanensis
1245 2837 1379 2879 fideles,
1416 2837 1545 2882 quibus
1582 2849 1653 2879 eos,
1691 2839 1731 2871 ut
1756 2849 1835 2881 gra—

63 2890 194 2924 tiarum
229 2889 373 2924 iubilaei
410 2890 714 2935 assequendarum
750 2902 858 2925 causa
885 2890 1034 2924 Romam
1070 2890 1398 2935 peregrinarentur,
1435 2891 1622 2932 invitabat,
1658 2890 1832 2934 singulari

62 2943 219 2987 quadam
238 2943 376 2978 ratione
395 2943 494 2978 Petri
520 2946 557 2978 et
574 2943 676 2978 Pauli
704 2943 947 2989 apostolorum
966 2945 1002 2977 et
1019 2943 1253 2988 plurimorum
1273 2943 1424 2978 aliorum
1443 2956 1506 2989 pro
1532 2944 1616 2978 fidei
1635 2944 1833 2978 catholicae

63 2996 269 3031 testimonio
304 2997 439 3032 Romae
474 2998 672 3032 occisorum
707 3009 811 3032 sacra
847 3007 1130 3037 commemorans
1165 3008 1333 3041 corpora,
1372 3009 1464 3042 quae
1499 2997 1546 3032 ibi
1582 3009 1712 3040 magno
1752 3008 1831 3031 cum

64 3049 210 3094 pietatis
247 3051 368 3085 fructu
404 3053 693 3086 asservarentur.
754 3051 913 3085 Litterae
948 3049 1031 3084 illae
1067 3052 1213 3084 exstant
1247 3051 1282 3084 in
1322 3050 1443 3093 „Actis
1480 3050 1665 3085 Ecclesiae
1701 3050 1832 3084 Medio-

63 3101 240 3138 lanensis“
271 3105 436 3138 Federici
465 3105 572 3139 card.
596 3105 806 3139 Borromaei
832 3105 931 3139 iussu
958 3102 1075 3145 editis,
1101 3103 1294 3138 Mediolani
1323 3104 1425 3146 1599,
1455 3103 1700 3140 1023-1027.

183 3157 196 3177 ⁶
222 3156 313 3191 Vide
340 3157 433 3191 infra
459 3169 493 3202 p.
511 3157 592 3192 248.
