2062 3443
282 171 384 206 1953.
412 170 452 204 Ρ.
470 170 650 205 Antonius
676 169 897 204 Possevinus
924 169 1078 204 Canisio.
1116 169 1228 203 Roma
1256 169 1311 204 30.
1334 169 1423 203 lunii
1454 169 1555 204 1576.
1717 172 1801 212 347

29 288 212 331 egemus“.
246 286 382 320 Deinde
402 286 545 329 Diiinga
564 286 596 320 8.
613 286 692 320 Iulii
711 286 800 320 1576
822 285 858 320 P.
876 285 1113 319 Theodoricus
1134 286 1300 318 Canisius
1318 288 1435 319 rector
1453 285 1678 319 Morem-iano
1697 284 1802 319 *nar-

30 341 142 376 ravit:
179 341 325 382 „Adfuit
350 339 452 374 nobis
478 343 562 374 ante
589 340 769 374 octiduum
799 338 1165 378 R.P.1’1·0uincialis‚
1193 339 1254 372 sed
1283 339 1441 373 triduum
1469 339 1645 372 duntaxat
1672 340 1802 373 mansit

31 395 133 429 nobis
151 406 306 429 cum....
334 394 459 427 Adfuit
487 396 523 427 et
548 387 649 427 nobis
676 393 717 427 R.
739 393 776 426 P.
799 393 926 426 Petrus
946 392 1121 432 Canisius,
1150 392 1216 425 hac
1237 392 1468 426 Ratisbonam
1496 392 1539 426 ad
1569 392 1803 426 Reuerendis-

29 448 160 483 simum
187 448 362 491 Legatum
390 447 642 492 proficiscens“
676 448 738 488 (ex
765 446 1010 490 autographis.
1063 446 1182 480 Germ.
1206 446 1268 479 137
1298 447 1426 481 [109³
1456 446 1568 488 151b).

148 500 238 543 Quia
265 503 385 534 autem
412 500 654 534 Theodoricus
682 499 768 534 nihil
795 500 921 533 scribit
947 499 989 533 de
1017 499 1235 542 Marquardo
1262 501 1429 544 episcopo
1456 499 1622 541 Dilingae
1649 510 1669 533 a
1698 499 1804 532 Petro

29 554 142 589 fratre
177 554 344 595 salutato,
381 553 563 598 probabile
599 556 674 594 est,
711 553 858 586 Petrum
894 552 1075 595 Dilingam
1112 564 1179 585 non
1217 553 1408 586 advenisse
1445 555 1527 586 ante
1555 552 1586 586 d.
1615 552 1670 586 22.
1692 552 1803 591 lunii:

28 618 98 652 quo
133 607 188 642 die
221 607 477 651 Marquardum
515 606 660 649 Dilinga
696 606 929 640 Ratisbonam
963 606 1007 639 ad
1043 606 1188 639 comitia
1216 607 1417 649 profectum
1454 617 1533 640 esse
1560 605 1803 639 Theodoricus

27 660 62 695 in
91 660 246 705 epistula
281 660 343 694 illa
379 663 512 694 narrat.
565 660 723 693 Offendit
758 663 889 699 tamen,
926 665 1022 703 puto.
1060 658 1226 693 Canisius
1255 659 1420 702 Dilingae
1457 660 1491 692 in
1519 659 1802 693 adulescentium

27 713 160 748 litteris
186 714 408 749 studentium
436 713 668 747 contubernio
695 713 865 746 'l'homam
895 724 976 745 vom
1003 711 1133 752 Triest,
1161 712 1397 746 Wendelinae
1424 713 1556 746 sororis·
1583 712 1716 752 filium;
1744 712 1803 755 qui

29 767 83 801 13.
116 767 250 812 Aprilis
298 767 386 801 1575
426 767 461 800 in
507 766 757 799 universitatis
796 765 893 799 illius
936 765 1125 799 matricula
1161 765 1213 799 sic
1252 768 1329 800 erat
1364 766 1579 810 inscriptus:
1627 765 1804 806 „Thomas

26 819 182 855 Tristius
214 820 532 863 Nouiomagensis“
566 820 719 862 (Speclit,
755 819 820 853 Die
856 818 1027 852 Matrikel
1056 819 1078 858 Ι,
1115 818 1298 861 Dillingen
1326 830 1356 853 a.
1385 819 1427 853 D.
1459 818 1702 859 1909-1911,
1729 819 1804 861 98).

27 873 188 908 Eundem
220 874 458 907 Theodort'cus
487 874 655 906 canisius
692 872 925 916 significavit,
963 884 1042 906 cum
1070 872 1215 915 Dilinga
1244 873 1297 906 17.
1318 872 1539 916 Septembris
1577 872 1667 906 1575
1696 871 1803 905 lVen-

27 926 167 961 delinae
194 927 383 971 *scripsit3
424 926 583 968 „Wisset
610 926 700 960 auch
729 927 793 959 das
820 925 897 959 ich:
926 926 1058 959 Doctor
1086 925 1203 966 Peter,
1235 926 1306 959 vnd
1334 925 1492 959 Thomas
1518 926 1608 959 noch
1637 924 1703 958 wol
1732 925 1808 958 auff

28 991 152 1026 seyen.
203 980 273 1015 Got
309 992 373 1025 sey
409 980 466 1014 lob
483 998 490 1005 ·
507 991 584 1013 was
611 980 679 1013 dan
707 979 881 1013 Thomam
908 979 1067 1022 behangt,
1104 979 1151 1012 ist
1177 991 1214 1012 er
1241 979 1381 1020 stolich,
1419 979 1490 1012 vnd
1517 978 1595 1012 helt
1620 978 1697 1012 sich
1725 978 1803 1019 wol,

25 1033 92 1069 das
118 1033 200 1068 kain
229 1034 315 1077 klag
342 1034 395 1067 nit
421 1034 532 1067 wider
554 1033 605 1078 ι1111
633 1033 677 1066 da
704 1033 762 1067 ist.
814 1032 859 1066 So
887 1032 936 1066 vil
965 1032 1031 1065 dan
1059 1032 1136 1066 sein
1163 1031 1328 1075 kostgelt
1354 1033 1514 1075 belangt,
1545 1032 1643 1066 steht
1670 1043 1708 1065 es
1734 1032 1803 1077 bey

26 1098 121 1121 ewer
148 1087 397 1130 Gelegenhait,
424 1087 468 1121 ob
494 1087 525 1120 ir
550 1087 663 1120 willet
689 1086 752 1120 das
778 1086 1001 1120 auffainmal
1028 1087 1085 1119 fiir
1112 1086 1176 1119 das
1194 1093 1302 1129 gantz
1328 1085 1380 1119 iar
1407 1085 1589 1125 sohicken,
1617 1085 1701 1118 oder
1720 1085 1806 1119 aber

26 1140 97 1175 alle
129 1140 371 1174 franckforter
398 1151 504 1180 mess,
540 1140 603 1173 der
631 1140 722 1173 Herr
749 1139 938 1173 Ger-winus
966 1139 1134 1173 Calenius
1161 1139 1231 1173 kan
1269 1139 1360 1173 euch
1397 1139 1463 1173 wol
1500 1138 1698 1173 behilfflich
1726 1138 1803 1172 sein

25 1193 137 1229 durch
165 1194 220 1228 die
247 1193 442 1228 buchffirer
467 1205 536 1227 von
557 1195 738 1238 Auspmg,
766 1193 821 1227 die
839 1194 907 1227 mir
933 1193 1001 1226 wol
1019 1192 1155 1227 bekant
1180 1193 1268 1227 sein.
1305 1192 1394 1226 was
1412 1192 1553 1226 klaider
1579 1193 1649 1226 vnd
1672 1192 1803 1226 andere

26 1247 168 1291 Dingen
194 1247 352 1291 belangt,
388 1248 496 1282 darfft
531 1248 561 1280 ir
599 1247 651 1280 nit
686 1258 826 1290 sorgen,
863 1247 920 1281 ich
948 1247 1007 1280 wil
1036 1247 1115 1280 dem
1143 1246 1316 1280 'rhomam
1355 1246 1473 1279 nichts
1509 1246 1628 1280 lassen
1661 1246 1803 1289 abgehu

26 1312 102 1336 was
124 1301 177 1346 jin
204 1301 286 1335 wirt
312 1313 381 1335 von
407 1299 517 1334 nfuten
545 1301 642 1335 sein“
675 1301 736 1341 (ex
764 1300 988 1345 autographo
1014 1300 1160 1341 recenti,
1194 1300 1287 1343 quod
1315 1311 1359 1333 ex
1396 1299 1620 1344 autographo
1647 1300 1803 1343 exscrip-

25 1357 104 1389 tum
130 1354 171 1390 R.
191 1355 230 1388 P.
251 1354 288 1389 L.
316 1366 386 1388 van
415 1354 521 1388 Miert
547 1354 582 1388 S.
603 1354 635 1388 J.
664 1353 750 1387 mihi
778 1354 905 1397 misit).
958 1354 1036 1387 Hoc
1062 1365 1154 1387 anno
1184 1354 1273 1387 1575
1308 1365 1372 1397 pro
1407 1352 1631 1396 singulorum
1663 1352 1803 1386 convic-

25 1412 142 1442 torum
171 1408 354 1442 alimentis
380 1409 424 1442 60
450 1407 577 1441 floreni
604 1407 845 1450 exigebantur
865 1409 980 1451 (Alsr.
1002 1408 1191 1450 Schrader,
1221 1407 1284 1440 Die
1303 1406 1475 1440 Matrikel
1495 1407 1557 1441 der
1577 1406 1805 1441 Universitat

26 1461 221 1505 Dillingen.
264 1461 539 1505 Registerband‚
567 1460 750 1504 Dillingen
777 1472 808 1496 a.
828 1460 869 1496 D.
900 1461 1146 1500 mosi-1915,
1175 1461 1300 1503 xxix).

26 1566 178 1604 1953.
244 1566 307 1602 P.
327 1565 673 1602 ANTONIUS
701 1564 1130 1602 POSSEVINUS
1158 1566 1376 1601 secretarius
1395 1565 1587 1600 Societatis
1606 1565 1687 1600 Iesu
1705 1577 1802 1600 man-

216 1622 303 1656 datu
330 1620 507 1655 Everardi
533 1620 751 1654 Mercuriani
778 1619 973 1665 praepositi
999 1620 1181 1663 generalis
1209 1618 1410 1654 CANISIO.

1314 1679 1426 1713 Roma
1453 1678 1622 1714 30.1unii
1651 1679 1754 1714 1576.

144 1745 198 1780 Ex
226 1745 494 1789 commentario,
521 1745 557 1779 in
575 1745 677 1780 cuius
703 1744 822 1790 capite
836 1744 961 1779 eadem
980 1756 1088 1779 manu
1114 1744 1290 1790 scriptum
1309 1746 1384 1779 est:
1417 1744 1476 1787 „R
1496 1744 1604 1778 Petro
1624 1744 1798 1779 Canisio.“

24 1798 91 1834 Rh.
119 1799 186 1833 Inf.
214 1799 246 1840 2,
273 1799 288 1833 Ι
315 1799 339 1833 f.
360 1799 433 1834 40¹³.

143 1859 254 1893 Liber
279 1860 321 1893 de
347 1859 507 1893 libertate
532 1860 718 1903 relz'yionis
744 1870 767 1892 (ι
793 1860 832 1893 P.
858 1859 1021 1903 leyraeo
1047 1860 1208 1902 vulgatus
1232 1860 1413 1902 supprimi
1438 1859 1543 1891 debet.

142 1937 308 1979 Rumor
340 1941 407 1980 est,
439 1937 603 1979 editum
637 1951 733 1979 esse
766 1951 792 1979 a
824 1936 969 1979 nescio
993 1951 1076 1991 quo
1098 1935 1142 1978 in
1167 1936 1402 1978 Germania
1433 1935 1626 1977 libellum
1650 1938 1803 1978 contra

24 2002 190 2044 nobiles
223 2002 445 2055 quosdam,
489 2002 562 2056 qui
595 2002 883 2045 decreuerant
913 2002 956 2044 in
990 2001 1177 2056 comitijs
1210 2001 1600 2044 Ratisbonensibus
1641 2000 1803 2054 aliquid

22 2067 164 2110 moliri
205 2067 274 2108 ina
316 2067 567 2110 libertatem
609 2067 968 2118 ecclesiasticam,
1012 2069 1057 2109 et
1098 2067 1246 2109 datam
1289 2080 1315 2108 a
1356 2066 1402 2110 P.
1436 2066 1609 2120 Tyreo¹
1651 2069 1802 2108 nostro

21 2146 201 2188 operam
224 2135 274 2175 vt
306 2133 398 2175 eius
430 2133 590 2188 libelljb
624 2133 827 2187 exempla
859 2132 1236 2176 distribuerentur.
1280 2132 1336 2174 Jd
1361 2132 1474 2184 quod
1502 2131 1624 2185 quiae
1647 2145 1802 2173 veren-

24 2199 124 2240 dum
167 2201 235 2241 est
277 2212 331 2240 ne
365 2198 575 2241 Soeietati
615 2201 793 2240 nostrae
835 2212 1042 2251 magnum
1085 2197 1259 2251 aliquod
1301 2198 1462 2239 malum
1496 2198 1666 2248 afferat,
1710 2199 1742 2239 t.
1767 2211 1801 2240 r.

21 2263 106 2306 erit
138 2276 292 2305 curare
325 2266 374 2306 vt
405 2263 441 2306 si
474 2262 612 2317 quaed
643 2263 772 2306 isthic
805 2263 920 2306 forte
953 2263 1140 2305 fuerint-⁰
1173 2263 1287 2305 eiuss
1319 2262 1418 2304 libri
1451 2262 1654 2316 exempla
1685 2261 1801 2304 illico

21 2328 349 2383 supprimantur
368 2350 377 2360 ·
397 2333 441 2372 et
463 2329 598 2371 sicubi
622 2343 729 2383 opus
752 2342 848 2371 esse
870 2328 1231 2371 animaduerterit
1262 2328 1521 2382 profiteatur
1544 2327 1614 2370 vel
1628 2333 1640 2352 g
1662 2326 1802 2381 ipsam

21 2393 115 2436 eius
159 2394 221 2436 rei
266 2394 554 2449 suspicionem
601 2394 650 2437 R.
687 2394 732 2437 P.
769 2393 824 2436 N.
863 2394 948 2437 G.2
989 2394 1273 2435 vehementer
1317 2392 1601 2447 displicuisse,
1649 2392 1711 2434 sic
1754 2395 1804 2435 vt

21 2458 246 2513 scripserit
287 2459 342 2501 ad
375 2459 735 2510 RBalduinumss
768 2459 1006 2501 Rhenanae
1048 2459 1297 2513 prouinciae
1332 2458 1617 2501 visitatorem
1651 2461 1700 2500 vt
1741 2457 1803 2499 sih

23 2522 70 2566 P.
94 2523 284 2577 Tyreum
307 2524 351 2565 in
375 2525 502 2579 culpa
524 2538 621 2566 esse
644 2524 924 2579 compererit,i
955 2524 1069 2566 illico
1103 2524 1247 2578 priuet
1269 2523 1360 2565 eius
1393 2523 1642 2578 prouinciae
1675 2537 1803 2577 prae-

22 2587 209 2639 fectura,
253 2592 298 2631 et
330 2603 409 2643 per
439 2589 536 2632 mek
567 2604 601 2632 r.
625 2592 657 2632 t.
681 2590 789 2632 haec
822 2589 1059 2642 significari
1092 2588 1281 2631 voluerit
1313 2591 1362 2631 vt
1393 2588 1676 2642 intelligeres,
1719 2602 1803 2642 quo

24 2653 162 2696 1110110ι
204 2654 302 2696 huic
342 2654 614 2697 incommodo
657 2655 826 2697 occurri
868 2655 1037 2698 debeat.
1101 2654 1211 2696 Vale
1253 2657 1331 2696 et¹¹²
1373 2654 1460 2697 tuis
1493 2667 1561 2696 me
1603 2654 1803 2708 precibus

22 2720 373 2762 commendatum
406 2719 530 2762 habe.
595 2720 760 2762 Romae
793 2720 930 2775 pridie
964 2719 1180 2774 Cal.-Julij
1207 2720 1351 2762 .1576.

142 2806 170 2835 a)
191 2806 239 2831 Sic
260 2806 289 2830 ιή
309 2814 407 2831 comm.
428 2810 587 2832 correctum
609 2810 651 2832 est
671 2815 707 2832 ez·
727 2806 842 2839 aliquid
865 2805 1028 2832 detrahere
1049 2806 1095 2832 de.
1171 2805 1259 2837 b—d)
1282 2807 1342 2831 Hoc
1362 2814 1384 2830 v.
1406 2814 1499 2837 supra
1522 2813 1638 2830 versum
1657 2805 1801 2837 scriptum

22 2849 75 2871 est.
161 2847 189 2878 e)
211 2848 258 2872 Sic
276 2848 306 2872 in
327 2856 425 2873 comm.
446 2852 606 2873 correctum
626 2852 668 2873 est
688 2857 725 2873 ex
745 2848 868 2874 viderit.
954 2848 978 2879 Ο
998 2849 1138 2880 Sequitur
1158 2847 1270 2880 operia,
1290 2848 1380 2872 obliti.
1477 2848 1507 2879 g)
1529 2848 1669 2879 Sequitur·
1687 2853 1802 2872 meram

24 2888 69 2912 vel
87 2888 182 2913 simile
204 2897 237 2919 v..
258 2890 348 2914 oblite.
441 2889 472 2919 11)
494 2890 634 2921 Sequitur
653 2889 694 2920 T.,
715 2890 805 2915 obliet.
905 2889 925 2921 i)
947 2891 1086 2921 Sequitur
1106 2888 1196 2919 illico,
1216 2889 1308 2913 oblitt.
1410 2887 1442 2917 k)
1464 2889 1605 2920 Sequitur
1625 2888 1692 2918 tibi,
1711 2889 1801 2913 obliet.

22 2927 46 2957 Ζ)
66 2929 234 2960 Sequuntur
255 2938 296 2955 vr.
318 2937 378 2956 non
398 2930 497 2957 solum
519 2938 574 2964 per
594 2932 632 2960 te.
659 2931 713 2957 sed
734 2931 826 2956 etiam
848 2938 902 2964 per
922 2931 1012 2956 istius
1033 2929 1208 2964 prouinciae
1230 2930 1377 2957 rectores.
1397 2931 1488 2955 oblilt.
1574 2932 1614 2962 m)
1635 2931 1803 2962 Sequuntur

25 2976 68 2995 vv.
87 2971 208 3003 aliquot,
227 2972 316 2996 oblite.

148 3066 155 3084 ¹
182 3064 222 3099 P.
251 3065 497 3099 Hermannum
524 3064 730 3110 Thyraeum
765 3066 973 3111 provinciae
1010 3065 1191 3099 rhenanae
1219 3064 1254 3100 S.
1282 3065 1314 3099 J.
1343 3065 1588 3110 praepositum
1615 3065 1721 3105 dicit;
1759 3064 1802 3098 de

23 3124 94 3158 quo
123 3118 211 3152 Can.
232 3118 265 3152 ΙΙ
291 3118 348 3153 6⁵.
496 3119 508 3139 ²
534 3118 718 3154 Everardo
744 3119 971 3154 Mercuriano
998 3118 1204 3164 praeposito
1231 3119 1402 3162 generali.

145 3170 158 3190 ³
183 3170 238 3205 Ab
266 3171 417 3215 Angelo.
