2062 3443
142 197 243 233 1838.
271 196 452 231 Lindanus
480 195 566 230 Can.
598 195 698 230 1573.
744 195 845 229 1839.
873 193 958 228 Can.
979 195 1016 227 et
1034 193 1185 227 Rethius
1204 192 1368 237 Thyraeo
1388 194 1421 226 et
1442 191 1579 226 Kessel.
1609 193 1712 227 1573.
1759 195 1839 236 119

70 326 138 350 vns
157 315 225 360 bey
242 315 324 349 Jrer
342 312 543 358 heyligkeit
559 313 603 346 da
623 324 661 347 es
676 313 731 346 die
746 315 825 346 nott
839 311 1024 346 eruordert
1039 311 1170 345 wissen
1190 322 1232 344 zu
1252 309 1546 353 entscfflxldigen‘
1567 312 1646 345 (Fr.
1664 312 1840 352 ll’immer,

72 367 343 403 Vertraulicher
370 365 623 401 Briefwechsel
662 366 724 400 des
760 364 947 400 Cardinals
974 364 1059 399 Otto
1095 375 1139 398 an
1166 363 1318 398 Albreht
1344 364 1398 403 V„
1437 364 1469 397 in
1501 363 1657 407 „Archiv
1694 364 1751 398 fiir
1786 364 1842 397 die

70 420 498 457 Pastoral-Conferenzen
516 420 563 453 im
585 419 770 454 Bisthuine
789 419 1004 463 Augsburg“
1028 417 1088 457 111,
1111 417 1304 461 Augsburg
1326 418 1425 459 1852,
1453 417 1613 457 98—99;
1643 417 1686 451 cf.
1707 417 1842 451 Archiv

73 475 106 510 II
132 476 202 510 479
228 474 318 516 481;
346 486 379 508 v,
400 474 509 508 etiam
537 475 638 507 Riess
663 473 686 507 l.
706 485 735 507 c.
755 472 869 515 422²).

74 574 229 611 1838.
300 571 725 610 GUILIELMPS
750 570 1092 608 LINIDANUS
1111 572 1302 617 episcopus
1320 571 1628 606 rui-aemundanus
1640 570 1840 606 CANISIO.

1093 631 1318 675 Noviomago
1345 631 1441 665 circa
1466 630 1522 665 25.
1544 630 1665 665 Martii
1695 631 1796 665 1573.

193 699 246 734 Ex
273 698 447 734 Zautheni
484 697 651 743 epistulis
687 696 915 742 apographis
952 707 1044 741 quae
1070 698 1154 731 sunt
1180 697 1216 730 in
1244 695 1328 729 Cod.
1355 695 1467 730 colon.
1500 695 1545 737 „L
1571 695 1692 729 A.19“
1724 695 1747 729 f.
1776 706 1845 729 non

72 754 164 798 sign.
199 756 236 787 et
261 754 296 787 in
328 751 466 796 „Germ
495 751 583 786 153“
614 751 638 786 f.
657 751 730 793 422,
766 753 802 785 et
838 762 883 784 ex
909 750 1059 784 Lindani
1086 750 1129 784 ad
1158 749 1279 785 Socios
1306 748 1439 783 Rornae
1467 751 1656 783 versantes
1691 748 1845 794 epistula

74 807 273 852 archetypa
300 806 430 852 (ipsius
456 817 564 839 manu
590 804 824 849 subscripta),
853 815 944 848 quae
971 806 1027 838 est
1052 803 1087 838 in
1118 803 1226 849 „Epp.
1249 803 1331 838 Ext.
1356 803 1417 837 12¹⁴
1448 803 1472 837 f.
1494 802 1723 837 1218-1223.
1766 801 1846 835 Lin-

75 861 157 896 dani
184 860 316 895 litteris
342 871 431 894 usus
458 862 514 893 est
540 860 619 892 Van
646 859 765 892 Hoeclc
790 857 813 891 l.
833 869 862 892 c.
890 858 945 892 47.

194 926 349 960 Societas
373 936 438 968 per
464 925 606 958 Petrum
634 929 663 957 et
696 924 951 957 Theodora-um
983 924 1147 957 Canisios
1172 923 1426 965 Nort'omayum
1454 922 1668 956 inducenda.

195 1005 242 1046 P.
276 1004 466 1046 Joaimes
498 1003 746 1045 Zanthemcs
772 1003 815 1044 S.
839 1001 882 1044 J.
912 1002 1166 1056 Noviomaqo
1200 1004 1269 1043 15.
1294 1002 1460 1056 Aprilis
1484 1003 1599 1041 1:373
1634 1000 1847 1041 Coloniam

78 1071 135 1112 acl
158 1069 429 1112 Leonardum
456 1068 693 1110 Kesselium
720 1069 878 1123 colleyii
913 1072 1108 1109 rectorem
1142 1068 1360 1121 epistulam
1396 1068 1520 1118 misit,
1559 1067 1598 1107 in
1633 1080 1716 1120 qua
1750 1066 1850 1106 llaec

79 1136 137 1177 acl
172 1149 262 1176 eum
296 1135 456 1176 rettulit
495 1134 545 1175 de
578 1134 782 1175 Liiia'ano
817 1134 1026 1187 episcopo:
1072 1133 1201 1183 „Misi
1229 1146 1307 1186 per
1338 1132 1398 1174 M.
1433 1132 1622 1173 Bestiam
1667 1136 1762 1171 ante
1796 1132 1851 1171 10

79 1202 168 1242 dies
200 1201 344 1242 literas
367 1199 732 1240 Reuerendissimi
765 1198 821 1239 acl
848 1198 896 1240 P.
921 1199 1138 1239 Vicarium
1172 1202 1208 1238 et
1240 1197 1287 1238 P.
1314 1196 1602 1249 Euerardmn,
1637 1201 1674 1238 et
1696 1196 1744 1237 P.
1772 1196 1850 1236 Ca.-

78 1268 233 1308 nisium
269 1270 303 1307 et
335 1267 481 1307 literas
506 1265 698 1319 Capituli
715 1264 914 1318 Neomay.
950 1264 1001 1304 (le
1022 1264 1225 1305 Societate
1247 1263 1314 1304 hic
1338 1260 1652 1317 impetramlffl.
1686 1261 1848 1302 Eadem

80 1331 129 1373 de
152 1331 354 1373 Linclano
376 1331 621 1372 Zarithenus
641 1330 783 1384 pridie
815 1330 932 1370 illias
955 1329 1041 1369 diei·
1065 1329 1123 1369 act
1147 1328 1194 1369 P.
1220 1328 1488 1369 Ererarclum
1514 1328 1850 1375 Mercurianum,

80 1396 265 1438 Joanm's
296 1395 473 1437 Polanci
507 1396 659 1436 vicarii
691 1395 903 1449 yeneralis
938 1394 982 1436 S.
1009 1394 1052 1435 J.
1084 1407 1161 1448 pro
1196 1394 1430 1434 Germania
1466 1398 1498 1433 et
1536 1392 1680 1433 Gallia
1722 1392 1852 1443 „assi-

80 1463 294 1515 steiztevff,
328 1463 556 1503 rettulerat.
615 1461 798 1502 Planius
832 1461 970 1512 etiam,
1013 1459 1117 1514 quid
1155 1459 1385 1500 Lmdanus
1424 1458 1596 1499 Canisio
1638 1457 1854 1511 scripserit

83 1526 283 1582 (epistula
303 1528 397 1581 ipsa
411 1527 576 1581 periit),
600 1526 860 1581 coqiioscitur
878 1539 927 1566 ex
945 1525 1108 1577 litteris,
1128 1539 1234 1579 quas
1254 1525 1319 1566 ille
1337 1524 1592 1577 Noviomayo
1609 1525 1678 1565 25.
1701 1523 1854 1564 Martii

84 1594 199 1635 1573
223 1593 280 1634 acl
300 1592 530 1634 Polaticum
559 1597 594 1633 et
616 1592 796 1646 reliquos
819 1591 959 1632 Socios
983 1590 1160 1631 Romam
1191 1590 1423 1644 praepositi
1442 1590 1652 1643 qeneralis
1675 1587 1856 1642 elissena'i

80 1661 224 1714 qratia
267 1663 534 1714 conyreyatos
576 1658 717 1699 dedit:
762 1657 910 1709 „Quod
950 1655 1134 1708 multis“‚
1178 1657 1326 1711 inquit,
1375 1656 1601 1707 „hactenus
1642 1654 1778 1695 verbis
1820 1658 1855 1694 et

83 1726 264 1779 scriptiS,
285 1739 308 1766 a
310 1725 403 1780 pud
422 1725 644 1779 Colleqium
668 1724 810 1765 Canon
819 1724 975 1764 icarum
994 1723 1142 1764 Sancti
1159 1721 1364 1776 Stephani
1382 1720 1665 1774 A'eOJJiayeizse
1685 1720 1853 1773 emmas,

87 1796 125 1832 rt
158 1791 354 1832 Societati
387 1790 557 1832 Vestrae
588 1789 654 1831 hic
686 1789 799 1830 locus
831 1793 946 1841 esset,
989 1788 1080 1829 lieri
1111 1787 1281 1828 tandem
1318 1788 1650 1841 impetrauimas.
1676 1820 1684 1828 .
1711 1820 1718 1828 .
1746 1820 1754 1828 .
1810 1786 1857 1826 Vt

86 1861 222 1897 autem
262 1855 457 1910 firmiora
498 1856 583 1896 sint
623 1856 686 1896 rei
727 1859 811 1895 tam
855 1853 988 1905 nobis,
1032 1853 1196 1908 pijsque.
1237 1852 1428 1894 omnibus
1467 1856 1632 1906 optatae
1665 1852 1854 1900 exordia,

86 1922 265 1976 optarim
290 1926 412 1976 atque
434 1921 688 1962 obsecrarim
713 1919 817 1961 adeo
839 1924 878 1960 vt
900 1919 980 1960 huc
1011 1919 1226 1960 destinare
1260 1917 1493 1972 diqnemini
1516 1916 1624 1957 Vens
1659 1916 1736 1958 W.
1751 1921 1764 1935 ²⁴
1786 1914 1857 1968 [2²]

86 1991 123 2029 et
153 1986 283 2029 J).D.
318 1986 489 2028 Petrum
525 1986 759 2035 Canisium,
804 1989 840 2026 et
879 1984 1170 2026 leeoclorum¹
1200 1982 1382 2036 fratrem
1417 1982 1475 2022 ad
1507 1987 1666 2037 tempus
1699 1983 1856 2033 saltem,

87 2066 263 2093 opacum
304 2052 516 2094 Theodoro
549 2051 728 2102 Basaeo,
771 2055 807 2091 et
840 2049 1098 2103 confessario
1130 2063 1221 2101 vno,
1264 2053 1387 2103 atque
1421 2046 1582 2088 duobus
1621 2046 1859 2099 fratribus:

88 2132 166 2172 quo
188 2118 355 2159 maiora
375 2117 563 2172 polliceri
583 2116 703 2158 nobis
723 2117 932 2171 possimus
954 2120 1124 2157 sanctae
1141 2119 1301 2156 vestrae
1318 2114 1536 2155 Societatis
1560 2113 1813 2153 incrementa
1823 2112 1858 2155 “.

207 2199 476 2240 Mercuriamis,
513 2197 573 2241 qui
599 2197 656 2231 23.
676 2197 812 2242 Aprilis
841 2196 932 2231 1573
959 2196 1095 2230 electus
1122 2198 1199 2229 erat
1225 2194 1415 2239 generalis,
1446 2194 1559 2227 Roma
1588 2194 1640 2228 15.
1660 2192 1740 2227 Iulii
1771 2192 1860 2227 1573

89 2251 248 2286 Lindano
274 2251 502 2296 *respondit:
545 2250 655 2293 „Quia
681 2262 722 2285 eo
749 2251 784 2284 in
810 2249 887 2284 loco
915 2249 1106 2284 Societatis
1131 2251 1275 2283 nostrae
1301 2259 1359 2282 res
1384 2247 1477 2281 sitae
1503 2249 1596 2287 sunt,
1628 2249 1667 2280 ut
1691 2246 1749 2280 uel
1776 2246 1859 2280 iam-

89 2305 147 2340 diu
167 2305 334 2340 admissis
353 2304 524 2350 CollegijS
551 2304 687 2338 auxilia
704 2304 881 2338 mittenda
899 2303 982 2344 sint,
1010 2303 1170 2347 fidesque
1189 2301 1395 2336 fundatorib
1415 2318 1422 2326 ·
1442 2300 1618 2346 promissa
1645 2300 1859 2345 praestanda

90 2361 154 2401 est,
189 2359 247 2393 uel
273 2359 341 2404 ipsi
368 2370 457 2403 quos
483 2358 606 2403 petitis
632 2357 762 2392 Patres
790 2357 966 2399 Canisius,
992 2356 1245 2396 Theodericus,
1272 2357 1307 2389 et
1333 2354 1392 2399 alij
1420 2365 1520 2388 suam
1549 2365 1690 2399 operam
1719 2353 1800 2398 alijs
1827 2354 1860 2387 in

88 2411 177 2447 locis
211 2412 517 2458 pernecessariam
553 2413 706 2453 nauant,
741 2423 810 2445 non
848 2422 1004 2456 possum,
1041 2410 1097 2444 his
1135 2409 1349 2454 praesertim
1388 2407 1502 2452 initijs
1541 2407 1862 2442 administrationis

90 2477 201 2508 meae,
228 2466 263 2500 in
290 2477 361 2510 qua
386 2465 500 2500 multa
526 2467 744 2500 concurrunt
769 2465 938 2509 undique,
974 2463 1061 2498 certi
1089 2462 1221 2507 aliquid
1249 2465 1420 2497 statuere.
1472 2462 1605 2505 Jtaque
1641 2460 1744 2506 cupio
1775 2460 1861 2494 mihi

91 2519 167 2554 dari
193 2520 356 2565 tempus“
386 2520 431 2554 ad
465 2531 540 2554 rem
567 2530 647 2553 cum
683 2518 964 2564 provincialibus
991 2517 1104 2551 Rheni
1133 2520 1168 2551 et
1194 2516 1383 2550 Flandriae
1418 2514 1704 2555 delibe1·andam;
1741 2516 1863 2559 sperat

92 2575 212 2608 tamen
238 2573 496 2615 Mercurianus,
532 2584 571 2607 se
607 2572 729 2616 aliqua
763 2571 890 2606 saltem
928 2581 974 2605 ex
1010 2573 1111 2616 parte
1141 2569 1370 2611 „iustissimis
1406 2568 1612 2614 desiderijs“
1642 2567 1792 2602 Lindani
1829 2572 1863 2601 et

97 2626 343 2669 „Venerabilis
369 2626 466 2660 illius
485 2625 660 2671 Capituli“
692 2625 839 2669 obsequi
865 2635 970 2670 posse
991 2624 1052 2667 (ex
1071 2634 1193 2668 apogr.
1214 2622 1324 2657 eiusd.
1342 2625 1463 2667 temp„
1491 2621 1610 2657 Germ.
1631 2622 1697 2656 109
1725 2621 1748 2655 f.
1764 2621 1862 2663 1175»

95 2723 249 2761 1839.
356 2725 573 2761 CANISIUS
612 2727 649 2760 et
687 2725 726 2760 P.
761 2723 970 2759 IOANNES
1007 2722 1216 2758 RETHIUS
1251 2722 1285 2757 S.
1315 2722 1348 2757 J.
1383 2720 1445 2757 P.
1479 2717 1862 2756 HERMAXXO

278 2777 615 2814 THYRAEG
631 2778 837 2824 provinciae
852 2778 886 2813 S.
903 2778 935 2813 J.
951 2777 1131 2812 rhenanae
1150 2776 1353 2822 praeposito
1367 2777 1402 2809 et
1416 2773 1476 2811 P.
1489 2772 1765 2809 LEONAR
1775 2771 1862 2808 110

286 2831 556 2868 KESSEL
585 2831 638 2867 S.
667 2831 721 2867 J.
749 2831 893 2875 collegii
921 2829 1134 2865 coloniensis
1161 2830 1300 2864 rectori.

1284 2889 1397 2923 Roma
1423 2888 1519 2923 eirca
1544 2888 1578 2922 4.
1598 2886 1686 2921 Maii
1714 2885 1817 2921 1573.

217 2957 273 2992 Ex
298 2956 505 3003 apographo
530 2957 666 2992 Romae
701 2958 784 2990 ante
811 2957 842 2991 d.
871 2957 903 2991 9.
932 2955 1018 2990 Maii
1048 2954 1138 2989 1573
1170 2965 1190 2988 a
1216 2954 1256 2989 P.
1283 2954 1414 2988 Ioanne
1440 2951 1571 2987 Rethio
1598 2951 1634 2986 S.
1659 2951 1692 2986 J.
1719 2951 1864 2995 scripto.

100 3011 183 3046 Cod.
202 3010 314 3046 colon.
338 3010 425 3053 „Un.
445 3011 534 3046 603‘
555 3011 578 3044 f.
598 3009 833 3045 2392—240b.
865 3009 1083 3044 Litterarum
1102 3007 1318 3042 mentionem
1336 3007 1425 3041 fecit
1443 3007 1601 3049 Hansen,
1622 3004 1743 3039 Akten
1761 3005 1828 3038 647
1845 3004 1864 3036 ¹.

218 3082 247 3114 a)
269 3082 398 3107 Scribere
419 3082 543 3107 voluisse
565 3081 699 3106 videtur.-
718 3080 775 3106 PP.

224 3165 233 3184 ¹
261 3163 493 3199 Scribendum
518 3163 606 3198 fuit:
637 3162 952 3206 „Theodorioum“;
980 3160 1040 3205 qui
1062 3163 1141 3195 erat
1158 3162 1275 3194 rector
1294 3158 1435 3204 collegii
1455 3156 1645 3201 dilingani;
1673 3156 1755 3190 vide
1774 3155 1866 3190 Mer-

102 3229 239 3252 curiam
265 3228 488 3262 responsum.
