2062 3443
687 158 800 193 Roma
829 158 882 194 10.
902 157 1022 192 Martii
1053 157 1154 192 1576.
1724 159 1807 199 321

37 280 239 335 remedijs
271 280 632 323 instaurentur&
681 278 818 320 Tuum
843 276 926 319 erit
958 289 1035 317 nos
1067 274 1302 317 identidem
1337 275 1543 317 adiuuare
1566 288 1648 317 non
1672 275 1809 316 solum

37 345 226 389 sanctisb
259 345 458 399 precibus
491 358 541 386 ac
574 343 798 397 sacrificijs
831 342 930 392 tuis,
964 341 1040 382 sed
1074 340 1204 383 etiam
1239 343 1446 382 consueta
1469 339 1681 393 scribendj
1717 340 1811 381 dili-

39 411 209 465 gentiac
242 424 292 452 ac
324 410 408 452 fide
440 410 475 451 si
510 409 610 462 quid
634 408 804 451 accidet
827 406 939 460 quod
963 405 1086 447 nobis
1108 404 1437 458 significandum
1461 405 1650 459 putaris‘¹
1671 427 1679 435 ·
1699 406 1812 458 quod

39 481 185 520 tamen
219 477 297 518 fiat
329 475 421 517 sine
454 475 541 516 vllo
565 473 759 516 Marialis
792 471 947 527 operis,
982 473 1059 513 aut
1085 470 1266 512 aliorum
1290 470 1529 512 studiorum
1553 473 1725 513 tuorum
1748 471 1813 512 in-

39 541 277 591 commodo,
297 541 338 582 in
359 540 512 593 quibus
531 538 861 593 prosequendis⁰
879 536 1073 590 cupimus
1092 538 1288 589 optatum
1309 535 1385 577 tibi
1405 535 1542 577 ocium
1563 539 1606 577 et
1625 536 1813 588 quietem

41 620 169 660 quam
204 605 546 648 cumulatissime
579 602 859 657 contingeres.
906 602 1132 644 Hactenus
1164 600 1294 642 habui
1326 601 1438 653 quod
1468 600 1701 643 scriberem
1734 601 1814 643 hoc

38 675 234 726 tempore
267 670 348 712 nisi
381 670 494 723 quod
526 669 605 712 tibi
639 683 690 711 ac
722 667 886 722 coeptis
919 666 1005 709 tuis
1038 669 1185 720 optem
1218 666 1362 708 omnia
1400 665 1585 708 foelicia.
1650 666 1814 708 Romae

43 738 109 779 10.
133 736 278 791 Martij
315 737 458 778 .1576.

158 815 408 850 Mercurianus
443 826 481 850 se
518 815 652 849 Canisii
688 814 821 848 litteris
856 813 1051 847 adductum
1084 823 1164 846 esse
1200 812 1261 854 ait,
1297 814 1336 846 ut
1367 813 1597 856 „opportunis
1623 813 1811 847 remediis“

39 870 253 915 quibusdam
290 872 464 904 uteretur.
525 869 624 903 Haec
664 868 780 911 magis
815 866 1042 912 explicantur
1077 865 1238 900 *litteris
1274 866 1398 899 eodem
1435 866 1490 899 die
1527 877 1547 900 a
1583 866 1815 899 Μενοιινίαηο

40 924 86 958 ad
119 923 307 958 Hoffaeum
334 921 591 968 provincialem
620 922 733 962 datis;
771 920 823 954 sic
853 920 946 954 (nim
974 920 1005 954 ei
1031 919 1176 954 scribit:
1219 919 1369 962 „Rerum
1398 919 1653 953 Bauaricarum
1680 922 1817 953 nostra-

40 988 120 1012 rum
147 989 187 1011 co
213 976 395 1010 meliorem
417 975 554 1009 exitum
582 977 827 1019 expectamus,
854 985 922 1018 quo
949 985 976 1008 r.
997 976 1021 1007 t.
1041 972 1277 1016 intelligimus
1304 984 1366 1006 eas
1385 972 1594 1015 diligentius
1613 984 1815 1017 procurare,

41 1030 198 1065 maxime
235 1029 267 1065 si
302 1041 447 1074 operam
483 1029 623 1062 dederit
658 1031 699 1062 vt
725 1028 949 1074 optimatum,
985 1029 1021 1061 et
1049 1027 1082 1060 in
1119 1026 1244 1070 primis
1270 1026 1311 1060 D.
1332 1025 1572 1071 Cancellarij²
1599 1026 1755 1070 gratiam
1781 1029 1818 1060 et

40 1083 327 1118 beneuolentiam
354 1083 457 1117 nobis
493 1082 671 1125 integram
699 1083 900 1116 conseruet.
952 1080 1068 1115 Audio
1104 1079 1292 1114 Rectorem
1322 1079 1638 1123 Oenipontanum³
1674 1091 1714 1114 eo
1741 1079 1817 1113 loco

41 1137 246 1172 necessario
272 1136 487 1170 mouendum
525 1147 614 1176 esse,
651 1139 728 1169 tum
764 1135 857 1179 quod
893 1134 929 1168 in
956 1134 1131 1168 cortesiae
1157 1133 1398 1178 suspicionem
1435 1133 1579 1168 venisse
1616 1133 1817 1173 videatur⁴,

41 1195 119 1226 tum
146 1191 253 1224 etiam
281 1190 373 1234 quod
401 1201 470 1224 non
497 1189 726 1223 existimetur
752 1200 830 1222 cum
860 1188 1045 1233 principe5
1071 1186 1296 1232 reconciliarj
1332 1198 1539 1232 posse-quo
1566 1187 1682 1230 magis
1710 1187 1819 1221 miror

42 1256 85 1279 ea
117 1244 160 1279 de
186 1256 225 1278 re
250 1243 339 1278 nihil
365 1243 483 1278 adhuc
510 1255 530 1277 a
556 1255 583 1277 r.
602 1245 628 1277 t.
648 1254 727 1277 esse
762 1242 948 1286 scriptum.
1001 1240 1118 1283 Quare
1151 1241 1259 1274 velim
1288 1242 1328 1274 vt
1363 1241 1526 1285 proximo
1554 1252 1695 1284 quoque
1731 1243 1818 1274 tem-

42 1309 128 1343 pore
153 1297 323 1342 quicquid
349 1297 417 1331 hac
443 1298 477 1330 in
504 1299 608 1341 parte
643 1297 866 1340 compertum
898 1294 1066 1329 habuerit
1101 1294 1293 1337 diligenter
1319 1295 1529 1339 perscribat,
1565 1296 1601 1328 et
1635 1295 1665 1328 si
1700 1296 1819 1329 rector

43 1352 120 1386 loco
158 1351 355 1385 mouendus
390 1349 571 1384 videbitur
607 1361 712 1394 quem
748 1349 914 1383 idoneum
950 1350 1054 1394 putet
1087 1349 1244 1382 maxime
1280 1348 1340 1392 qui
1377 1348 1453 1382 eius
1489 1347 1564 1382 loco
1591 1347 1815 1382 sufficiatur⁴‘

46 1407 108 1448 (ex
133 1406 343 1445 comment.;
371 1403 413 1439 G.
442 1403 563 1449 Sup.1
593 1404 618 1438 f.
643 1403 734 1446 38b).
789 1404 963 1446 Hoffaens
997 1402 1143 1436 tandem
1181 1401 1238 1444 (ut
1264 1401 1356 1436 hanc
1392 1413 1538 1436 causam
1574 1401 1734 1436 breviter
1760 1401 1819 1436 ab·

43 1458 200 1502 solvam)
228 1458 274 1492 ad
301 1457 568 1492 Mercurianum
605 1456 826 1500 Ingolstadio
853 1457 910 1490 24.
930 1455 1098 1490 Octobris
1128 1456 1218 1490 1576
1244 1455 1333 1490 haec
1359 1454 1548 1490 *rettulitz
1591 1455 1651 1498 „R
1680 1455 1821 1490 Raben-

43 1512 138 1547 stein
165 1515 221 1546 est
246 1511 453 1546 Vicerector
479 1510 772 1555 Oenipontanus:
801 1510 839 1544 Ρ.
860 1509 1097 1544 Wendelinus
1122 1521 1208 1543 vero
1243 1508 1461 1543 Procurator
1495 1509 1819 1552 Jngolstadiensis:

44 1567 125 1601 visa
151 1568 207 1601 est
232 1564 427 1600 Archiduci
454 1564 544 1599 haec
570 1565 723 1598 mutatio
750 1564 841 1598 satis
868 1563 1022 1607 placere,
1060 1565 1096 1597 et
1121 1563 1191 1597 iam
1219 1563 1323 1606 signa
1349 1562 1488 1607 aliquot
1513 1563 1648 1597 aedidit
1674 1562 1820 1597 maioris

45 1619 329 1655 beneuolentiae.
381 1619 420 1653 P.
440 1618 659 1653 Rabenstein
698 1620 796 1653 esset
831 1618 1096 1652 confirmandus
1122 1617 1583 1660 Rector·Jngolstadiense
1620 1615 1820 1660 Collegium

45 1672 155 1708 habet
180 1671 445 1707 Vicerectorem
476 1672 512 1706 P.
537 1672 713 1706 Joannem
740 1670 940 1706 Rastellum
961 1670 1138 1714 Anglum“
1172 1670 1234 1713 (ex
1260 1673 1422 1714 autogr.;
1451 1669 1572 1705 Germ.
1594 1670 1658 1704 137
1687 1670 1710 1704 f.
1731 1670 1820 1714 90⁸).

45 1727 100 1761 Ad
127 1726 216 1761 haec
242 1727 500 1761 Mercurz'anus
526 1724 639 1759 Roma
666 1726 698 1760 5.
718 1724 926 1759 Decembris
954 1725 1045 1759 1576
1075 1723 1309 1768 *rescripsit:
1338 1724 1378 1758 P.
1396 1724 1565 1758 Ioannem
1601 1723 1820 1768 Rabenstein

45 1792 67 1814 a
92 1791 132 1815 se
161 1791 245 1825 „per
270 1783 436 1825 patentes
462 1779 608 1813 literas“
639 1780 875 1813 constitutum
908 1789 987 1813 esse
1014 1780 1190 1812 rectorem
1217 1778 1494 1822 oenipontanum
1524 1778 1584 1820 (ex
1612 1779 1819 1818 comment.;

46 1833 198 1868 Rh.1nf.
227 1835 255 1875 1,
292 1833 323 1867 ll
359 1833 471 1877 f.1¹‘).
524 1832 700 1877 Prospere
732 1832 821 1866 haec
856 1834 1120 1866 successerunt.
1171 1831 1230 1865 Sic
1262 1832 1356 1865 enim
1384 1831 1608 1865 Mercuriano
1645 1831 1824 1875 *scripsit

46 1886 246 1932 Oeniponte
274 1887 304 1922 5.
325 1886 481 1921 Ianuarii
518 1886 606 1920 1577
636 1885 676 1919 P.
699 1887 873 1929 Georyius
902 1887 1069 1930 Crispus:
1106 1885 1146 1920 Ρ.
1166 1884 1341 1919 Volckius
1376 1888 1494 1919 rector
1532 1884 1587 1927 „in
1622 1884 1822 1919 nobilitatis

45 1941 184 1975 animos
211 1942 356 1984 egregie
391 1951 430 1974 se
456 1951 496 1974 se
521 1939 780 1980 insinuauerat‚
808 1941 844 1973 et
869 1939 1070 1984 plusculum
1108 1938 1275 1973 fortassis
1301 1949 1408 1982 quam
1445 1937 1596 1982 collegio
1622 1938 1710 1972 utile
1745 1940 1824 1972 erat

46 1994 82 2028 in
108 1994 152 2028 iis
179 1994 246 2028 sibi
275 1993 521 2028 deuinciendis
547 1992 833 2033 desudauerat“;
871 1993 948 2026 ideo
975 1993 1052 2027 eius
1079 1993 1241 2027 discessu
1273 1992 1483 2033 „doluerunt
1509 1991 1671 2036 plurimi,
1707 2003 1823 2036 neque

46 2051 167 2082 tamen
194 2047 296 2082 nobis
323 2047 416 2081 iuste
443 2058 658 2081 succensere
684 2049 888 2091 potuerunt,
916 2046 1009 2090 quod
1037 2057 1098 2080 eos
1123 2045 1253 2090 quibus
1279 2048 1315 2079 et
1341 2056 1449 2089 quam
1468 2045 1674 2089 potentibus
1698 2046 1824 2080 ceden-

46 2101 130 2136 dum
164 2104 244 2136 erat
280 2101 426 2135 minime
462 2100 610 2135 latebat.
662 2100 710 2134 Et
742 2100 863 2134 nescio
898 2111 986 2134 sane
1021 2111 1126 2144 quem
1162 2110 1232 2133 non
1270 2098 1395 2143 optimi
1422 2098 1585 2133 Rectoris
1620 2098 1824 2133 innocentia

46 2155 151 2198 graui
189 2155 413 2200 suspicione,
452 2154 551 2188 nulla
589 2165 655 2188 sua
681 2153 805 2199 culpa,
845 2158 1012 2194 onerata,
1051 2156 1087 2188 et
1125 2153 1251 2187 cedere
1289 2156 1412 2186 coacta
1451 2164 1521 2186 non
1559 2153 1824 2187 commonisset.

48 2209 185 2243 laetato
221 2221 239 2243 e
274 2208 357 2242 naui
392 2208 477 2242 lona
512 2219 610 2242 mare
646 2208 900 2252 conquiescere
937 2208 1053 2252 coepit
1066 2208 1088 2249 ς,
1122 2207 1328 2252 potiturque
1363 2205 1555 2249 collegium
1591 2205 1657 2240 hoe
1693 2206 1824 2240 abillo

48 2266 209 2307 tempore
235 2261 411 2306 singulari
431 2262 562 2306 quiete,
590 2261 763 2296 beneuolo
783 2261 949 2306 Principe
968 2265 1003 2295 et
1030 2273 1098 2295 non
1126 2271 1253 2294 auersa
1278 2259 1501 2294 nobilitate“.
1534 2260 1579 2294 Et
1597 2259 1825 2304 *Oeniponte

49 2316 81 2350 7.
101 2316 258 2350 Ianuarii
297 2316 385 2350 1577
415 2316 453 2350 Ρ.
478 2317 690 2349 Gm'lielmus
726 2316 902 2349 Elderen:
941 2314 1051 2357 „Tota
1086 2314 1255 2348 nobilitas
1290 2314 1481 2358 praecipue
1517 2313 1657 2358 Dominj
1693 2313 1737 2347 de
1771 2325 1824 2347 re-

48 2369 181 2413 gimine
207 2369 312 2404 ualde
337 2370 439 2404 nobis
466 2370 599 2411 fauent,
634 2369 719 2413 quin
747 2370 855 2403 etiam
883 2368 1121 2403 conscientias
1149 2379 1235 2401 suas
1261 2367 1363 2401 nobis
1391 2367 1551 2401 credunt.
1603 2367 1707 2401 Jnter
1735 2378 1824 2411 quos

48 2425 134 2457 sunt
167 2424 275 2457 etiam
312 2423 380 2458 duo
417 2423 631 2469 Cancellarij
668 2423 783 2457 Aulae
818 2425 855 2457 et
890 2422 1092 2457 Comitatus
1126 2421 1372 2466 Ty1·0lensis⁷,
1409 2423 1445 2454 et
1480 2421 1684 2465 praefectus
1719 2420 1826 2455 huius

49 2476 116 2511 loci
144 2488 224 2511 cum
252 2477 411 2522 ipsorum
439 2477 670 2521 coniugibus“
703 2477 765 2520 (ex
791 2475 1048 2521 autographis;
1084 2474 1204 2509 Germ.
1227 2474 1293 2509 138
1320 2474 1344 2509 f.
1367 2475 1449 2509 166³
1479 2474 1595 2517 167³).
1646 2473 1685 2508 P.
1714 2473 1825 2508 Theo—

49 2530 168 2564 dorico
197 2530 340 2565 Canisio
367 2530 402 2565 S.
422 2530 455 2565 J.
484 2531 614 2565 rectori
641 2530 826 2574 dilingano
853 2529 966 2564 Roma
995 2530 1049 2564 16.
1068 2529 1190 2563 Martii
1219 2528 1309 2562 1576
1340 2529 1594 2562 merem-ianus
1628 2526 1825 2572 *scripsit:

55 2584 126 2626 „De
161 2586 266 2629 pacto
299 2584 476 2630 pendendi
512 2585 670 2629 quinque
705 2596 768 2629 pro
803 2587 947 2618 centum
1077 2582 1264 2617 consultus
1290 2592 1310 2615 a
1345 2593 1402 2615 me
1439 2581 1607 2615 Pontifex
1642 2581 1827 2626 respondit

50 2637 147 2672 nolle
172 2649 211 2672 se
237 2641 279 2672 vt
304 2637 539 2672 absoluantur
564 2650 585 2672 a
611 2639 745 2672 nostris
781 2638 840 2681 qui
868 2638 921 2671 sic
946 2636 1202 2681 paciscuntur·
1219 2635 1272 2669 sic
1307 2637 1429 2668 tamen
1456 2638 1497 2668 vt
1522 2635 1565 2668 de
1591 2634 1657 2669 hoc
1695 2646 1827 2678 genere

50 2690 141 2725 nihil
176 2691 295 2736 palam
331 2691 483 2725 doceant
519 2691 705 2736 disputent
740 2693 804 2725 aut
830 2690 1095 2724 concionentur.
1148 2688 1247 2730 Quod
1275 2700 1354 2722 cum
1383 2688 1433 2722 ita
1468 2689 1516 2722 sit
1551 2688 1661 2722 velim
1688 2700 1714 2723 r.
1735 2692 1759 2722 t.
1779 2688 1828 2722 sit

51 2744 143 2779 bono
177 2745 296 2779 animo
330 2756 447 2789 neque
483 2744 669 2779 existimet
705 2744 823 2778 leuem
859 2755 938 2777 eam
973 2742 1230 2777 consolationis
1265 2741 1456 2776 materiam
1493 2742 1586 2786 quod
1622 2744 1827 2776 nostrorum

171 2826 199 2857 a)
221 2826 359 2858 Sequitur
379 2825 458 2851 Tuae
479 2826 519 2856 et,
539 2826 629 2851 oblite.
722 2825 751 2857 b)
774 2826 834 2850 Hoc
855 2834 878 2850 r.
898 2833 990 2857 supra
1012 2832 1126 2850 versum
1153 2824 1297 2856 scriptum
1317 2827 1369 2848 est.
1461 2825 1488 2855 0)
1509 2824 1574 2848 Duo
1595 2832 1636 2849 rr.
1655 2831 1714 2855 sqq.
1734 2830 1827 2854 supra

53 2875 169 2892 versum
187 2868 300 2899 scripta
320 2870 398 2892 sunt.
474 2865 504 2898 d)
527 2867 668 2899 Sequitur
688 2866 755 2892 Fiet
776 2868 818 2892 tel
838 2867 935 2892 simile
957 2876 990 2897 ¹·.‚
1011 2867 1101 2891 olalt'tt.
1184 2866 1212 2897 e)
1234 2866 1374 2897 Sequitur
1393 2864 1545 2897 optamus,
1566 2865 1657 2889 oblitt.
1731 2863 1754 2896 f)
1776 2865 1824 2889 Se-

52 2909 155 2940 quitur
173 2907 285 2942 quue,
305 2910 397 2934 oblitt.

178 3005 188 3024 ¹
214 3004 317 3044 Vide,
345 3015 436 3049 quae
461 3003 529 3039 sub
554 3003 654 3048 ipsas
680 3003 747 3038 has
772 3002 917 3037 litteras
936 3002 1110 3037 dicentur.
1259 3001 1272 3021 ²
1298 3000 1549 3046 christophori
1568 2999 1828 3035 Elsenheimer.

176 3057 189 3130 Ξ
214 3056 261 3144 gf
273 3056 684 3145 xznqeliffmlgssff’
831 3057 843 3076 ⁴
870 3055 961 3090 Vide
990 3066 1099 3100 supra
1125 3066 1159 3100 p.
1179 3054 1260 3089 316.
1407 3055 1420 3074 ⁵
1445 3053 1671 3088 Ferdinando
1698 3053 1743 3087 11.

176 3163 189 3184 ⁷
215 3163 367 3198 Ioannes
395 3163 596 3207 Wellinger
622 3162 709 3197 baro
737 3163 780 3197 de
807 3161 1036 3205 Schneeberg
1063 3163 1099 3196 et
1125 3159 1406 3205 Christophorus
1432 3159 1614 3195 Klockler.

128 3225 446 3260 Braunsberger.
468 3226 580 3253 Canisii
601 3226 758 3260 Epistulae
779 3226 810 3253 et
830 3226 916 3254 Aeta.
943 3226 1006 3252 VII.
1497 3219 1540 3254 21
