2062 3443
257 165 359 201 1940.
382 165 553 200 ‘canisius
578 164 764 199 Everardo
790 164 1028 199 Mercuriano.
1067 162 1268 208 Oeniponte
1295 164 1327 198 2.
1348 164 1451 198 Febr.
1482 164 1582 198 1576.
1722 167 1806 207 313

32 283 145 326 cium
177 283 354 334 faciant,
389 282 755 325 Reuerendissimi
777 281 949 323 Domini
979 281 1227 323 Praesulis¹
1263 281 1504 323 calcaribus
1537 281 1805 324 extimulati:

32 348 185 390 deinde
226 347 262 389 si
295 347 600 390 processiones
641 361 736 389 cum
780 347 852 401 pia
893 346 1114 399 grauitate
1156 347 1201 388 et
1241 346 1448 400 singulari
1493 347 1677 399 quadam
1711 346 1807 388 dili-

33 412 195 467 gentia,
240 414 285 455 et
326 426 410 454 non
453 425 508 454 ex
549 412 690 454 veteri
733 411 1042 453 consuetudine
1079 410 1378 454 instituantur.
1434 411 1517 453 Vbi
1549 411 1808 453 Sacerdotes

32 477 228 532 inprimis
260 477 500 531 aduigilare
531 490 709 519 necesse
742 478 822 527 est,
856 476 928 529 qui
961 478 1005 517 et
1036 475 1118 530 ipsi
1150 475 1342 519 ieiunent
1374 479 1418 518 et
1450 476 1649 530 exemplo
1682 489 1809 530 prae—

32 545 136 585 eant
168 545 365 585 coeteros
378 543 407 593 2,
450 541 650 595 idemque
681 542 725 583 in
757 541 1034 593 monasteriis
1067 544 1270 583 accurate
1309 541 1400 582 fieri
1434 541 1572 591 decet,
1616 555 1669 583 ne
1702 541 1808 583 alio-

32 607 147 661 quin,
182 607 253 661 qui
285 607 378 649 lux
411 607 636 657 mundiss,
680 610 724 649 et
756 606 839 648 sal
871 607 1090 648 terrae*t
1122 609 1348 656 vocantur,
1391 607 1434 648 in
1466 621 1513 648 re
1545 609 1634 648 tam
1669 620 1807 656 sacra,

32 675 77 715 et
117 672 232 714 seria
272 672 421 714 ludere
453 672 699 722 videantur,
743 674 786 713 et
818 671 940 713 laicis
972 671 1071 713 inde
1105 674 1277 713 creetur
1309 671 1478 714 occasio
1510 671 1810 725 Indulgentias

31 737 124 780 fere
157 737 434 792 despiciendi,
477 740 554 779 aut
586 739 706 779 certe
738 736 1000 789 negligendi,
1045 736 1108 778 vti
1146 736 1308 790 passim
1340 737 1434 778 fieri
1466 737 1578 779 solet
1609 737 1652 778 in
1684 736 1809 791 pagis

35 815 86 844 ac
119 802 299 857 oppidis.

1353 867 1444 909 Pet.
1480 866 1688 909 Canisius.

165 960 220 994 Ex
235 960 323 1005 ipsis
334 960 433 995 hisce
446 960 578 995 litteris
592 959 785 1004 colligitur,
802 959 984 994 Canisium
998 959 1225 1002 magistratui
1240 960 1346 994 alicui
1359 959 1616 1001 ecclesiastico,
1631 971 1700 994 non
1713 959 1810 994 civili

33 1014 235 1059 scripsisse,
254 1014 361 1058 idque
379 1016 461 1059 post
479 1025 510 1049 a.
531 1013 634 1053 1574;
663 1025 745 1047 nam
765 1013 808 1047 ad
828 1013 938 1047 libros
956 1024 987 1047 a.
1011 1014 1100 1047 1575
1121 1015 1156 1046 et
1177 1014 1267 1048 1576
1287 1014 1441 1058 primum
1462 1014 1496 1047 in
1523 1013 1637 1048 lucem
1659 1013 1810 1047 emissos

34 1078 114 1101 eum
141 1067 306 1102 remittit.
342 1067 526 1101 Librarius
552 1070 671 1101 autem
700 1067 870 1110 antiquus
896 1066 1047 1107 notavit,
1075 1078 1154 1100 eum
1174 1066 1376 1111 Oeniponte
1398 1068 1505 1111 (quae
1523 1067 1609 1101 urbs
1636 1069 1691 1101 est
1717 1067 1810 1101 dioe-

34 1120 128 1155 cesis
153 1120 389 1165 brixinensis)
417 1121 628 1165 scripsisse:
655 1121 715 1155 ubi
742 1131 762 1154 a
783 1120 882 1154 lunio
911 1120 998 1154 1571
1029 1120 1072 1154 ad
1100 1120 1238 1153 Iunium
1269 1121 1358 1154 1576
1386 1120 1421 1154 in
1448 1120 1639 1154 Societatis
1658 1120 1810 1163 collegio

33 1174 156 1208 sedem
175 1173 332 1209 habebat
351 1175 412 1218 (cf.
436 1177 522 1210 Can.
542 1174 680 1208 V1623
706 1177 741 1208 et
765 1174 858 1208 infra
885 1185 939 1218 ep.
962 1174 1089 1217 1952):
1118 1185 1335 1218 quamquam
1364 1174 1444 1208 aliis
1471 1186 1612 1218 quoque
1638 1174 1742 1208 annis
1767 1174 1811 1208 ad

33 1229 177 1272 tempus
203 1227 345 1271 aliquod
373 1226 610 1272 Oenipontem
636 1220 815 1261 veniebat.
860 1227 944 1261 Ideo
970 1227 1022 1261 sic
1049 1239 1198 1261 censeo:
1226 1226 1392 1261 Canisius
1418 1239 1481 1272 per
1508 1228 1572 1261 has
1600 1227 1742 1261 litteras
1768 1227 1810 1261 dc

34 1281 199 1321 iubilan,
230 1281 322 1325 quod
350 1292 380 1315 a.
403 1282 492 1315 1575
520 1280 654 1314 Romae
681 1280 933 1315 celebrabatur
961 1281 1011 1323 (v.
1031 1292 1141 1325 supra
1168 1292 1201 1325 p.
1221 1281 1344 1324 231³),
1381 1292 1472 1314 anno
1500 1284 1620 1314 autem
1649 1282 1739 1315 1576
1766 1292 1809 1315 ex

35 1334 291 1368 consuetudine
317 1347 382 1379 per
406 1334 653 1369 Alexandrum
680 1333 742 1368 VI.
761 1334 907 1368 inducta
940 1335 975 1368 in
1003 1334 1083 1368 aliis
1110 1334 1206 1368 orbis
1232 1336 1411 1368 terrarum
1438 1334 1602 1379 partibus
1629 1334 1809 1377 agendum

35 1388 113 1422 sive
148 1388 438 1432 consequendum
465 1389 565 1422 erat⁵
594 1388 653 1431 (cf.
675 1389 1023 1431 Bere'nyer-Hilyers,
1059 1388 1124 1422 Die
1151 1387 1304 1422 Ablasse
1332 1388 1385 1421 1¹⁴
1413 1388 1632 1431 575—576),
1670 1388 1808 1422 Adamo

35 1441 79 1476 ab
105 1441 178 1476 Arz
204 1441 342 1491 vicario
378 1442 539 1486 generali
573 1441 782 1483 brixinensi,
817 1442 861 1476 ab
888 1454 928 1476 eo
956 1442 1151 1483 consultus,
1186 1442 1375 1485 respondit
1400 1442 1466 1476 sub
1500 1442 1638 1476 exitum
1664 1453 1696 1476 a.
1718 1441 1809 1476 1575

34 1495 93 1529 vel
120 1495 261 1530 initium
288 1507 319 1530 a.
342 1495 442 1530 1576.

36 1605 191 1643 1940.
276 1606 494 1642 CANISIUS
521 1605 904 1642 EVERARDO
933 1605 1391 1642 MERCURIANO
1420 1608 1626 1652 praeposito
1652 1607 1812 1651 generali

228 1666 419 1702 Societatis
445 1667 539 1701 Iesu.
1139 1666 1340 1712 Oeniponte
1367 1667 1399 1701 2.
1419 1667 1606 1702 Februarii
1634 1669 1726 1703 1576
1740 1669 1764 1703 ⁶.

156 1737 211 1772 Ex
237 1737 462 1783 autographo
491 1737 569 1781 (20;
597 1737 618 1771 2
637 1749 712 1783 pp.;
739 1737 775 1771 in
793 1749 826 1782 p.
845 1738 868 1772 4
894 1737 1002 1772 inser.
1021 1749 1129 1772 manu
1155 1739 1280 1781 ignota
1306 1739 1424 1783 posita
1450 1740 1487 1773 et
1512 1738 1686 1783 reliquiae
1713 1738 1812 1782 sign).

37 1790 158 1826 Germ.
180 1791 247 1826 183
273 1791 298 1826 f.
314 1792 550 1826 2532—25411

159 1864 228 1905 Qui
256 1875 423 1906 proceres
450 1864 564 1897 Sociis
597 1864 750 1907 saa-eant,
787 1865 849 1907 qui
880 1864 1122 1898 adversentur.
1174 1864 1366 1906 Hoffaeum
1397 1865 1656 1908 provincialem
1692 1869 1721 1897 et
1746 1865 1814 1897 sibi

35 1916 107 1959 ipsi
132 1921 162 1950 et
188 1918 335 1961 reliquis
369 1918 578 1961 rigidiorem
613 1928 692 1951 esse.
745 1917 831 1959 5⁰,s0.
881 1918 1063 1950 Rectorem
1099 1919 1377 1960 oenipontamcm
1414 1919 1488 1951 loeo
1524 1920 1655 1952 moveri
1681 1918 1812 1951 debere.

35 1970 75 2004 P.
101 1970 256 2004 Toletum
276 1974 428 2014 propter
453 1971 601 2004 Ernesti
623 1972 803 2014 principis
828 1971 973 2012 facinus
997 1971 1089 2004 male
1115 1972 1254 2005 crudire.

159 2129 169 2150 ¹
195 2129 340 2163 loannis
366 2128 523 2163 Thomae
551 2140 571 2162 a
598 2128 714 2173 Spaur
740 2129 959 2163 coadiutoris
984 2128 1223 2170 brixinensis;
1251 2141 1286 2164 v.
1306 2141 1415 2174 supra
1442 2141 1476 2174 p.
1494 2129 1538 2163 21
1566 2129 1622 2164 98.

156 2189 170 2210 ²
195 2189 248 2223 De
282 2188 436 2230 ieiuniis,
471 2188 773 2233 processionibus,
808 2188 958 2233 reliquis
992 2189 1062 2234 piis
1097 2189 1275 2234 operibus,
1313 2200 1405 2232 quae
1441 2189 1629 2232 pontifices
1666 2189 1718 2230 iis,
1753 2190 1815 2234 qui

37 2242 186 2278 iubilaei
211 2243 349 2286 gratias
376 2243 547 2286 consequi
575 2242 723 2283 vellent,
750 2242 998 2287 praescribere
1016 2242 1193 2284 solebant,
1220 2254 1255 2276 v.
1278 2244 1367 2277 Can.
1386 2243 1419 2277 V
1438 2242 1526 2283 722;
1553 2242 1603 2276 VI
1625 2242 1692 2277 128
1710 2243 1779 2278 490
1792 2251 1815 2278 0.

158 2303 171 2323 ³
197 2302 252 2336 Mt
277 2303 310 2343 5,
340 2302 393 2337 14.
541 2303 554 2323 4
580 2302 635 2336 Mt
661 2303 694 2344 5,
723 2302 779 2338 13.

159 2362 173 2382 ⁵
198 2362 253 2396 Ita
279 2361 431 2396 Bavaris
450 2361 589 2396 Alberti
609 2362 652 2396 V.
672 2364 709 2396 et
727 2362 871 2396 Ernesti
897 2362 963 2396 filii
991 2362 1068 2396 eius
1094 2364 1224 2406 rogatu
1242 2361 1279 2395 in
1297 2373 1430 2396 annum
1452 2362 1543 2396 1576
1570 2362 1614 2396 ad
1634 2362 1654 2396 3
1673 2373 1816 2397 menses

37 2427 247 2450 concessum
284 2418 340 2450 est
366 2415 603 2458 (Adlzreitter
628 2415 650 2450 l.
680 2428 709 2450 c.
738 2416 796 2450 ΙΙ2
823 2415 1050 2459 280—281);
1086 2416 1129 2449 de
1165 2427 1205 2450 eo
1231 2415 1402 2449 Treveris
1428 2427 1492 2460 per
1518 2416 1538 2449 3
1565 2427 1708 2450 menses
1735 2418 1816 2450 acto

37 2470 198 2511 Hansen,
234 2468 355 2503 Akten
382 2470 469 2510 712;
507 2470 550 2503 de
586 2469 710 2504 eodem
745 2470 782 2504 in
807 2468 916 2504 Tiroli
953 2472 1034 2504 acto
1060 2470 1163 2519 Πῐνηι
1188 2468 1210 2503 l.
1237 2480 1265 2503 c.
1296 2469 1406 2509 175²;
1439 2469 1667 2503 Tinlchauser
1692 2468 1714 2503 l.
1743 2480 1772 2504 c.
1801 2469 1815 2503 Ι

39 2523 107 2557 211
135 2522 216 2557 592.

157 2583 171 2603 ⁶
195 2582 236 2616 In
267 2582 433 2624 „Summa
451 2582 645 2617 Doctrinae
664 2581 893 2617 Christianae
913 2592 920 2616 ε
941 2610 948 2618 .
970 2610 976 2617 .
1005 2583 1161 2617 Auctore
1180 2581 1222 2615 D.
1242 2583 1346 2616 Petro
1377 2583 1524 2616 Canisio
1544 2608 1551 2615 .
1572 2608 1579 2616 .
1600 2609 1606 2616 .
1635 2581 1814 2617 Coloniae.

37 2635 143 2680 Apud
178 2635 383 2670 Maternum
418 2636 619 2671 Cholinum.
655 2635 923 2670 M.D.LXXVI“
964 2638 1111 2670 exstant
1146 2635 1289 2669 litterae
1326 2635 1566 2669 dedicatoriae
1602 2634 1737 2669 Canisii
1772 2635 1817 2670 ad

38 2688 269 2724 Guilielmum
301 2689 376 2733 (V.)
406 2689 582 2724 Bavariae
618 2689 815 2734 principem
856 2689 1043 2732 „Dilingae
1078 2688 1140 2723 VI.
1169 2688 1347 2724 Calendas
1374 2688 1570 2734 Februarij,
1606 2690 1709 2723 Anno
1735 2691 1817 2734 post

39 2742 222 2776 Christum
241 2745 364 2777 natum
401 2742 460 2777 .M.
478 2742 521 2777 D.
542 2742 723 2777 LXXV1.“
747 2743 853 2777 datae
875 2742 914 2785 (f.
937 2743 1181 2786 Assa—Allb).
1226 2742 1324 2783 Quae
1343 2742 1485 2783 iterum,
1512 2742 1636 2776 eodem
1654 2744 1816 2787 tempore

39 2795 207 2840 ascripto,
234 2807 391 2830 excusae
417 2798 502 2830 sunt
526 2796 563 2830 in
593 2796 780 2838 „Summa“
810 2807 840 2830 a.
865 2797 954 2830 1577
983 2795 1150 2830 Coloniae
1186 2795 1280 2840 apud
1317 2796 1467 2829 eundem
1496 2795 1685 2830 Cholinum
1720 2796 1817 2830 edita

41 2849 81 2893 (f.
100 2849 347 2893 Aea—Am).
382 2849 460 2884 Hae
488 2861 573 2884 vero
599 2849 743 2883 litterae
769 2852 854 2884 sunt
873 2850 1019 2884 eaedem
1039 2853 1148 2893 atque
1167 2848 1262 2889 illae,
1290 2849 1420 2893 quibus
1439 2849 1606 2884 Canisius
1624 2849 1816 2884 editionem

42 2903 250 2946 „Summae“
279 2903 315 2937 in
341 2914 446 2938 usum
473 2902 679 2937 scholarum
705 2903 885 2937 Bavariae
910 2903 1077 2947 Dilingae
1105 2914 1136 2938 a.
1157 2903 1246 2938 1571
1285 2902 1420 2937 factam
1447 2902 1638 2938 Guilielmo
1664 2902 1816 2948 principi

39 2955 238 2998 dedicabat,
274 2958 529 3000 praeterquam
556 2956 649 3000 quod
675 2956 732 2991 his
759 2957 941 3001 ascriptus
968 2961 1024 2991 est
1050 2968 1165 2991 annus
1196 2955 1264 2998 „M.
1283 2955 1324 2990 D.
1344 2955 1492 2991 LXXI.'‘
1538 2956 1607 2991 Hic
1633 2958 1754 2990 autem
1781 2956 1817 2990 in

43 3008 112 3051 ,M.
140 3009 183 3044 D.
210 3009 392 3044 LXXVI.“
431 3009 643 3043 immutatus
678 3020 758 3044 esse
793 3009 938 3044 videtur
975 3009 1020 3044 ab
1056 3010 1112 3050 iis,
1148 3010 1208 3054 qui
1245 3008 1413 3043 Coloniae
1449 3021 1581 3044 novam
1608 3009 1708 3043 illam
1744 3009 1817 3043 edi-

38 3061 174 3096 tionem
206 3063 400 3104 curabant,
434 3074 505 3097 non
539 3074 561 3097 a
587 3062 740 3106 Canisio,
776 3063 837 3108 qui
872 3063 928 3098 27.
954 3062 1112 3097 Ianuarii
1141 3063 1231 3097 1576
1259 3061 1459 3107 Oeniponte
1493 3062 1711 3105 morabatur,
1746 3074 1817 3097 non

40 3113 207 3204 gillingge
235 3115 286 3204 ἓξ.
310 3127 420 3161 supra
445 3127 479 3160 p.
498 3115 717 3161 313—316).
768 3116 902 3151 Canisii
935 3116 1094 3158 litterae,
1130 3127 1222 3161 quas
1248 3115 1333 3158 dixi,
1368 3116 1508 3161 positae
1543 3119 1628 3151 sunt
1662 3117 1698 3151 in
1728 3118 1816 3151 Can.

115 3170 137 3204 4
190 3188 231 3193 —
285 3170 316 3204 1.
