2062 3443
481 174 576 208 Mon.
601 173 703 208 1128,
747 173 850 208 Circa
877 173 1067 206 exeuntem
1096 183 1140 205 m.
1163 171 1394 205 Februarium
1424 172 1527 206 1573.
1802 175 1882 216 661

111 303 180 325 non
207 290 368 326 obscuris
385 291 570 335 exemplis,
599 291 632 324 in
652 291 736 324 orbe
756 302 846 324 nouo
867 289 1023 333 alibique
1048 289 1162 332 gestis
1189 301 1329 334 possem
1349 290 1594 323 demonstrare
1610 290 1639 323 ¹:
1667 290 1729 323 sed
1749 290 1887 325 isthaec

112 344 400 379 commemoratio
431 345 610 389 praesenti
638 344 714 378 loco
741 344 880 388 quidem
908 355 975 377 non
1002 344 1218 384 necessaria,
1256 343 1324 376 imo
1351 347 1387 377 et
1413 343 1533 377 odiosa
1560 346 1634 382 est;
1672 343 1817 387 perinde
1845 356 1886 378 ac

111 398 142 433 si
176 399 340 442 nosipsos
376 397 626 432 commendare
663 397 758 431 velle
794 398 1009 431 videremur.
1070 396 1169 430 Haec
1211 408 1294 430 vero
1333 398 1363 431 si
1401 398 1491 431 satis
1529 407 1598 430 non
1634 399 1719 430 sunt
1754 398 1886 431 nostris

111 450 272 491 aemulis,
309 462 353 484 ne
380 451 460 495 plus
486 463 552 494 ego
580 451 751 496 temporis
780 451 813 484 in
840 462 896 484 me
923 449 980 483 vel
1008 449 1224 489 excusando,
1262 450 1319 484 vel
1346 449 1568 484 defendendo
1595 461 1814 489 consumam,
1851 451 1884 484 id

109 503 225 538 solum
261 515 340 537 cum
377 504 498 537 eodem
527 504 750 538 Tertulliano
785 504 828 537 ad
865 506 1067 536 extremum
1094 502 1228 536 dicam:
1267 503 1455 544 ,Cruciate‚
1494 505 1670 547 torquete,
1707 503 1885 544 damnate,

109 556 254 591 atterite
280 568 363 595 nos;
399 557 560 601 probatio
596 560 652 590 est
677 557 770 590 enim
798 555 1021 590 innocentiae
1047 558 1191 589 nostrae
1227 555 1399 599 iniquitas
1427 559 1549 590 vestra
1561 557 1584 591 ².
1636 556 1780 590 Semina
1816 568 1885 590 non

109 609 177 644 nisi
204 612 374 654 corrupta
400 613 436 643 et
463 609 640 644 dissoluta
667 610 878 644 foecundius
903 609 1130 652 surgunt‘⁵“.

230 663 360 697 Eodem
399 675 491 697 anno
533 664 622 698 1573
657 663 788 702 Rabus,
827 663 1040 706 urgentibus
1079 662 1148 696 PP.
1181 662 1288 696 Petro
1329 663 1471 697 Canisio
1511 665 1547 696 et
1585 663 1716 697 Ioanne
1755 662 1885 697 Rethio

111 716 171 758 (cf.
191 728 300 761 supra
326 728 358 761 p.
379 717 478 759 241).
516 717 646 750 Ioanne
667 716 828 761 Egolpho
848 729 868 750 a
888 717 1095 757 Knoringen
1115 715 1284 750 canonico
1306 717 1448 761 (postea
1467 717 1649 761 episcopo)
1671 719 1884 759 augustano,

112 769 374 813 „Frisinganis“
400 769 562 812 (Andrea
582 770 742 804 Fabricio
763 770 810 813 [v.
833 772 918 804 Can.
936 769 983 803 V1
1003 768 1074 813 99],
1101 772 1198 814 put0,
1226 770 1323 812 ctc.)‚
1352 770 1389 803 P.
1412 769 1593 804 Laurentii
1612 770 1704 803 Surii
1725 770 1765 804 O.
1787 770 1883 804 Cart.

107 834 196 868 opus
226 823 298 864 „De
334 823 493 867 probatis
520 824 732 858 Sanctorum
763 823 966 863 Historiis“,
1003 823 1096 867 quod
1123 823 1199 867 ipso
1236 822 1303 856 hoc
1329 835 1421 857 anno
1451 823 1540 857 1573
1571 823 1701 865 „Tomo
1732 825 1879 867 quarto“

108 887 222 921 usque
248 877 293 910 ad
319 877 424 910 finem
452 877 586 911 mensis
614 877 768 920 Augusti
795 877 1008 922 perductum
1034 879 1120 916 erat,
1154 877 1358 919 germanice
1385 877 1598 910 vertendum
1625 878 1803 921 suscepit;
1831 877 1884 911 sic

108 929 201 963 enim
229 931 350 964 Bubus
376 930 410 963 in
438 930 597 964 *litteris
623 930 808 964 Dachovia
837 930 1018 972 (Dachau)
1048 930 1101 965 10.
1121 930 1275 964 Ianuarii
1306 930 1397 964 1573
1424 930 1606 964 Coloniam
1643 931 1685 964 ad
1715 930 1883 964 Rethium

107 983 228 1017 missis
263 984 398 1018 scribit.
453 984 551 1026 „Etsi
588 984 801 1018 immensum
838 984 923 1018 mihi
961 995 1138 1029 proponas
1174 983 1325 1028 pelagus
1363 984 1396 1017 in
1432 984 1668 1018 translatione
1705 984 1883 1018 Mensium

108 1036 338 1071 Surianorum
365 1037 587 1078 sulcandum,
615 1038 707 1081 quod
736 1038 869 1072 inuitus
898 1038 1087 1081 ingredior,
1124 1041 1242 1071 tamen
1271 1049 1351 1071 cum
1378 1040 1432 1071 tot
1458 1037 1602 1071 aliunde
1629 1038 1737 1072 etiam
1765 1037 1800 1071 in
1827 1049 1884 1071 me

107 1090 278 1124 coniectis
304 1091 502 1125 orationum
530 1091 836 1135 monitionumque
862 1091 946 1125 telis
972 1091 1077 1125 facile
1096 1091 1225 1125 obruar
1248 1092 1443 1135 uincarque
1469 1091 1606 1134 gloriae
1626 1091 1689 1125 Dei
1709 1091 1884 1125 inseruire

107 1143 260 1184 decrem‘,
287 1155 329 1178 ac
354 1144 627 1178 translationem
646 1144 837 1188 auspicari.
858 1172 864 1178 .
886 1172 892 1178 .
914 1172 920 1178 .
940 1144 1072 1178 Vincor
1095 1145 1237 1178 omnino
1259 1144 1424 1189 precibus
1443 1144 1642 1184 Rethianis,
1670 1144 1882 1185 Canisianis,

107 1196 374 1240 Knoringianis,
402 1197 629 1241 Frisinganis
656 1202 723 1232 etc.
744 1198 787 1231 ad
815 1198 882 1232 hoc
908 1209 1038 1232 munus
1066 1198 1280 1236 obeundum,
1307 1198 1395 1232 nihil
1423 1198 1557 1242 alioqui
1584 1198 1678 1231 inter
1703 1200 1757 1232 tot
1784 1209 1884 1231 meas

107 1251 360 1295 occupationes
394 1251 524 1295 quibus
551 1251 785 1285 vehementer
820 1251 1000 1286 distrahor
1035 1252 1210 1292 facturus,
1245 1251 1315 1285 nisi
1343 1252 1385 1285 de
1417 1255 1491 1286 tarn
1518 1252 1711 1286 manifesta
1746 1251 1883 1295 gloriae

107 1303 162 1338 dei
181 1315 223 1338 ac
241 1303 425 1338 Ecclesiae
440 1304 647 1339 Catholicae
674 1304 905 1339 emolumenti
925 1305 1083 1339 vtilitate
1109 1317 1130 1339 a
1149 1305 1252 1339 vobis
1279 1305 1413 1350 passim
1440 1305 1618 1339 erudirer“
1640 1305 1702 1348 (ex
1720 1308 1880 1349 autogr.;

107 1356 192 1392 cod.
210 1357 322 1392 colon.
347 1357 434 1399 ‚Un.
454 1358 542 1392 603“
575 1359 596 1392 t'.
617 1358 870 1402 2082—2091‘).

225 1411 378 1445 Rethius
404 1412 562 1456 optabat,
589 1415 630 1445 ut
656 1411 778 1446 Rabus
799 1412 1034 1455 „insigniores
1053 1412 1168 1446 vitas“
1191 1412 1376 1455 seligendo
1402 1415 1476 1447 tres
1495 1414 1610 1447 tomos
1630 1411 1722 1446 Surii
1749 1411 1883 1446 latinos

105 1464 141 1498 in
168 1475 277 1499 unum
303 1466 547 1508 germanicum
575 1466 755 1509 redigeret
784 1467 950 1507 (Hansen
977 1466 1000 1500 l.
1029 1479 1058 1500 c.
1087 1466 1186 1509 617).
1229 1465 1354 1510 Neque
1380 1468 1501 1500 tamen
1529 1466 1651 1500 Rabus
1678 1466 1881 1500 versionem

106 1519 278 1563 perfecit;
315 1530 421 1561 quam
448 1519 587 1553 Alberti
616 1519 656 1553 V.
677 1521 850 1564 impensis
886 1519 1085 1554 faciendam
1115 1522 1268 1554 Ioannes
1301 1531 1323 1553 a
1352 1521 1415 1553 Via
1451 1520 1630 1564 suscepit,
1669 1522 1776 1564 atque
1812 1519 1882 1553 iam

107 1583 200 1606 anno
221 1573 311 1607 1574
330 1572 510 1607 Monachii
536 1573 571 1606 in
598 1572 712 1607 lucem
741 1573 874 1618 prodiit
895 1574 987 1615 „Der
1013 1576 1109 1608 erste
1127 1573 1229 1606 Theil
1258 1573 1440 1607 Bewerter
1458 1573 1643 1607 Historien
1670 1573 1732 1607 der
1751 1573 1882 1608 Lieben

108 1624 275 1668 Heiligen
308 1625 471 1667 Gottes“,
507 1638 649 1661 menses
677 1627 882 1660 Ianuarium
919 1629 955 1661 et
981 1627 1213 1661 Februarium
1249 1627 1492 1672 complectens
1529 1627 1592 1670 (K.
1623 1639 1650 1661 v.
1680 1627 1882 1661 Bernhard-

106 1683 254 1713 stijttner
279 1680 313 1713 in
346 1679 549 1721 „Jahrbuch
576 1680 634 1714 fiir
654 1679 874 1714 Miinchener
894 1680 1130 1714 Geschichte“
1162 1680 1220 1720 IV,
1251 1680 1548 1724 Bamberg1890,
1578 1680 1763 1714 124—127
1796 1680 1879 1720 173;

108 1734 158 1767 W.
181 1735 298 1776 Goetz,
326 1733 494 1777 Beitrage
520 1734 620 1777 810).
672 1735 857 1777 lntegrum
896 1734 1023 1768 deinde
1049 1734 1144 1768 Surii
1172 1746 1271 1778 opus,
1307 1734 1400 1778 quod
1429 1735 1448 1768 6
1476 1737 1591 1768 tomos
1618 1734 1880 1778 complectitur,

106 1785 285 1821 Henricus
311 1786 506 1828 Fabricius,
537 1788 726 1832 episcopus
752 1788 1003 1830 suffraganeus
1028 1788 1214 1832 spirensis,
1242 1788 1277 1821 in
1303 1799 1412 1821 unum
1440 1788 1608 1822 volumen
1635 1787 1880 1832 germanicum

105 1841 305 1881 contraxit,-
324 1840 425 1874 cuius
444 1841 552 1874 editio
570 1841 727 1875 secunda
747 1840 955 1884 („Ausszug
972 1842 1153 1875 Bewerter
1169 1841 1351 1876 Historien
1370 1841 1442 1875 Der
1457 1841 1696 1876 Ftirnemsten
1711 1840 1878 1885 Heiligen

105 1891 272 1936 Gottes‘)
301 1905 332 1927 a.
353 1894 444 1928 1592
473 1893 641 1928 Coloniae
668 1894 764 1939 apud
792 1894 979 1929 Calenium
1007 1905 1141 1929 excusa
1168 1898 1234 1929 est.

106 1997 251 2034 1128.
328 1997 432 2034 Circa
459 2001 651 2035 exeuntem
678 2008 725 2034 m.
754 1998 995 2034 Februarium
1021 1997 1114 2034 1573.

224 2058 279 2092 Ex
305 2059 524 2103 apographis
550 2059 609 2093 vel
635 2059 903 2093 commentariis
930 2060 1004 2093 fere
1031 2059 1176 2093 saeculo
1196 2058 1309 2094 XVII.
1330 2059 1475 2094 ineunte
1501 2059 1658 2103 scriptis,
1686 2070 1777 2103 quae
1796 2061 1882 2093 sunt

104 2112 284 2146 Monachii
321 2114 355 2146 in
387 2112 602 2147 bibliotheca
628 2112 811 2154 nationali,
848 2113 932 2147 Cod.
960 2113 1021 2148 lat.
1049 2114 1134 2147 7152
1160 2114 1183 2148 f.
1206 2114 1288 2147 124ἃ
1317 2114 1537 2148 137b-138b
1573 2113 1764 2156 (‚,Joannis
1789 2112 1880 2158 Bap-

103 2165 211 2215 tistae
238 2165 373 2200 Fikleri
400 2193 408 2200 .
429 2194 435 2200 .
457 2194 464 2200 .
492 2166 718 2211 epistolae“).

227 2226 397 2260 Cam'sius
424 2227 629 2270 Sala‘sburqs
655 2238 732 2260 cum
759 2228 795 2260 F
794 2227 905 2260 ili-lero
932 2228 973 2259 de
998 2227 1107 2260 hocius
1135 2254 1152 2270 ,‚
1162 2227 1193 2260 T
1192 2227 1349 2271 heoloyia
1379 2225 1558 2260 sundram
1587 2229 1671 2271 ayit.

222 2298 412 2340 Joannes
445 2299 644 2353 Baptista
677 2299 876 2341 Fiklerus
914 2298 1086 2340 Ioannis
1119 2299 1263 2340 Iacobi
1297 2298 1451 2340 Khueu
1485 2313 1511 2340 a
1544 2298 1705 2352 Belasy
1738 2297 1879 2339 archi-

103 2361 292 2417 episcopi
316 2362 652 2416 salisburgensis
676 2364 976 2406 consiliarius4
998 2364 1249 2417 Salisburgo
1274 2365 1312 2408 9.
1332 2364 1434 2406 Julii
1458 2365 1568 2406 1572
1592 2364 1640 2406 P.
1659 2363 1879 2405 Feliciano

226 2479 235 2498 ¹
262 2478 353 2512 Vide
379 2491 409 2514 e.
428 2491 461 2522 g.
482 2491 533 2520 ea,
561 2491 652 2524 quae
672 2481 720 2514 Io.
744 2481 868 2514 Petrus
894 2482 1066 2524 Maffeius
1091 2480 1125 2514 S.
1145 2480 1178 2514 J.
1197 2479 1348 2524 protulit
1374 2480 1409 2513 in
1436 2479 1526 2514 libro
1553 2479 1727 2514 cardinali
1754 2479 1879 2514 Ottoni

102 2530 302 2566 Truchsess
328 2533 490 2567 dedicato
514 2532 666 2575 „Rerum
693 2545 714 2567 a
732 2532 912 2568 Societate
934 2535 1011 2569 lesu
1039 2535 1072 2568 in
1093 2533 1239 2567 Oriente
1266 2536 1450 2576 gestarum
1470 2533 1682 2576 Volumen“‚
1711 2533 1879 2568 Coloniae

107 2585 207 2626 1574,
233 2586 422 2621 205-206
448 2587 517 2621 213
548 2587 627 2621 317.
680 2586 732 2622 Cf.
753 2588 862 2621 etiam
892 2589 980 2622 Can.
1000 2587 1049 2622 IV
1079 2587 1189 2627 1043;
1216 2586 1247 2620 V
1276 2587 1364 2627 543;
1393 2587 1443 2621 VI
1470 2587 1540 2622 260
1566 2587 1646 2622 375.

221 2638 235 2659 ⁸
260 2639 519 2684 Apologeticus
545 2640 721 2674 adversus
747 2644 876 2683 gentes
902 2652 930 2675 c.
951 2642 996 2675 50
1024 2641 1172 2685 (Miyne,
1202 2640 1239 2674 P.
1259 2640 1322 2675 lat.
1343 2641 1357 2674 Ι
1384 2640 1602 2684 602-603).

222 2691 236 2711 ⁸
262 2691 301 2726 L.
316 2704 346 2726 c.
365 2704 395 2727 c.
413 2692 459 2727 48
489 2694 625 2738 (Miqne
650 2693 673 2728 1.
693 2705 721 2727 c.
741 2694 838 2737 592).

221 2746 234 2765 ⁴
259 2744 414 2780 Ioannes
449 2746 615 2791 Baptista
651 2746 817 2781 Fiklerus
851 2747 930 2782 sive
957 2747 1098 2781 Fickler
1124 2747 1381 2790 Backnangiae
1411 2746 1640 2790 (Backuang)
1679 2747 1713 2781 in
1745 2747 1877 2782 ducatu

101 2798 417 2842 wurttembergico
452 2803 560 2834 natus
597 2800 879 2844 (1533-1610),
916 2801 1004 2835 iuris
1039 2801 1159 2835 civilis
1194 2800 1327 2840 doctor,
1362 2800 1429 2835 hoc
1463 2803 1624 2845 tempore
1651 2801 1877 2836 consiliarius

101 2856 180 2885 erat
198 2852 340 2886 Ioannis
360 2852 477 2886 Iacobi
496 2853 625 2887 Khuen
644 2864 665 2887 a
683 2853 815 2899 Belasy
843 2854 1101 2899 archiepiscopi
1129 2853 1421 2898 salisburgensis.
1461 2854 1654 2896 Canisium,
1681 2857 1778 2900 puto,
1804 2855 1874 2889 iam

101 2904 182 2938 inde
208 2905 252 2939 ab
279 2917 310 2940 a.
333 2906 419 2940 1551
448 2909 611 2947 noverat,
647 2919 716 2951 quo
743 2907 956 2950 Ingolstadii
983 2907 1060 2952 ipse
1093 2907 1225 2941 litteris
1250 2907 1430 2946 studebat.
1466 2907 1631 2942 Canisius
1657 2908 1875 2952 theologiam

101 2958 271 2998 docebat3
300 2961 425 3003 postea
452 2959 585 2994 Canisii
612 2961 870 2995 consuetudine
895 2961 967 2995 frui
994 2964 1136 3003 poterat
1170 2964 1246 2994 tum
1274 2960 1475 3003 Augustae,
1501 2961 1560 2996 ubi
1588 2973 1619 2996 a.
1642 2963 1876 2997 1555-1559

101 3011 290 3045 Ambrosio
325 3012 368 3046 de
395 3011 675 3058 Gumppenberg
709 3014 884 3048 ecclesiae
919 3014 1139 3049 cathedralis
1173 3014 1345 3048 canonico
1380 3025 1524 3059 operam
1551 3015 1771 3059 praestabat,
1798 3018 1875 3049 tum

100 3064 272 3106 Tridenti,
306 3065 367 3098 ubi
393 3076 414 3099 a
441 3077 486 3100 m.
514 3066 609 3100 Maio
637 3067 729 3101 1562
764 3068 808 3102 ad
835 3068 976 3102 Iunium
1007 3067 1098 3101 1563
1133 3067 1334 3102 oratoribus
1367 3067 1699 3112 salisburgensibus
1733 3069 1778 3103 ab
1804 3068 1876 3114 epi-

100 3117 204 3152 stolis
222 3120 301 3152 erat
318 3117 372 3161 (J.
387 3120 452 3153 Fr.
467 3131 494 3153 v.
513 3120 665 3163 Selium,
683 3119 750 3154 Die
769 3120 986 3155 Geschichte
1005 3121 1068 3154 der
1086 3119 1235 3162 Quellen
1254 3120 1325 3154 und
1345 3120 1527 3155 Literatur
1545 3122 1608 3156 des
1627 3121 1874 3156 Canonischen

101 3170 246 3213 Rechts,
273 3171 306 3207 3.
329 3171 393 3206 Bd.
424 3172 453 3207 1.
471 3171 550 3214 Th.,
576 3172 760 3218 Stuttgart
787 3174 888 3216 1880,
918 3175 1014 3217 129).
1056 3176 1159 3208 Anno
1188 3174 1278 3208 1588
1302 3173 1517 3209 Guilielmus
1535 3174 1578 3209 V.
1597 3175 1775 3210 Bavariae
1801 3175 1875 3208 dux
