2051 3433
249 168 302 209 80
507 164 606 199 1810.
635 162 800 198 Canisius
826 162 978 196 Ernesto
1006 162 1092 195 Bav.
1116 160 1237 205 prino„
1265 159 1373 204 episc.
1396 159 1536 203 frising.
1558 159 1755 195 administr.

246 284 423 338 spirent.
478 282 615 331 Quid?
649 296 703 324 an
726 280 885 323 idcirco
910 294 934 321 a
958 279 1184 332 complexu
1218 291 1514 331 consensuque
1546 277 1735 319 PATRVM
1766 278 2010 332 perduelles

244 348 318 391 isti
350 362 427 390 nos
469 347 736 396 abstralient,
783 348 827 387 et
860 359 885 386 a
917 343 1197 398 praescriptis
1238 342 1408 384 illorum
1450 342 1675 385 terminis¹
1715 343 2009 397 bonorumque

244 413 514 468 possessione
555 411 771 465 legitimos
814 409 1021 451 haeredes
1065 407 1319 458 extrudent,
1365 410 1413 449 vt
1455 408 1566 461 quod
1606 421 1847 450 AvcvsrvM
1889 409 2008 452 velut

245 491 570 527 PATmiuoNiviu,
605 479 754 518 sancte
784 489 809 517 a
832 475 1059 515 PATRIBVS
1082 472 1289 515 traditum
1323 475 1368 514 et
1389 472 1587 515 relictum
1612 473 1856 528 accepimus
1878 477 2009 527 atque

244 544 492 593 retinemus,
527 542 568 584 id
603 542 671 583 vel
704 540 937 595 prodamus
969 537 1134 593 perfidi,
1169 537 1238 578 vel
1272 537 1521 579 deseramus
1553 538 1727 591 ingrati,
1762 539 1831 580 vel
1865 539 2008 592 prodi-

243 623 396 662 gamus
428 607 598 649 insani?
644 605 832 647 Auertat
853 604 963 645 hanc
985 606 1154 646 tantam
1180 617 1205 644 a
1228 602 1350 644 nobis
1373 603 1606 645 amentiam
1631 603 1794 655 DEVS,
1829 617 2009 657 eamque

243 687 443 715 sensuum
476 672 772 725 integritatem
802 668 1055 711 orthodoxis
1079 670 1306 710 conseruet
1330 668 1538 719 omnibus,
1573 671 1623 711 vt
1644 683 1727 710 non
1752 669 1853 722 quid
1875 683 2008 711 noua-

242 742 359 781 tores
377 737 604 787 somniant,
629 736 702 777 sed
723 735 821 788 quid
850 737 1024 775 veteres
1050 733 1111 775 illi
1136 733 1343 784 sentiunt,
1369 733 1451 776 rite
1475 733 1839 785 animaduertant,
1864 748 1915 776 ac
1932 747 2009 788 pro

243 803 455 856 dignitate
482 802 732 856 ponderent,
767 813 819 841 ne
852 798 1012 852 alioqui
1037 798 1136 840 DEI
1159 812 1342 840 VERBVM
1376 801 1420 841 et
1443 799 1679 842 Doctrinae
1702 800 2009 841 CHRisTIANAE

243 867 490 923 dijudicatio
534 881 617 909 non
663 866 848 907 PATRVM
893 864 1155 919 sapientiae,
1202 864 1277 905 sed
1322 864 1604 906 sectariorum
1650 864 1814 906 libidini
1859 868 2010 919 patere

242 933 452 975 videatur.

359 998 418 1040 At
450 997 640 1039 sinamus
672 995 844 1038 interim
879 995 1001 1044 istos,
1046 993 1115 1047 qui
1150 1007 1234 1036 non
1277 1008 1324 1036 se
1365 994 1506 1036 minus
1538 1008 1564 1036 a
1596 995 1837 1046 PATmssvs,
1880 1009 2006 1048 quam

241 1064 293 1105 ab
326 1064 544 1104 EceLEsrA
586 1064 760 1103 nostra⁸
801 1059 967 1102 nefarie
1009 1059 1327 1114 praeciderunt,
1371 1073 1507 1113 eoque
1548 1061 1641 1114 ipso
1683 1062 1917 1111 testantur,
1961 1073 2008 1102 se

239 1128 363 1170 huius
396 1142 447 1169 ac
479 1126 712 1181 superioris
740 1126 987 1167 Ecomsm:
1021 1125 1302 1167 consensione
1335 1127 1466 1179 atque
1500 1125 1797 1167 communione
1831 1124 2006 1176 alienos,

238 1193 318 1234 hoc
342 1195 420 1243 est,
456 1206 559 1234 vere
582 1191 825 1234 haereticos
849 1204 967 1233 esse:
1001 1190 1207 1252 sinamuS,
1241 1190 1431 1243 inquam,
1467 1204 1540 1233 eos
1564 1191 1615 1232 de
1637 1204 1810 1233 suorum
1833 1192 2006 1245 patrum
2049 1208 2051 1219 ·

239 1261 282 1300 et
314 1257 619 1311 magistrorum
654 1256 863 1307 doctrina,
898 1256 968 1297 vel
1000 1269 1139 1310 nuper
1170 1259 1288 1307 nata,
1324 1255 1394 1297 vel
1425 1255 1511 1297 iam
1545 1255 1645 1297 olim
1678 1256 1854 1307 reiecta,
1889 1258 1934 1298 et
1964 1255 2007 1298 in
2050 1264 2051 1303 j

237 1324 396 1364 multas
437 1324 586 1376 partes
619 1321 804 1372 concisa,
847 1321 1033 1376 superbe
1066 1320 1257 1374 gloriari,
1302 1320 1432 1362 immo
1475 1323 1520 1363 et
1560 1320 1675 1363 inter
1713 1334 1761 1362 se
1792 1320 2008 1363 hostiliter
2049 1327 2051 1354 ⁴

239 1388 479 1441 digladiari.

354 1453 465 1494 Illud
498 1455 642 1495 autem
676 1451 791 1494 ferre
824 1465 907 1493 non
940 1465 1182 1505 possumus,
1230 1453 1274 1493 et
1306 1451 1501 1493 execrari
1535 1451 1753 1502 debemus,
1796 1453 1846 1493 vt
1878 1465 2003 1504 quam
2050 1467 2051 1471 ¹

236 1518 317 1572 ipsi
350 1519 582 1560 Emsooms
624 1520 668 1560 et
701 1517 925 1558 PATvas
968 1516 1164 1559 adimunt
1195 1515 1535 1568 Authoritatem,
1583 1516 1762 1558 eandem
1797 1516 1869 1558 vel
1910 1516 2004 1568 sibi,
2050 1527 2051 1533 ¹

236 1584 306 1626 vel
338 1583 427 1625 suis
459 1583 682 1637 magistris
725 1586 769 1625 et
802 1581 979 1635 collegis
1012 1585 1232 1635 arrogent,
1276 1581 1448 1624 etiarnsi
1480 1582 1692 1624 ANGELvs
1735 1581 1797 1623 de
1836 1581 2003 1624 eaelo
2049 1592 2051 1619 ἰ

237 1649 450 1703 delapsus,
493 1653 645 1691 contra
687 1661 954 1690 communem
989 1648 1175 1689 PATRVM
1216 1661 1389 1689 sensum
1432 1651 1564 1700 atque
1607 1660 1874 1698 consensum,
1919 1661 2005 1690 vna

236 1729 330 1756 cum
362 1714 644 1756 nouatoribus
677 1713 872 1755 omnibus
905 1713 1371 1766 euangelizaret2.

353 1780 491 1833 Igitur
523 1793 648 1833 quam
683 1793 708 1821 a
741 1779 863 1820 nobis
894 1779 1020 1820 fidem
1055 1779 1095 1820 in
1130 1792 1177 1820 re
1201 1778 1387 1820 omnium
1412 1777 1602 1820 maxima
1625 1777 1861 1832 postulant,
1903 1791 2002 1820 con-

234 1848 403 1887 stanter
424 1845 508 1886 illis
530 1858 691 1898 negare
715 1844 921 1898 cogimur,
955 1848 1002 1887 ut
1025 1844 1166 1886 sciant
1195 1858 1240 1886 se
1263 1857 1402 1897 neque
1425 1843 1552 1894 solos,
1587 1857 1726 1896 neque
1748 1842 2004 1897 praecipuos
2049 1870 2051 1880 ι

233 1910 275 1951 in
307 1924 449 1952 VERBO
490 1911 589 1952 DEI
630 1910 982 1964 interpretando,
1026 1914 1070 1952 et
1107 1909 1150 1950 in
1194 1909 1406 1952 Doctrina
1448 1908 1686 1962 Religionis
1729 1908 2003 1962 dijudicanda

233 1975 466 2029 magistros
497 1989 548 2017 ac
581 1976 768 2018 arbitros
804 1989 912 2025 esse,
947 1975 1153 2029 nullaque
1185 1975 1354 2017 ratione
1384 1974 1469 2016 illis
1500 1973 1728 2016 inferiores
1753 1971 1843 2028 [?]⁰
1865 1973 2003 2016 videri
2050 2011 2051 2016 ,

231 2055 380 2094 posse:
422 2041 498 2083 sed
540 2041 668 2094 longe
706 2043 933 2095 praestare
968 2041 1155 2091 PATRES,
1197 2054 1376 2094 quorum
1416 2039 1755 2081 consentientem
1794 2039 1920 2081 fidem
1958 2041 2003 2082 et

231 2106 498 2159 praeclaram
520 2106 773 2157 doctrinam,
799 2106 1033 2159 singularis
1052 2105 1171 2148 vitae
1194 2105 1481 2147 sanctimonia
1500 2104 1831 2154 commendavit,
1852 2104 2002 2146 crebra

232 2174 275 2213 et
297 2170 479 2213 illustris
511 2171 815 2213 miraculorum
839 2171 991 2225 gloria,
1027 2184 1079 2213 ac
1100 2170 1307 2212 mirificus
1330 2170 1465 2213 totius
1489 2169 1734 2211 Eccnusmn
1768 2183 2001 2211 consensus

230 2238 297 2279 tot
329 2236 485 2278 seculis
518 2237 828 2291 comprobauit.

350 2302 431 2344 Sed
464 2302 706 2356 praesentis
739 2302 820 2344 loci
856 2316 940 2344 non
973 2304 1052 2353 est,
1096 2302 1268 2355 longius
1309 2301 1476 2344 isthaec
1519 2300 1732 2354 persequi,
1780 2313 1890 2354 quae
1922 2313 2000 2342 nos

230 2369 408 2420 propter
440 2367 656 2409 hominum
691 2367 978 2420 iniquitatem,
1014 2366 1266 2409 Doctrinam
1300 2365 1625 2409 Iustificationis
1657 2365 1871 2407 scelerate
1905 2379 1999 2408 cor-

229 2432 532 2486 rumpentium,
568 2433 833 2486 Patrumque
855 2433 991 2474 verba
1022 2433 1176 2475 inscite
1201 2435 1244 2474 et
1266 2432 1457 2485 maligne
1480 2431 1849 2482 calumniantium,
1884 2430 2000 2473 haud

230 2498 399 2538 omnino
433 2498 645 2539 voluimus
678 2498 929 2552 praeterire.
995 2498 1119 2540 Vnde
1151 2497 1255 2539 illud
1290 2497 1419 2539 etiam
1465 2496 1647 2550 intelligi
1681 2499 1839 2550 potest,
1882 2496 1998 2538 nullo

229 2576 415 2614 vnquam
450 2566 655 2616 tempore,
704 2577 798 2605 cum
833 2563 1008 2618 sectarij
1042 2564 1168 2617 signa
1199 2563 1241 2604 in
1277 2563 1527 2604 EchEsmiu
1561 2561 1722 2604 infesta
1754 2564 1996 2613 mouerunt,

230 2627 458 2668 Catholicis
500 2641 595 2668 cum
638 2628 901 2682 aduersarijs
942 2629 1195 2682 iniquiorem
1240 2630 1284 2669 et
1326 2627 1608 2669 difficiliorem
1652 2627 1851 2670 extitisse
1896 2640 1997 2668 con-

229 2692 389 2733 flictum
439 2692 654 2745 Siquidem
680 2694 865 2744 Arriani,
889 2694 1234 2744 Macedoniani3,
1260 2692 1530 2744 Eunomiani,
1556 2706 1606 2734 ac
1628 2693 1773 2746 plures
1795 2692 1836 2733 id
1859 2706 1997 2746 genus

230 2757 446 2806 haeretici,
482 2760 583 2799 ante
616 2772 752 2800 annos
785 2759 900 2801 mille
929 2763 1196 2813 grassantes,
1232 2761 1426 2800 veterum
1452 2758 1718 2812 Scriptorum
1743 2760 1786 2800 et
1809 2758 1996 2798 PATRvM

230 2822 662 2863 Ecum-:S{ASTICORVM
706 2824 967 2877 praeiudicio
1009 2839 1056 2866 se
1098 2838 1284 2877 suasque
1330 2823 1552 2878 opiniones
1585 2823 1822 2877 oppugnari
1856 2822 1994 2876 patie-

228 2887 406 2929 bantur:
469 2902 772 2940 nonnunquam
831 2890 1007 2931 llonAM
1070 2904 1238 2943 quoque
1304 2889 1554 2930 l‘ONTIFM‘lS
1617 2893 1661 2930 et
1723 2889 1996 2930 SYNODORVM

346 2984 372 3002 ιιι
400 2980 465 3009 Ίζυῃ.
487 2979 532 3002 hir
551 2980 666 3004 mhlirlit
688 2982 811 3005 allow-nm
834 2988 875 3006 so.
986 2981 1014 3013 b)
1036 2982 1101 3012 Sal-,-
1121 2981 1170 3006 sed
1191 2988 1238 3005 res
1258 2981 1372 3011 armare
1396 2981 1518 3007 ιηίιύέιωκ
1542 2984 1570 3005 iet
1591 2981 1709 3005 dicatur
1730 2980 1913 3013 superiores

348 3108 353 3125 ¹
385 3108 437 3141 Os.
461 3108 531 3140 ΡΝ
559 3108 613 3145 22,
642 3110 697 3142 Ὲδ.
844 3110 857 3130 ⁹
884 3110 950 3144 Gal
982 3111 1010 3147 1.
1040 3110 1071 3145 8.

346 3160 357 3177 ³
384 3162 487 3193 Secta
514 3161 656 3195 saec-ulo
684 3163 743 3196 IV.
763 3166 851 3205 orta,
879 3176 971 3208 quae
999 3164 1170 3208 Spiritum
1198 3163 1367 3198 Sanctum
1396 3163 1553 3207 negabat
1579 3174 1657 3198 esse
1685 3162 1812 3197 Deum.
