2051 3433
176 181 261 221 572
714 178 817 214 2072.
846 177 1014 214 Canisius
1041 178 1201 213 Oliverio
1227 178 1410 213 Manareo.

175 296 376 338 sufficere
416 310 557 351 posse,
600 297 826 339 nimirum*
867 297 1022 352 prioris
1068 297 1232 340 decreti
1274 297 1601 340 confirmatione
1641 297 1755 340 seria
1790 298 1950 342 nostris

175 360 400 415 proposita
432 365 564 414 atque
597 362 911 405 commendata.
1813 365 1815 368 ⁴

296 426 614 481 Typographus
631 427 1000 480 Jngolstadiensis
1016 428 1030 454 1
1053 427 1259 469 recudere
1282 427 1401 481 cupit
1423 429 1655 480 Vtrumque
1678 441 1786 482 opus
1808 441 1949 470 meum

177 491 229 532 de
262 491 303 533 S.
335 491 503 534 Joanne
539 491 730 546 baptista
763 495 807 535 et
839 492 1030 546 Deipara
1064 492 1245 545 Virgine
1278 492 1598 546 conscriptum,
1623 495 1667 534 et
1699 507 1753 534 ex
1787 493 1952 534 duobus

176 556 378 598 uolumen
402 571 532 598 vnum
566 557 711 599 facere
744 557 913 600 statuit.
960 558 1065 599 Peto
1089 558 1222 610 igitur
1255 571 1280 599 a
1314 558 1358 600 P.
1384 558 1430 599 T.
1466 560 1515 600 ut
1536 558 1667 600 liceat
1691 559 1802 600 bona
1825 558 1954 600 venia

177 622 408 674 vtrumque
441 635 548 676 opus
571 636 896 675 recognoscere,
931 626 976 665 et
998 622 1034 663 si
1057 636 1168 675 quae
1190 623 1488 673 mutabuntur,
1523 623 1578 665 ad
1602 637 1804 665 censores
1827 622 1953 665 huius

176 685 420 739 prouintiae
463 687 704 729 ordinarios
738 688 917 737 referre,
961 687 1074 729 sicut
1116 688 1326 729 hactenus
1365 687 1418 729 ab
1461 688 1558 741 alijs
1595 688 1757 730 nostris
1789 688 1953 731 factum

177 750 272 794 fuit.
336 753 402 793 De
435 752 663 794 Cardinale
706 752 865 795 Sirleto
906 753 1011 794 nihil
1045 752 1199 801 dicam,
1243 752 1314 806 qui
1348 753 1400 795 de
1431 753 1573 795 Maria
1606 754 1816 806 quaedam
1851 753 1954 795 mihi

178 816 496 859 communicare
528 821 831 872 proposuerat,
866 818 929 859 vti
953 817 1074 860 nouit
1109 818 1153 860 P.
1174 817 1221 859 T.
1256 818 1332 859 sed
1365 817 1432 859 cui
1454 818 1496 859 in
1520 818 1637 860 hisce
1659 818 1852 872 minutijs
1875 831 1954 860 nec

178 882 291 933 volo,
325 896 404 924 nec
437 883 573 925 debeo
607 897 702 924 esse
734 883 945 925 molestus
958 884 988 925 2.

298 948 435 989 Deum
470 948 637 1001 precari
670 961 916 1002 pergemus,
951 951 999 990 ut
1032 948 1077 991 P.
1098 948 1144 990 T.
1180 948 1235 990 ad
1267 947 1460 990 futuram
1495 948 1877 1002 congregationem
1911 951 1956 990 et

178 1012 416 1065 cogendam
450 1016 495 1055 et
527 1013 831 1055 celebrandam
863 1016 1068 1067 potenter
1098 1013 1251 1055 adesse
1274 1013 1489 1066 dignetur,
1524 1027 1687 1067 nosque
1709 1014 1798 1055 suis
1821 1013 1956 1055 sacri-

177 1078 286 1132 ficijs
320 1078 507 1120 uicissim
543 1078 726 1120 Domino
761 1079 1034 1121 commendet
1067 1092 1240 1131 quaeso.

299 1143 450 1185 Nouus
473 1143 582 1185 liber
605 1143 764 1197 prodijt
786 1144 865 1185 sub
888 1143 968 1186 hoc
990 1144 1132 1194 titulo,
1157 1144 1224 1186 Ad
1247 1143 1435 1197 repetita
1458 1144 1504 1186 F.
1530 1143 1732 1186 Turriani
1754 1143 1957 1186 Monachi

178 1209 205 1251 J
209 1208 375 1251 esuitae
396 1209 673 1263 Sophismata
697 1208 749 1250 de
767 1209 964 1251 Ecclesia
983 1212 1027 1251 et
1044 1209 1387 1251 ordinationibus
1405 1209 1700 1251 ministrorum
1721 1209 1956 1258 Ecclesiae,

179 1273 422 1327 Responsio
446 1274 623 1328 Antonij
659 1273 866 1316 Sadeelis.
921 1273 1092 1324 Nescio,
1128 1288 1182 1316 an
1206 1274 1286 1316 hoc
1310 1288 1416 1328 opus
1451 1275 1494 1316 P.
1515 1274 1752 1316 Turrianus
1785 1274 1955 1324 uiderit,

180 1339 292 1392 quod
327 1340 515 1381 nondum
549 1339 717 1393 inspexi
733 1340 761 1381 3.
827 1339 935 1381 Tum
969 1339 1080 1381 alius
1113 1342 1239 1381 extat
1271 1340 1380 1381 liber
1412 1339 1526 1381 forte
1558 1340 1852 1394 pestilentior,
1896 1339 1957 1381 sic

179 1404 427 1459 inscriptus,
464 1405 701 1447 Doctrinae
723 1404 991 1446 Jesuitarum
1027 1405 1259 1459 praecipua
1292 1405 1448 1458 capita,
1484 1419 1509 1446 a
1542 1405 1680 1447 doctis
1704 1405 1956 1458 quibusdam

179 1469 414 1524 Theologis
456 1472 645 1520 retexta,
688 1469 837 1511 solidis
876 1470 1118 1512 rationibus
1158 1470 1507 1525 testimonijsque
1548 1484 1769 1512 sacrarum
1813 1469 1957 1523 Scrip-

178 1537 376 1578 turarum
423 1538 466 1578 et
507 1535 743 1577 Doctorum
789 1535 950 1577 ueteris
994 1535 1215 1577 Ecclesiae
1258 1534 1499 1586 confutata,
1538 1535 1596 1577 Et
1634 1535 1834 1588 quoniam
1870 1534 1959 1576 Ru-

180 1600 321 1654 pellae
354 1614 541 1642 excusus
574 1603 642 1642 est
674 1600 825 1651 liber4,
870 1600 1037 1642 Galliae
1072 1600 1275 1643 Patribus
1309 1600 1470 1642 nostris
1507 1600 1684 1654 ignotus
1717 1601 1840 1642 esse5
1872 1613 1958 1641 non

300 1693 327 1723 a)
349 1694 487 1725 Sequitur
507 1700 532 1724 e,
552 1693 642 1718 oblitt.

304 1787 313 1807 ¹
338 1788 456 1822 David
483 1788 677 1823 Sartorius.
824 1790 836 1809 ²
864 1788 919 1823 Cf.
937 1800 1047 1833 supra
1075 1801 1105 1832 p.
1125 1788 1208 1822 487.

300 1842 313 1862 ³
341 1843 518 1876 Antonius
545 1842 730 1876 Chandieu
759 1842 887 1887 (Camp
915 1842 1017 1882 Dieu,
1054 1841 1095 1875 de
1122 1842 1157 1876 la
1184 1841 1321 1884 Roche)
1350 1841 1497 1886 antiquo
1525 1841 1664 1876 Galliae
1691 1853 1822 1885 genere
1848 1844 1959 1882 ortus,

178 1894 321 1929 iuvenis
356 1906 377 1929 a
404 1895 593 1929 catholicis
620 1896 663 1929 ad
699 1898 944 1940 protestantes
978 1898 1231 1938 transgressus
1267 1897 1303 1929 et
1337 1906 1357 1928 a
1385 1895 1535 1929 Calvino
1571 1897 1607 1929 et
1634 1895 1726 1929 Beza
1762 1895 1959 1936 institutus,

178 1959 293 1992 usque
313 1949 356 1982 ad
376 1951 528 1983 mortem
546 1948 671 1992 (1591)
693 1949 886 1994 plurimum
907 1961 970 1993 pro
989 1948 1276 1993 protestantibus
1294 1948 1491 1988 laboravit;
1513 1960 1632 1982 eorum
1649 1949 1742 1982 enim
1757 1948 1961 1983 ministrum

179 2001 329 2036 Parisiis
347 2005 384 2036 et
395 2002 566 2036 Genevae
585 2003 671 2046 egit,
691 2014 813 2036 eorum
832 2002 981 2047 synodis
999 2013 1079 2035 cum
1099 2002 1315 2036 auctoritate
1334 2002 1509 2043 interfuit,
1530 2002 1685 2035 Henrico
1702 2001 1761 2036 1V.
1775 2001 1962 2035 Navarrae

178 2055 402 2099 aliquamdiu
429 2067 450 2089 a
477 2056 702 2089 contionibus
729 2057 765 2089 et
792 2055 951 2089 consiliis
987 2055 1057 2088 fuit
1084 2055 1232 2099 eiusque
1259 2054 1501 2098 legationibus
1528 2057 1563 2089 in
1591 2054 1785 2089 Germania
1814 2055 1962 2089 functus

179 2111 248 2143 est.
291 2109 327 2143 Is
364 2121 443 2143 cum
479 2109 622 2143 nomine
652 2111 827 2152 „Antonii
853 2108 999 2143 Sadeel“
1032 2108 1070 2143 P.
1097 2108 1281 2143 Francisci
1308 2108 1475 2142 Turriani
1510 2108 1543 2143 S.
1572 2109 1605 2143 J.
1634 2108 1722 2142 libro
1754 2108 1959 2150 „Aduersus

178 2163 307 2207 Capita
343 2162 598 2208 disputationis
625 2162 790 2207 Lipsicae
817 2163 983 2196 Andreae
1018 2162 1198 2206 Freyhub‚
1234 2163 1277 2196 de
1313 2162 1487 2201 Ecclesia,
1524 2165 1561 2196 et
1596 2162 1638 2196 de
1666 2161 1960 2196 Ordinationibus

178 2216 425 2250 Ministrorum
455 2215 658 2250 Ecclesiae“
700 2215 868 2250 Coloniae
897 2216 987 2250 1573
1024 2215 1119 2249 edito
1155 2215 1205 2258 (v.
1234 2227 1344 2260 supra
1371 2228 1404 2260 p.
1435 2215 1518 2258 141)
1547 2218 1766 2260 opposuerat
1796 2214 1960 2259 „Sophis-

177 2272 275 2303 mata
312 2270 348 2304 F.
376 2269 541 2304 Turriani
570 2269 748 2310 Monachi,
785 2281 830 2303 ex
865 2281 986 2303 eorum
1023 2268 1226 2309 sodalitate,
1263 2269 1323 2313 qui
1359 2273 1589 2303 sacrosancto
1615 2269 1703 2303 Jesu
1739 2269 1881 2302 nomine
1916 2267 1960 2301 ad

177 2334 263 2356 suae
291 2323 419 2357 Sectae
455 2322 723 2367 inscriptionem
761 2323 979 2357 abutuntur-'⁴
1012 2321 1200 2365 (Genevae
1230 2323 1357 2365 1577„
1395 2334 1435 2356 ac
1462 2334 1543 2356 cum
1576 2323 1784 2356 Turrianus
1810 2333 1840 2355 a.
1870 2320 1962 2356 1580

178 2376 344 2410 Coloniae
376 2377 649 2418 „Defensionem
676 2376 835 2410 locorum
863 2376 896 2410 S.
916 2375 1134 2420 Scripturae,
1162 2376 1204 2409 de
1232 2376 1394 2410 Ecclesia
1421 2375 1616 2416 Catholica,
1645 2377 1681 2408 et
1707 2375 1784 2409 eius
1810 2374 1961 2408 Pastore

179 2429 356 2474 Episcopo
384 2430 543 2464 Romano
564 2456 571 2464 .
593 2457 599 2464 .
619 2457 627 2464 .
666 2430 854 2464 Aduersus
881 2429 1092 2473 nugatorias
1128 2429 1378 2463 cauillationes
1405 2429 1549 2463 Antonii
1575 2428 1757 2463 Sadeelis“
1788 2431 1855 2462 etc.
1883 2427 1960 2461 vul-

178 2485 314 2525 gasset,
340 2482 399 2517 hic
427 2483 596 2517 Genevae
624 2483 745 2517 eodem
774 2495 805 2517 a.
828 2483 919 2518 1580
946 2482 1076 2516 edidit:
1117 2483 1190 2524 „Ad
1219 2482 1338 2517 onmia
1365 2483 1518 2527 repetita
1545 2482 1583 2516 F.
1602 2482 1768 2516 Turriani
1797 2480 1959 2515 Monachi

179 2536 335 2570 lesuitae
350 2536 581 2581 Sophismata
599 2537 642 2570 de
657 2536 822 2571 Ecclesia
841 2538 876 2570 et
890 2535 1175 2570 ordinationibus
1189 2536 1438 2570 Ministrorum
1455 2535 1638 2570 Ecclesiae
1653 2535 1956 2580 Responsionem‘

179 2590 465 2633 (Sommercoyel,
494 2590 583 2625 Bibl.
606 2590 689 2624 V111
717 2590 934 2632 118-120).
979 2588 1078 2630 Quae
1106 2590 1315 2634 Responsio,
1343 2601 1363 2624 a
1381 2589 1531 2624 Sadeele
1558 2589 1705 2635 perinde
1732 2601 1774 2623 ac
1797 2587 1961 2633 „Sophis-

176 2643 294 2677 mata“
326 2642 517 2677 Guilielmo
546 2643 774 2686 Landgravio
811 2643 966 2677 Hassiae
1002 2642 1177 2683 dedicata,
1214 2645 1337 2677 exstat
1363 2643 1471 2676 etiam
1500 2643 1534 2676 in
1571 2643 1661 2677 libro
1693 2644 1864 2684 „Antonii
1896 2641 1960 2675 Sa-

176 2697 280 2730 ‹leelis
310 2697 471 2730 Chandet
496 2697 718 2731 Nobilissimi
748 2696 824 2730 Viri
851 2696 970 2741 Opera
997 2696 1235 2739 theologica“,
1264 2697 1316 2730 ed.
1338 2696 1381 2736 2.,
1409 2708 1437 2731 s.
1458 2696 1479 2730 l.
1502 2696 1602 2736 1593,
1631 2695 1829 2730 603—802.

297 2752 308 2769 ⁴
336 2750 389 2784 De
424 2750 491 2784 hoc
526 2750 615 2784 libro
651 2751 754 2795 plura
787 2750 952 2784 dicentur
979 2749 1082 2788 infra,
1120 2761 1276 2783 monum.
1308 2750 1411 2784 1249.
1463 2749 1508 2783 Et
1534 2749 1603 2790 hic,
1640 2752 1677 2783 et
1702 2748 1863 2782 Sadeelis
1900 2747 1960 2781 ille

176 2801 268 2836 liber
295 2803 522 2838 Francofurti
558 2804 602 2837 ad
632 2804 809 2844 Moenum,
846 2806 943 2848 put0,
979 2803 1013 2836 in
1050 2805 1211 2837 mercatu
1247 2803 1419 2836 librorum
1445 2802 1645 2837 autumnali
1672 2801 1821 2836 venales
1848 2804 1961 2842 erant,

178 2855 283 2898 idque
311 2856 478 2890 Canisius
514 2869 558 2890 ex
590 2856 803 2899 „Catalogo“
840 2856 1011 2890 librorum
1049 2868 1222 2890 novorum
1260 2856 1539 2891 francofurtensi
1577 2855 1640 2900 (cf.
1671 2857 1758 2890 Can.
1787 2854 1836 2888 VI
1873 2853 1957 2897 713)

185 2909 367 2951 cognovit.

305 2963 316 2981 ⁵
344 2962 510 2996 Canisius
528 2963 694 3007 scripsit:
726 2962 985 3005 „Marloratus“
1006 2976 1012 3001 ;
1041 2974 1155 3006 neque
1176 2975 1260 2996 vero
1279 2962 1440 2996 Societas
1458 2963 1540 2996 Iesu
1563 2973 1720 3006 unquam
1739 2961 1961 3006 scriptorem.

178 3014 233 3048 cui
262 3026 389 3049 nomen
417 3018 495 3049 erat
522 3016 729 3057 Marlorato,
758 3016 901 3056 habuit;
929 3019 965 3050 et
984 3017 1212 3059 Augustinus
1239 3015 1298 3049 ille
1318 3015 1547 3057 Marloratus,
1575 3015 1619 3049 ab
1646 3015 1768 3049 ordine
1786 3014 1820 3048 S.
1841 3015 1960 3057 Augu-

177 3067 263 3101 stini
290 3069 333 3102 ad
362 3068 594 3104 Calvinianos
620 3073 884 3112 transgressus
921 3070 982 3113 qui
1010 3069 1295 3103 Commentarios
1330 3069 1366 3102 in
1401 3079 1542 3103 sacram
1569 3068 1791 3113 Scripturam
1828 3069 1863 3101 et
1889 3066 1961 3101 alia

177 3121 387 3164 scripserat,
418 3122 489 3155 iam
516 3133 547 3155 a.
579 3123 669 3156 1562
697 3122 887 3166 Rotomagi
917 3122 1088 3167 (Rouen),
1124 3123 1207 3165 quia
1233 3121 1450 3156 sedicionem
1478 3124 1733 3163 commoverat,
1767 3119 1960 3165 suspendio

177 3176 326 3208 necatus
362 3177 450 3209 erat.
502 3174 630 3217 Quare,
658 3176 735 3210 sive
772 3176 850 3220 ipsa
885 3176 991 3210 huius
1018 3186 1149 3210 causae
1176 3175 1277 3212 ratio,
1314 3175 1392 3208 sive
1418 3175 1571 3216 litterae,
1610 3174 1739 3218 quibus
1765 3173 1959 3207 Manareus
