2062 3443
152 272 242 307 1572
291 276 292 300 i

152 433 240 467 1572
289 480 290 483 ¹

150 540 240 574 1572

149 700 238 734 1572
288 727 290 743 ,

150 806 238 841 1572
288 813 289 848 1

149 967 237 1001 1572

148 1080 237 1114 1572
286 1047 288 1072 i

146 1245 237 1281 1572
286 1253 287 1292 j

146 1412 237 1447 1572

146 1573 236 1608 1572

148 1733 235 1768 1572
286 1736 287 1742 ’

146 1846 235 1881 1572

146 2067 235 2102 1572

146 2235 235 2269 1572

145 2389 235 2426 1572

145 2556 236 2591 1572

145 2670 234 2704 1572
284 2649 285 2655 ’

145 2831 235 2865 1572

145 2997 235 3031 1572

146 3110 236 3145 1572

546 152 634 188 1572
664 154 747 197 Apr.
768 152 799 186 7.
822 171 863 175 -
887 152 974 185 1572
1003 151 1108 195 paulo
1137 154 1215 196 post
1245 152 1298 186 13.
1319 151 1414 196 Sept.

409 271 481 305 lun.
503 271 558 305 24.

407 432 480 465 Iun.
502 431 557 465 29.

421 538 484 572 Iul.
511 538 542 572 6.

411 699 474 733 Iul.
500 698 551 732 13.

411 805 474 839 Iul.
498 805 551 840 13.

380 966 444 1000 lui.
470 966 522 1000 16.
538 966 587 1009 (22)

410 1078 474 1113 Iul.
495 1079 551 1114 20.

410 1245 474 1280 lul.
495 1245 551 1279 22.

408 1411 472 1446 Iul.
494 1411 550 1446 25.

409 1574 470 1608 Iul.
493 1575 550 1610 27.

410 1735 502 1779 Aug.
525 1735 556 1770 3.

394 1849 486 1891 Aug.
511 1848 564 1883 10.

393 2070 484 2113 Aug.
509 2069 562 2103 15.

393 2236 485 2280 Aug.
507 2236 562 2271 17.

392 2396 484 2440 Aug.
505 2396 561 2430 24.

393 2559 483 2601 Aug.
505 2557 560 2592 31.

400 2669 497 2716 Sept.
521 2670 553 2705 2.

400 2830 496 2876 Sept.
522 2831 553 2866 7.

400 2998 497 3043 Sept.
522 2998 554 3033 8.

369 3112 482 3146 Paulo
509 3116 592 3157 post

395 3165 449 3200 13.
470 3164 566 3211 Sept.

1747 164 1865 187 XXXIX

697 270 758 304 Die
778 269 812 304 S.
833 270 975 304 loannis
994 269 1099 313 Bapt.
1120 270 1156 303 C.
1178 270 1212 302 in
1232 269 1364 313 templo
1385 269 1417 303 S.
1439 269 1563 303 Crucis
1591 270 1757 305 ostendit.
1785 281 1864 313 quo-

754 323 855 357 modo
893 323 968 356 dies
1004 323 1064 356 ille
1092 322 1329 357 celebrandus
1366 324 1401 356 et
1435 322 1629 356 Christiani
1666 334 1787 356 omnes
1824 336 1866 356 ex

753 376 916 420 exemplo
944 375 978 410 S.
999 375 1140 409 Ioannis
1168 376 1383 409 reformandi
1410 375 1482 409 sint
1511 375 1626 418 (620).

695 431 793 464 Dom.
815 429 856 463 V.
884 441 917 474 p.
947 429 1046 462 l'ent.
1075 433 1110 462 et
1137 429 1194 462 die
1222 429 1281 463 SS.
1304 429 1401 462 Petri
1429 430 1463 461 et
1492 428 1592 462 Pauli
1622 431 1710 473 App.
1740 429 1867 463 ibidem

753 483 794 517 de
813 483 907 516 Petri
928 483 1008 523 fide,
1028 482 1191 519 eeclesia.
1211 486 1391 527 potestate
1411 484 1604 517 orationem
1626 482 1732 517 habet
1756 483 1867 526 (620).

694 537 792 571 Dom.
815 536 872 570 Vl.
894 548 925 581 p.
948 536 1048 570 l'ent.
1070 536 1210 576 ibidem,
1238 548 1329 580 quae
1353 537 1400 570 sit
1420 547 1504 570 vera
1524 537 1686 577 ecclesia,
1714 536 1867 570 ostendit

752 594 787 624 et
823 602 867 624 ex
903 601 1031 633 evang.
1059 589 1128 623 diei
1169 589 1347 632 „laborem
1384 589 1605 623 manualmn‘
1643 590 1868 624 commendat

692 696 877 742 Supremis
903 696 936 731 S.
963 696 994 730 J.
1023 696 1307 731 moderatoribus
1344 696 1595 731 admissionem
1633 696 1774 740 collegii
1803 697 1867 730 tul-

751 751 873 785 densis
899 750 1126 784 commendat
1155 750 1246 794 (50).

693 804 793 839 Dom.
814 804 891 838 VII.
911 816 943 849 p.
966 804 1064 837 Pent.
1086 804 1118 837 in
1139 804 1272 849 templo
1294 803 1328 838 S.
1349 803 1475 838 Crucis
1502 804 1761 847 indulgentiam
1783 804 1868 838 iubi-

752 858 820 892 laei
857 869 877 891 a
913 858 1086 901 Gregorio
1121 857 1218 892 XIII.
1258 857 1419 891 concessi
1458 858 1667 902 pronuntiat
1705 861 1740 892 et
1777 869 1867 892 com-

753 911 897 945 mendat
926 911 1006 955 (621
1039 911 1137 953 639).

693 964 815 999 Altera
842 965 1002 998 oratione
1031 964 1080 1007 (in
1108 963 1260 998 ecclesia
1286 964 1543 1009 parochiali‘?)‚
1571 964 1655 1009 quid
1682 965 1729 999 sit
1755 964 1868 998 indul-

672 1056 673 1060 *
751 1018 884 1062 gentia,
921 1021 957 1052 et
983 1018 1159 1062 quomodo
1195 1018 1445 1062 consequenda
1472 1019 1529 1059 sit,
1567 1018 1724 1063 explicat
1753 1018 1868 1062 (621).

672 1077 791 1115 ,Dom.
816 1077 910 1112 VIII.
939 1090 971 1122 p.
995 1078 1092 1111 I'ent.
1120 1077 1155 1111 in
1182 1077 1315 1122 templo
1343 1076 1376 1112 S.
1398 1077 1523 1112 Crucis
1557 1089 1686 1121 evang.
1714 1078 1783 1112 diei
1810 1089 1867 1112 ex—

747 1131 858 1175 plicat
884 1134 919 1165 et
947 1131 1117 1176 principis
1136 1130 1344 1165 mandatum
1365 1131 1408 1164 de
1427 1130 1644 1165 eucharistia
1662 1135 1870 1166 reverenter

750 1185 793 1218 ad
821 1190 988 1229 aegrotos
1015 1184 1224 1219 deducenda
1251 1185 1459 1229 pronuntiat
1486 1184 1567 1227 (621
1599 1185 1696 1228 637).

671 1239 756 1279 TDie
784 1243 818 1278 S.
844 1245 978 1278 Mariae
1005 1244 1243 1288 Magdalenae
1280 1244 1410 1278 ibidem
1446 1244 1596 1278 historia
1632 1244 1868 1288 Magdalenae

750 1298 794 1331 ad
820 1298 926 1332 fidem
958 1298 1170 1332 catholicam
1208 1298 1489 1332 confirmandam
1525 1300 1561 1332 et
1586 1310 1724 1332 morum
1752 1310 1868 1333 emen-

670 1392 671 1395 *
751 1351 929 1385 dationem
959 1351 1206 1386 inculcandam
1233 1352 1348 1385 utitur
1376 1351 1492 1394 (621).

670 1409 756 1451 'Die
775 1411 808 1446 S.
832 1412 948 1446 lacobi
968 1413 1034 1456 Ap.
1063 1411 1192 1445 ibidem
1220 1423 1262 1445 ex
1292 1423 1420 1455 evang.
1440 1411 1509 1445 diei
1536 1411 1579 1445 de
1605 1423 1716 1454 regno
1743 1411 1807 1445 Dei
1834 1415 1869 1446 et

670 1454 672 1510 l
751 1466 969 1499 correctione
993 1466 1090 1499 vitae
1117 1465 1222 1505 dicit;
1251 1465 1422 1510 Cyprium
1450 1465 1615 1505 nobilem,
1643 1466 1773 1510 stipem
1800 1465 1867 1500 col-

749 1518 932 1562 ligentem,
960 1519 1186 1553 commendat
1214 1519 1327 1562 (621).

689 1571 792 1606 Dom.
828 1572 888 1607 IX.
926 1585 958 1617 p.
996 1572 1098 1607 Pent.
1138 1585 1183 1606 ex
1219 1584 1348 1615 evang.
1388 1571 1456 1605 diei
1502 1572 1676 1606 adversus
1720 1572 1868 1616 pseudo-

670 1623 671 1627 ’
749 1625 943 1671 propbetas
970 1630 1005 1659 et
1025 1629 1187 1660 recentes
1208 1625 1377 1660 haereses
1396 1625 1526 1659 ibidem
1547 1625 1742 1659 orationem
1762 1624 1867 1659 habet

751 1680 866 1723 (622).

690 1732 789 1767 Dom.
810 1733 852 1768 X.
872 1745 905 1778 p.
926 1732 1026 1767 Pent.
1054 1733 1089 1767 in
1108 1732 1241 1778 templo
1260 1733 1293 1767 S.
1314 1732 1439 1767 Crucis
1458 1743 1503 1766 ex
1522 1744 1651 1776 evang.
1671 1733 1738 1766 diei
1762 1744 1867 1777 opera

749 1786 1016 1820 misericordiae
1043 1786 1271 1820 commendat
1299 1785 1417 1829 (622).

690 1846 791 1881 Dom.
818 1846 879 1880 XI.
908 1858 940 1891 p.
970 1845 1069 1880 Pent.
1097 1848 1132 1880 et
1158 1845 1214 1880 die
1245 1846 1279 1880 S.
1306 1845 1488 1879 Laurentii
1525 1845 1654 1880 ibidem
1691 1845 1868 1881 fidelibus,

750 1900 924 1944 quomodo
952 1900 985 1934 in
1014 1899 1120 1934 rebus
1147 1899 1191 1934 ad
1214 1900 1388 1945 templum
1415 1900 1664 1945 spectantibus
1692 1902 1868 1944 peccetur.

749 1966 794 1988 ex
821 1965 950 1997 evang.
976 1953 1178 1988 Dominicae
1205 1953 1362 1988 ostendit
1389 1957 1425 1987 et
1450 1965 1511 1988 eos
1537 1953 1580 1988 ad
1609 1954 1867 1988 confessionem

749 2012 785 2042 et
810 2008 1094 2042 communionem
1122 2007 1287 2042 hortatur
1317 2008 1401 2049 (622
1429 2007 1526 2051 638).

689 2067 754 2102 Die
781 2068 1048 2112 Assumptionis
1076 2067 1114 2102 B.
1135 2067 1181 2102 M.
1202 2068 1245 2101 V.
1265 2067 1395 2102 ibidem
1422 2067 1547 2102 fideles
1573 2070 1703 2108 monet,
1731 2070 1770 2101 ut
1788 2078 1867 2102 eum

748 2123 840 2156 diem
867 2122 988 2164 magni
1017 2121 1161 2162 faciant,
1199 2122 1238 2156 Β.
1259 2121 1410 2155 Mariam
1438 2133 1534 2155 more
1562 2122 1735 2155 maiorum
1762 2120 1867 2155 hono-

748 2178 838 2214 rent,
866 2187 982 2209 mores
1010 2175 1201 2209 emendent
1230 2175 1347 2219 (622).

689 2235 788 2270 Dom.
817 2236 896 2270 XII.
923 2248 955 2281 p.
986 2236 1087 2270 Pent.
1119 2235 1250 2269 ibidem
1288 2247 1416 2279 evang.
1446 2234 1516 2269 diei
1551 2246 1571 2268 a
1610 2236 1862 2277 „novatorunff

748 2301 859 2335 prava
891 2289 1187 2334 interpretatione
1215 2289 1395 2329 vindicat;
1432 2299 1538 2333 opera
1567 2288 1667 2328 bona,
1694 2288 1868 2334 imprimis

747 2343 954 2384 orationem,
983 2343 1210 2377 commendat
1239 2343 1356 2386 (622).

668 2414 669 2425 1
688 2397 790 2432 Dom.
810 2397 905 2431 XIII.
925 2409 958 2442 p.
980 2397 1081 2431 Pent.
1102 2399 1136 2431 et
1163 2396 1220 2431 die
1248 2397 1281 2431 S.
1304 2395 1567 2430 Bartholomaei
1588 2396 1655 2441 Ap.
1675 2408 1720 2430 ex
1739 2407 1867 2439 evang.

747 2451 816 2484 diei
852 2450 1088 2484 caerimonias
1126 2450 1394 2485 ecclesiasticas
1433 2449 1557 2484 laudat
1593 2454 1629 2484 et
1664 2448 1867 2494 aequalium

747 2504 880 2538 malam
909 2505 1020 2538 vitam
1049 2503 1279 2548 reprehendit
1309 2504 1424 2547 (623).

689 2557 789 2592 Dom.
808 2557 904 2592 XIV.
924 2570 956 2603 p.
980 2558 1080 2592 Pent.
1107 2557 1238 2591 ibidem
1266 2569 1312 2591 ex
1339 2568 1468 2601 evang.
1495 2557 1565 2592 diei
1591 2557 1697 2592 fidem
1725 2560 1760 2592 et
1779 2557 1867 2592 cari—

747 2615 857 2646 tatem
886 2611 1111 2646 commendat
1140 2611 1255 2654 (623).

688 2672 841 2706 Rectore
867 2672 1105 2716 oenipontano
1131 2682 1277 2705 munere
1303 2671 1424 2705 levato
1461 2673 1497 2705 et
1523 2683 1567 2705 ex
1594 2671 1681 2705 urbe
1708 2671 1867 2716 profecto

748 2725 915 2760 Canisius
942 2726 1041 2759 iussu
1062 2724 1200 2759 Hoffaei
1222 2724 1455 2770 provincialis
1477 2726 1737 2770 „superiorem“
1760 2736 1867 2768 agere

748 2779 875 2824 incipit
905 2779 996 2823 (93).

688 2833 789 2867 Dom.
818 2833 894 2867 XV.
924 2844 956 2878 p.
990 2833 1087 2866 Pent.
1118 2832 1153 2866 in
1184 2832 1319 2878 templo
1346 2832 1380 2867 S.
1401 2832 1526 2867 Crucis
1554 2844 1683 2876 evang.
1711 2832 1779 2866 diei
1807 2844 1868 2866 ex-

748 2886 896 2931 plicans,
934 2886 1156 2921 auditoribus
1190 2886 1359 2927 inculcat,
1396 2889 1435 2920 ut
1461 2886 1668 2921 sacerdotes
1693 2885 1867 2920 honorent

770 2940 838 2975 623
862 2968 868 2975 .

690 2943 763 3034 Die(
781 2942 994 3034 Nativitatis
1020 2999 1059 3034 B.
1078 3000 1126 3034 M.
1147 2999 1189 3034 V.
1217 3000 1416 3049 ibidemlde
1448 3011 1550 3035 sacro
1586 2999 1653 3034 hoc
1679 2999 1735 3033 die
1770 3002 1867 3033 recte

749 3053 961 3088 celebrando
989 3056 1024 3087 et
1050 3053 1093 3088 de
1119 3056 1258 3098 septem
1281 3054 1319 3088 Β.
1339 3053 1476 3088 Mariae
1495 3053 1617 3088 verbis
1643 3053 1731 3087 dicit
1751 3052 1865 3096 (623).

690 3113 940 3148 Balthasarem
970 3113 1121 3147 Arnoldt
1157 3113 1369 3158 scriptorem
1405 3124 1509 3148 suum
1541 3112 1690 3147 Romam
1725 3113 1761 3146 in
1797 3111 1866 3146 col-

750 3166 881 3211 legium
909 3166 1153 3210 germanicum
1180 3166 1293 3200 mittit
1323 3166 1384 3209 (90
1410 3166 1484 3210 97).
