2051 3433
181 203 242 226 LIV

217 313 325 354 1577

234 644 323 679 1577

235 751 322 785 1577

233 863 321 898 1577
373 866 374 874 ’

234 1081 322 1116 1577
373 1075 375 1128 ζ

233 1194 321 1228 1577
374 1195 375 1198 ’

235 1301 322 1335 1577

234 1414 322 1449 1577

234 1529 322 1562 1577

223 1639 329 1679 1577
375 1638 376 1682 Ξ

236 1838 324 1872 1577

235 1891 324 1925 1577

236 1950 325 1985 1577

238 2058 325 2092 1577

238 2112 326 2146 1577

236 2165 326 2200 1577

237 2218 326 2253 1577

238 2277 326 2312 1577

238 2391 326 2426 1577

239 2451 328 2486 1577

239 2564 328 2599 1577

241 2672 328 2706 1577

226 2787 337 2828 1577

227 2989 338 3030 1577

244 3187 333 3222 1577

641 190 702 224 lll.
731 188 890 223 Tabulae
918 187 1190 232 chronologicae
1217 188 1315 222 vitae
1342 187 1474 222 Canisii

457 1079 554 1113 Inter
583 1079 681 1113 Febr.

496 1135 531 1166 et
558 1134 642 1177 Apr.

500 1191 630 1225 Martio

472 1297 581 1332 Mart.
602 1298 656 1332 21.

374 1431 375 1463 ζ
418 1411 514 1445 Inter
541 1411 596 1446 24.
616 1411 722 1446 Mart.

457 1468 493 1499 et
521 1465 575 1499 18.
593 1465 678 1509 Apr.

374 1520 376 1565 ᾗ
395 1524 506 1559 Paulo
530 1525 612 1559 ante
632 1524 740 1558 finem

501 1577 634 1611 Martii.

421 1639 459 1680 A
493 1640 561 1681 31.
588 1639 716 1682 Mart.

425 1705 479 1747 ad
514 1706 578 1747 10.
605 1704 708 1759 Apr.

479 1840 586 1874 Mart.
605 1841 660 1875 31.

500 1894 584 1939 Apr.
605 1895 636 1928 3.

437 1953 534 1987 Inter
561 1956 706 1988 exeunt.

397 2008 504 2041 Mart.
515 2010 550 2041 et
559 2007 649 2042 med.
659 2009 742 2053 Apr.

502 2062 584 2105 Apr.
606 2062 638 2096 5.

501 2116 587 2159 Apr.
607 2115 640 2148 7.

502 2171 587 2213 Apr.
607 2169 638 2203 8.

503 2224 586 2267 Apr.
608 2223 640 2257 9.

411 2282 515 2318 Circa
533 2284 622 2318 med.
646 2284 731 2328 Apr.

435 2397 527 2430 Ante
546 2395 603 2430 22.
624 2397 708 2441 Apr.

447 2454 549 2489 Circa
577 2455 631 2489 22.
655 2456 703 2501 ad

493 2509 550 2543 25.
570 2510 655 2553 Apr.

403 2568 485 2602 Post
495 2568 585 2602 med.
596 2568 680 2613 Apr.
695 2569 744 2612 (‘?)

495 2675 580 2719 Apr.
600 2674 656 2709 25.

422 2727 479 2761 vel
507 2727 611 2772 paulo
640 2731 719 2772 post
764 2743 765 2749 ¹

764 2790 901 2844 'Opus
937 2791 1186 2831 Marianum
1220 2789 1338 2841 („De
1367 2789 1512 2830 Maria
1548 2789 1719 2844 Ve'rqz'oze
1752 2790 1962 2842 incompa-

421 2787 544 2830 Circa
567 2803 620 2830 m.
646 2788 724 2832 Iul.

439 2988 525 3031 Sub
550 3003 602 3031 m.
630 2989 706 3032 Iul.

428 3187 499 3222 Sub
524 3188 629 3222 finem
659 3188 723 3223 Iul.

775 309 969 349 Coloniae
1002 308 1118 362 apua?
1147 308 1363 348 Calenium
1400 308 1441 347 in
1477 308 1607 348 lucem
1639 308 1784 361 prodit
1810 306 1951 361 „Opus

834 372 1163 414 catecleiste'cum‘·
1184 373 1266 413 sive
1283 372 1407 412 editio
1426 373 1646 413 emendata
1667 376 1790 427 atque
1804 372 1950 426 ampli-

833 440 956 488 stuata
1003 436 1369 485 „Auffmritatmffl
1411 438 1660 491 Scripturae
1700 441 1735 478 et
1773 437 1949 478 Patrum

834 518 908 558 pet·
932 503 974 543 l).
994 503 1162 543 Petrum
1188 503 1396 544 anaeum
1416 502 1458 543 S.
1477 502 1520 543 J.
1546 503 1682 543 verbis
1702 500 1947 551 „Summaoest

836 569 1087 609 canisianae
1119 568 1453 622 subscriptarum
1489 565 1626 619 (766).

779 639 947 681 „Sumam
988 639 1170 671 doctrinae
1204 635 1446 671 christianae“
1487 638 1596 670 latine
1635 638 1753 670 editur
1790 637 1956 671 Coloniae

838 691 952 733 (764).

782 746 817 779 C.
840 745 1078 778 Cateche'smns
1097 746 1131 777 [n
1153 745 1315 778 omnibus
1341 744 1469 778 scholi>-
1489 744 1702 787 reipublicae
1719 744 1957 788 friburyensis

837 798 1011 841 erplc'cari
1034 798 1175 831 iubetur
1198 798 1314 840 (765).

780 859 991 892 Cardinalt's
1027 858 1208 901 Altaemps
1246 858 1283 891 C.
1316 858 1471 890 Parvum
1511 857 1763 891 Catechetwmmn
1802 857 1954 891 Catholi-

837 923 957 945 cornm
982 923 1058 943 cum
1077 911 1344 953 precationibus
1360 911 1570 954 Inyolstadiz'
1589 912 1829 944 excudendum
1853 915 1957 944 curat

837 969 865 998 et
886 967 922 997 in.
949 965 1150 1006 episcopatu
1177 965 1431 997 constantiensi
1454 965 1579 1007 solnm,
1607 965 1751 997 seclusis
1776 965 1870 1007 aliis,
1898 975 1955 997 ex-

831 1019 969 1061 plicari
995 1018 1088 1050 iubet
1116 1017 1230 1060 (765).

780 1077 963 1111 pontificis
990 1077 1088 1110 iussu
1117 1088 1195 1110 cum
1217 1076 1331 1111 Sociis
1358 1077 1400 1110 de
1427 1076 1584 1111 alumnis
1611 1076 1804 1121 pontificiis
1823 1076 1856 1110 in
1877 1088 1955 1110 con-

838 1130 972 1164 victum
1000 1129 1035 1164 S.
1057 1130 1186 1173 ignatii
1214 1130 1447 1164 admittendis
1473 1130 1550 1173 agit
1580 1130 1663 1173 (396
1690 1130 1789 1172 400).

781 1192 905 1234 Operis
940 1191 1108 1223 Mariani
1142 1191 1271 1223 librum
1308 1191 1343 1224 Γ.
1383 1191 1587 1232 (ultimum)
1628 1192 1803 1234 componit
1836 1195 1865 1224 et
1899 1201 1957 1224 es-

837 1245 932 1277 cudit
961 1243 1076 1286 (763).

778 1297 816 1331 C.
845 1297 994 1341 eiusque
1021 1296 1114 1330 Socii
1150 1297 1318 1331 iubentur
1356 1297 1608 1331 adulescentes
1646 1297 1794 1337 nobiles,
1830 1297 1890 1341 qui
1920 1296 1957 1331 in

837 1350 1028 1394 collegium
1048 1350 1293 1393 germanicum
1313 1350 1455 1385 admitti
1476 1351 1625 1396 possint,
1650 1362 1822 1396 quaerere
1843 1350 1956 1392 (597).

778 1410 974 1444 Mai-tinum
1002 1409 1044 1443 de
1071 1409 1317 1454 Schaumberg
1349 1410 1557 1455 episcopum
1584 1412 1843 1455 eystettensem
1871 1407 1957 1456 (Ey-

837 1461 949 1498 stadii
976 1462 1037 1498 vel
1066 1472 1177 1508 prope
1208 1462 1437 1508 Eystadium)
1467 1464 1592 1498 invisit
1621 1464 1734 1508 (401).

780 1523 1027 1557 proficiscitur
1055 1521 1316 1558 Laiulisliutuni
1350 1523 1434 1565 (399
1462 1525 1559 1561 771).

780 1638 862 1680 Per
895 1638 1209 1681 hebdomadem
1243 1637 1447 1680 maiorem
1473 1638 1652 1692 diesque
1681 1652 1828 1681 sacros
1851 1638 1957 1680 Pas-

839 1704 979 1752 chatis
1033 1717 1176 1746 coram
1225 1703 1455 1746 Guilielmo
1501 1703 1719 1746 Bavariae
1765 1703 1958 1758 principe

840 1769 1118 1812 contionatur
1151 1768 1288 1822 (771).

780 1840 881 1874 Dom.
910 1839 1115 1873 Palmarum
1144 1839 1372 1874 contionatur
1401 1839 1514 1882 (771).

782 1893 1017 1928 Contionatur
1045 1893 1160 1935 (771).

762 1956 763 1964 ¹
787 1954 999 1987 Guilielmus
1017 1954 1098 1995 (1⁷.)
1118 1954 1298 1987 Bavariae
1321 1954 1488 1997 princeps
1517 1954 1554 1988 C.
1584 1964 1671 1996 opus
1690 1954 1846 1986 Μανὶαἷε
1871 1963 1958 1986 com-

836 2009 1001 2050 ponentis
1026 2008 1223 2050 aliqnando
1250 2009 1322 2050 ayit
1349 2009 1554 2050 scriptorem
1587 2006 1701 2049 (772).

781 2060 820 2096 C.
848 2060 904 2094 die
935 2060 1154 2094 Parasceves
1181 2061 1409 2094 contionatur
1438 2060 1553 2103 (771).

781 2114 882 2149 Dom.
910 2114 1101 2148 Paschatis
1128 2114 1354 2148 contionatur
1383 2114 1496 2156 (771).

782 2167 820 2203 F.
848 2168 891 2202 ΙΙ.
918 2167 1109 2202 Paschatis
1136 2168 1362 2202 contionatur
1391 2167 1504 2211 (771).

762 2221 820 2267 3F.
847 2221 909 2255 ΙΙΙ.
938 2221 1128 2256 Paschatis
1154 2221 1382 2256 contionatur
1411 2221 1524 2264 (771).

783 2281 971 2315 Pontificis
990 2281 1088 2315 iussu
1108 2292 1187 2315 cum
1207 2280 1321 2315 Sociis
1340 2280 1382 2314 de
1403 2280 1559 2315 alumnis
1579 2279 1772 2325 pontificiis
1796 2278 1961 2323 Dilingae

842 2337 877 2369 in
905 2335 1110 2369 convictum
1138 2335 1171 2369 S.
1193 2334 1405 2379 Hieronymi
1432 2333 1666 2368 admittendis
1694 2332 1771 2376 agit
1800 2332 1913 2377 (400).

763 2382 988 2440 lAugusiam
1017 2394 1162 2428 advenit
1189 2393 1306 2438 (403).

782 2456 886 2489 Iussu
915 2454 1079 2498 Gregorii
1101 2453 1198 2488 XIII.
1226 2453 1336 2487 libros
1364 2452 1521 2499 Philippi
1546 2452 1703 2487 Eduardi
1729 2451 1885 2496 Fuggeri
1912 2453 1960 2486 in-

842 2508 949 2552 spicit
976 2511 1011 2541 et
1037 2507 1080 2541 de
1106 2508 1150 2542 iis
1177 2508 1220 2541 ad
1248 2506 1466 2541 cardinalem
1495 2506 1669 2540 Rebibam
1705 2506 1817 2540 refert
1845 2505 1961 2549 (402).

783 2567 886 2612 Apud
907 2567 1069 2601 Marcum
1091 2566 1295 2610 Fuggerum
1323 2577 1478 2601 coenans
1505 2565 1666 2610 disputat
1692 2576 1771 2599 cum
1797 2564 1961 2600 Geizkof-

842 2621 916 2655 lero
943 2620 1134 2655 lutherano
1163 2621 1278 2664 (773).

784 2675 1124 2718 Inyolstadium
1164 2675 1256 2708 redit
1283 2674 1331 2706 ad
1357 2684 1445 2717 opus
1470 2674 1680 2707 Marianum
1717 2672 1963 2706 absolvendum

847 2728 961 2770 (402).

843 2855 973 2896 rabili
994 2889 1001 2896 .
1021 2889 1028 2896 .
1047 2889 1054 2897 .
1075 2855 1230 2896 Libros
1253 2853 1489 2909 qetinque“)
1514 2853 1686 2895 absolvit
1710 2858 1743 2895 et
1766 2855 1809 2894 in
1833 2853 1961 2894 lucem

846 2921 990 2961 eneitte't
1023 2919 1126 2971 (408
1161 2919 1279 2971 409).

786 2990 994 3031 Hoffaeus
1049 2989 1322 3044 praepositus
1376 2988 1655 3042 provincialis
1703 2986 1963 3030 Germaniae

846 3054 1087 3109 Superioris
1129 3054 1171 3096 C.
1207 3053 1287 3095 sibi
1332 3053 1530 3107 adiungit
1573 3052 1735 3095 socium
1778 3052 1822 3094 in
1864 3066 1962 3107 pro-

845 3120 988 3162 vincia
1021 3119 1238 3162 visitanda
1273 3122 1355 3161 etc.
1391 3118 1493 3168 (408
1529 3118 1646 3169 463).

786 3189 824 3224 C.
853 3189 1074 3232 Ingolstadio
1101 3188 1254 3223 discedit
1281 3188 1399 3231 (409).
