2062 3443
626 166 815 201 Monachio
842 166 897 201 24.
918 166 1126 200 Decembris
1156 166 1256 201 1578.
1741 171 1826 211 479

59 286 110 328 de
143 299 275 328 causa
307 287 401 328 tota
435 285 665 328 conferret.
718 285 902 338 Reliqua
934 284 1090 327 iudicio
1125 285 1169 327 P.
1194 284 1242 327 Τ.
1276 285 1491 327 submissa
1524 287 1568 327 et
1600 285 1829 327 commissa

57 354 199 399 sunto,
235 351 411 403 eiusque
443 351 642 404 precibus
677 364 743 392 me
776 350 1027 392 commendo
1060 349 1102 391 in
1136 350 1305 392 Christo
1339 350 1511 392 domino
1544 349 1745 400 maxime,
1781 353 1830 392 vt

57 430 214 458 nouum
249 429 427 466 annum,
468 416 539 469 qui
573 420 639 458 est
673 416 833 458 aetatis
865 428 988 457 meae
1022 416 1090 465 58,
1126 415 1178 456 ad
1212 429 1335 457 suam
1367 415 1552 468 gloriam
1585 415 1687 456 mihi
1722 416 1830 457 bene

56 480 265 522 fortunet.

177 545 271 587 Hoc
305 559 435 586 vnum
469 548 713 594 annectam,
757 545 944 587 fortasse
977 544 1185 586 Societati
1229 558 1312 586 non
1347 545 1611 595 obfuturum,
1656 545 1690 586 si
1726 545 1830 587 Pro-

57 611 260 652 uintiales
293 611 432 653 nostri
459 624 607 652 omnes
633 611 676 654 P.
697 611 748 653 V.
774 611 911 653 literis
941 610 1122 652 excitati
1157 609 1260 652 dent
1294 624 1483 664 operam,
1517 613 1567 653 ut
1599 610 1832 663 quotannis

57 675 100 718 in
133 676 294 718 Vrbem
329 676 535 725 scribant,
579 690 633 718 an
667 676 776 717 ullos
810 676 851 717 in
885 675 1069 717 subditis
1101 675 1292 716 habeant
1335 676 1449 717 circa
1481 676 1604 717 aulas
1637 679 1681 718 et
1713 676 1831 729 prin-

57 741 175 795 cipes
208 741 335 782 ualde
368 744 615 795 occupatos,
650 744 694 783 et
726 740 760 782 si
795 741 907 783 tales
940 741 1141 790 habeant,
1186 741 1409 794 possintne
1441 741 1537 783 illos
1570 742 1833 795 tempestiue

58 806 143 848 alio
178 806 367 855 mittere,
401 808 470 848 ut¹¹
504 806 579 847 neb
602 806 677 848 illa
700 806 892 860 pericula
915 808 959 847 et
981 805 1267 854 incommoda,
1302 820 1413 859 quae
1440 806 1580 859 magis
1603 806 1830 859 magisque

57 885 105 913 se
137 869 297 913 nestris
319 872 518 921 offerunt,
553 874 829 924 augeantur⁰.
880 870 1086 912 Dominus
1118 871 1248 913 Jesus
1281 885 1336 913 ex
1365 871 1430 912 his
1454 885 1623 925 quoque
1646 871 1834 925 miserijs

57 950 136 978 nos
168 939 306 986 eruat,
350 938 394 978 et
435 937 476 977 in
519 940 671 978 sancta
715 936 941 990 disciplina
983 942 1212 978 conseruet
1254 936 1438 987 omnes&
1483 936 1555 989 qui
1596 936 1755 978 mundo
1789 941 1833 978 et

57 1002 167 1044 aulis
199 1001 357 1044 mortui
389 1015 485 1043 esse
517 1001 734 1043 debemus.
781 1001 968 1043 Felicem
1001 1015 1160 1043 annum
1184 1016 1338 1056 precor
1360 1002 1556 1044 omnibus
1580 1004 1624 1044 et
1647 1002 1832 1054 singulis

57 1067 103 1110 P.
127 1066 459 1116 Assistentibus,
494 1067 606 1109 sicut
638 1070 683 1109 et
717 1067 760 1109 P.
786 1066 1030 1110 Secretario
1047 1068 1072 1117 1,
1107 1066 1177 1120 qui
1213 1070 1257 1109 et
1288 1081 1365 1121 pro
1390 1081 1457 1109 me
1479 1067 1709 1109 Dominum
1734 1081 1833 1121 pre-

59 1132 148 1175 cari
181 1132 415 1186 dignentur
447 1145 620 1185 quaeso.
676 1131 891 1186 Monachij
927 1134 982 1173 24
1015 1132 1218 1175 Decemb.
1248 1133 1373 1175 1578.

957 1203 1119 1245 Seruus
1151 1202 1194 1244 in
1227 1202 1399 1245 Christo
1432 1203 1478 1246 P.
1503 1203 1713 1246 Canisius.

178 1287 205 1337 †
238 1285 482 1328 Admodum
516 1285 772 1327 Reuerendo
804 1285 846 1327 in
880 1285 1052 1328 Christo
1085 1285 1206 1328 Patri
1238 1287 1402 1335 nostro,
1436 1285 1558 1328 Patri
1590 1285 1836 1328 Euerardo⁰

59 1351 347 1402 Mercuriano,
382 1351 615 1394 Societatis
646 1351 753 1393 Jesu
786 1350 1044 1405 Praeposito
1077 1350 1285 1403 generali.
1369 1351 1547 1394 Romae.

183 1444 367 1477 Guilielmi
390 1443 563 1489 principis
595 1443 766 1478 *litteras
792 1443 836 1477 ad
864 1443 1142 1484 Mercurianum,
1178 1454 1268 1487 quas
1309 1442 1475 1477 Canisius
1508 1443 1542 1477 in
1578 1442 1646 1478 hac
1681 1443 1837 1488 epistula

60 1499 327 1538 commemorat,
354 1496 413 1531 hic
438 1497 522 1542 poni
548 1497 735 1537 convenit;
772 1496 987 1530 utilissimae
1015 1497 1108 1530 enim
1143 1498 1229 1530 sunt
1260 1496 1305 1530 ad
1341 1507 1499 1537 causam,
1535 1508 1642 1540 quam
1670 1497 1836 1531 Canisius

61 1550 204 1594 agebat,
231 1551 536 1595 perspiciendam;
563 1552 745 1595 ponuntur
771 1553 891 1584 autem
920 1561 965 1583 ex
984 1549 1182 1594 archetypo
1210 1549 1288 1593 (2⁰;
1320 1550 1385 1592 1¹l2
1413 1562 1490 1594 pp.;
1519 1550 1554 1584 in
1582 1562 1613 1595 p.
1633 1551 1655 1584 4
1673 1550 1780 1585 inscr.
1800 1555 1837 1584 et

60 1603 260 1649 particulae
279 1603 363 1647 sig.)
384 1604 429 1638 ab
448 1605 526 1649 ipso
545 1603 737 1639 Guilielmo
755 1603 971 1648 subscripto,
999 1603 1093 1648 quod
1113 1605 1169 1637 est
1187 1603 1222 1637 in
1245 1603 1354 1648 „Epp
1376 1603 1458 1637 Ext.
1479 1604 1543 1638 28⁸
1574 1606 1598 1638 f.
1620 1604 1838 1638 1562—1572

63 1656 126 1701 (of.
146 1657 254 1691 etiam
282 1658 401 1701 Duhr,
429 1657 501 1692 Jes.
522 1669 567 1691 an
593 1657 783 1692 Fiirstenh.
807 1656 901 1700 120).

513 1727 728 1763 Guilielmus
754 1727 820 1762 Dei
847 1727 966 1771 gratia
993 1727 1121 1761 Comes
1147 1727 1337 1762 Palatinus

512 1782 627 1816 Rheni
653 1781 852 1826 Vtriusque
878 1781 1056 1816 Bauariae
1083 1781 1165 1815 Dux
1196 1784 1264 1815 etc.
1296 1826 1299 1828 η

184 1852 346 1887 Salutem
373 1865 415 1887 ac
433 1853 722 1887 beneuolentiam
749 1855 922 1893 nostram,
949 1851 1152 1886 Admodum
1172 1851 1382 1886 Reuerende
1409 1852 1511 1886 nobis
1537 1852 1677 1886 sincere
1696 1852 1838 1893 dilecte,

62 1906 151 1941 Cum
170 1906 403 1940 Reuerendus
421 1906 477 1940 vir
495 1906 625 1940 Petrus
645 1906 811 1940 Canisius
829 1906 1016 1940 societatis
1036 1905 1142 1939 Ihesu
1160 1905 1395 1948 Theologuss,
1424 1906 1660 1940 Prouincialis
1678 1906 1732 1939 sui
1745 1906 1758 1925 2
1779 1918 1838 1939 no-

61 1961 156 1995 mine
182 1962 290 2004 atque
315 1960 433 1994 verbis
458 1972 570 2005 nuper
593 1960 636 1994 de
655 1962 778 1994 vestra
803 1959 990 1994 voluntate
1016 1959 1119 1993 nobis
1148 1959 1403 2002 significasset,
1432 1960 1475 1993 ad
1504 1960 1627 1993 urbem
1647 1959 1841 1993 nimirumg

61 2014 183 2048 vocari
203 2012 451 2047 Reuerendum
479 2013 581 2047 nobis
609 2013 882 2047 dilectissimum
912 2012 1135 2047 Dominicum
1157 2012 1377 2055 Menginum,
1405 2013 1638 2046 vehementer
1657 2024 1697 2046 eo
1715 2013 1840 2046 nuntio

61 2078 187 2102 sumus
208 2066 338 2107 affecti,
363 2067 496 2111 quippe
524 2067 617 2110 quod
639 2067 669 2101 is
693 2067 804 2107 nobis,
833 2067 1048 2109 coniugique
1071 2066 1306 2100 charissimae
1320 2067 1343 2106 ³,
1370 2077 1413 2100 ac
1437 2066 1561 2100 multis
1583 2069 1770 2111 praeterea
1795 2078 1840 2099 ex

61 2121 190 2155 Aulica
215 2123 339 2153 nostra
366 2119 513 2160 familia,
550 2119 621 2165 pijs
652 2120 865 2156 hominibus.
892 2132 956 2164 per
982 2119 1105 2164 plures
1132 2119 1201 2152 iam
1230 2130 1342 2153 annos
1368 2131 1388 2152 a
1414 2120 1528 2153 sacris
1556 2119 1842 2153 confessionibus

62 2174 209 2208 existat.
260 2173 325 2207 Cui
361 2173 504 2217 quidem
541 2185 605 2207 suo
643 2173 793 2218 munerj,
830 2176 869 2207 ut
896 2185 1026 2207 vacare
1053 2176 1176 2217 posset
1204 2173 1445 2207 commodius:
1482 2173 1658 2218 superiori
1691 2175 1841 2212 aestate,

61 2239 129 2262 non
157 2227 270 2261 solum
299 2226 330 2260 is
356 2238 376 2261 a
406 2226 622 2261 Prouinciali
658 2226 834 2261 liberatus
869 2230 925 2261 est
950 2226 1217 2260 Monac-hiensis
1254 2226 1440 2260 societatis
1476 2226 1618 2271 collegij
1647 2226 1841 2260 Rectoratu

64 2280 157 2326 quod
192 2280 326 2314 multos
361 2291 474 2314 annos
509 2280 705 2325 prudenter
741 2280 1028 2314 administrauit:
1068 2280 1130 2313 sed
1169 2281 1276 2313 etiam
1312 2279 1348 2312 in
1384 2279 1529 2323 pietatis
1565 2279 1842 2323 deuocionisque

61 2337 206 2369 nostrae
232 2345 348 2374 vsum,
376 2337 473 2368 totus
500 2334 656 2368 traditus
676 2336 712 2367 et
738 2344 940 2374 concessus,
961 2333 1055 2367 vnde
1082 2334 1201 2367 facere
1220 2333 1381 2367 vicissim
1407 2332 1560 2367 libenter
1587 2332 1776 2371 voluimus,
1804 2335 1843 2366 ut

61 2389 216 2423 societas
243 2387 370 2431 quouis
397 2391 609 2430 argumento
628 2387 862 2432 experiretur.
890 2398 996 2431 quam
1017 2390 1160 2430 gratum
1179 2386 1280 2419 nobis
1299 2386 1479 2420 accideret
1496 2386 1562 2420 hoc
1582 2386 1658 2420 eius
1677 2386 1842 2427 otfitium,

62 2440 161 2483 Quod
196 2441 226 2475 si
255 2442 324 2474 iam
360 2441 419 2474 ille
455 2441 660 2484 eripiendus
696 2440 797 2474 nobis
833 2441 937 2481 foret,
965 2452 1034 2484 quo
1071 2440 1105 2474 iu
1142 2439 1197 2483 ijs,
1233 2451 1326 2483 quae
1361 2439 1490 2473 salutis
1526 2441 1610 2473 sunt
1640 2440 1842 2483 summique

61 2495 232 2530 momenti
259 2495 365 2528 rebus
391 2494 545 2528 libenter
571 2494 826 2537 commodeque
853 2505 978 2528 sumus
1005 2494 1059 2527 usi
1096 2495 1270 2537 cuiusque
1298 2493 1374 2526 vita
1402 2496 1437 2526 et
1473 2492 1701 2526 conuersatio
1727 2493 1843 2526 omnis

62 2548 151 2582 nihil
178 2547 273 2582 aliud
300 2550 368 2588 est,
403 2559 510 2591 quam
537 2548 622 2581 viua
649 2548 692 2581 ad
720 2548 892 2592 pietatem
929 2551 1038 2590 atque
1075 2546 1321 2589 integritatem
1359 2546 1560 2580 cohortatio
1596 2549 1631 2580 et
1667 2546 1842 2585 doctrina,

61 2614 132 2636 non
158 2603 281 2646 posset
307 2601 469 2645 equidem
498 2601 533 2634 id
561 2600 667 2634 aliter
693 2612 801 2644 quam
828 2600 1045 2644 grauissime
1072 2599 1174 2633 nobis
1200 2599 1372 2640 accidere,
1399 2599 1475 2633 Nec
1502 2601 1595 2633 enim
1624 2599 1733 2633 alium
1755 2599 1841 2634 Con-

61 2655 252 2690 fessarium
292 2654 399 2688 facile
438 2654 673 2695 admittimus,
715 2654 759 2688 ob
799 2665 928 2688 causas
965 2654 1110 2687 minime
1149 2653 1442 2687 contemnendas.
1503 2653 1672 2687 Libenter
1710 2655 1746 2687 et
1784 2653 1842 2686 ad-

181 2736 208 2766 a)
230 2737 289 2761 Hoc
310 2745 332 2760 r.
352 2744 445 2767 supra
467 2743 581 2760 versum
601 2736 742 2766 scriptum
758 2738 807 2760 est.
886 2734 917 2766 b)
938 2735 1078 2766 Sequitur
1098 2734 1138 2761 in.
1158 2735 1248 2759 amm.
1336 2734 1363 2763 c)
1385 2735 1431 2758 Ita
1452 2742 1527 2759 corr.
1548 2738 1589 2759 est
1610 2743 1646 2759 es
1665 2732 1844 2759 incidamus.

63 2775 93 2806 d)
114 2778 283 2809 Sequuntur
304 2785 344 2802 ιϊ.
366 2777 394 2802 in
416 2776 473 2801 hoc
492 2784 559 2807 suo,
579 2777 669 2801 omitt.
753 2782 780 2807 e)
803 2778 944 2808 Sequitur
964 2777 1057 2807 Boi-g,
1078 2777 1167 2800 obliti.
1256 2775 1279 2802 f·
1302 2777 1453 2800 Meum-Mi
1476 2785 1504 2800 ιιι
1526 2777 1645 2801 archiva
1666 2776 1844 2807 reipublicae

62 2820 218 2844 bavaricae
238 2820 310 2849 (Jes.
334 2819 451 2850 Inyolst.
478 2821 547 2843 13:39
561 2820 596 2843 ΙΙ
611 2820 634 2849 s'.
657 2821 670 2843 1
688 2822 754 2850 post
774 2821 822 2846 ΝΟ)
842 2820 948 2843 harum
980 2819 1148 2842 litem-urm„
1176 2821 1272 2841 essm!
1298 2819 1557 2848 corw›1en!(1rinm;
1583 2818 1657 2849 111ch
1683 2819 1725 2842 sic
1743 2818 1846 2842 habet:

63 2859 137 2885 Cum
164 2859 364 2885 Reuerendus
385 2860 416 2884 et
437 2859 635 2885 doctissimus
656 2859 703 2884 vir
725 2858 814 2885 nobis
835 2859 864 2884 in
886 2859 994 2892 primis
1018 2858 1156 2887 dilectus,
1176 2857 1287 2883 Penus
1308 2858 1457 2885 Cauisius.
1532 2862 1562 2891 g)
1583 2859 1714 2884 nmirum
1735 2859 1843 2884 archer.

187 2956 195 2975 ¹
225 2954 276 2988 De
302 2954 559 2988 assistentibus
582 2967 614 2989 v,
633 2966 742 2999 supra
768 2967 801 3000 p.
824 2955 935 2996 130‘2,·
964 2954 1156 2989 Societatis
1182 2955 1415 2988 secretarium
1442 2957 1528 2988 tunc
1556 2954 1675 2997 egisse
1701 2953 1844 2986 videtu.-

62 3019 133 3042 non
159 3008 229 3042 iam
257 3007 296 3042 P.
316 3008 496 3041 Antonius
515 3007 747 3049 possevinus,
774 3008 835 3052 qui
862 3020 907 3042 ex
933 3008 1116 3051 legatione
1143 3008 1286 3041 suecica
1312 3009 1409 3041 circa
1435 3007 1576 3040 initium
1604 3018 1648 3040 m.
1678 3005 1844 3040 Octobris

65 3061 157 3096 1578
183 3060 333 3095 Romam
368 3061 524 3094 redierat
551 3060 778 3105 (Sacchinus,
816 3061 907 3096 Hist.
938 3061 985 3095 IV
1014 3061 1037 3095 l.
1057 3062 1088 3101 6,
1124 3073 1157 3094 n.
1179 3061 1244 3101 76;
1286 3061 1449 3102 TIeetner,
1477 3060 1676 3095 Schweden
1703 3059 1719 3093 l
1745 3058 1845 3101 502),

63 3115 126 3149 sed
153 3114 191 3149 P.
212 3114 326 3148 Iulius
352 3114 477 3148 Fatius
506 3113 564 3157 (de
591 3125 660 3158 quo
690 3115 777 3149 Can.
799 3114 847 3149 Vl
874 3114 960 3155 585;
991 3115 1109 3158 Dnhr,
1137 3114 1246 3148 Jes.l
1273 3114 1316 3148 93
1334 3113 1372 3156 ¹).

184 3167 197 3188 ²
225 3167 376 3202 Hoffaei.
523 3169 535 3187 ³
562 3167 723 3202 Renatae
750 3168 1007 3211 Lotharingae.
