2062 3443
77 181 178 215 1947.
207 179 372 214 Canisius
400 179 487 214 Iulio
508 179 639 214 Echter
657 191 677 214 a
696 180 965 225 Mespelbrunn.
997 179 1197 224 Oeniponte
1225 180 1318 214 inter
1338 181 1410 214 Ian.
1431 182 1467 214 et
1487 181 1561 214 Iun.
1584 180 1684 215 1576.
1728 183 1810 224 327

162 297 239 339 Hic
271 297 363 351 ipse
396 297 544 340 multis
577 297 747 351 quidem
772 297 1041 351 argumentis
1065 298 1266 351 prodidit,
1301 312 1347 340 se
1372 313 1457 340 vna
1480 304 1577 340 cum'
1599 299 1779 352 coniuge
1800 301 1812 327 ¹

41 363 168 406 valde
201 362 449 415 religiosum
485 376 592 413 esse,
637 366 681 405 et
714 363 820 405 bene
853 362 1046 404 merendi
1088 363 1139 404 de
1173 363 1370 405 Ecclesia
1415 363 1557 405 studio
1591 366 1635 406 et
1666 378 1812 407 amore

37 427 288 481 cumprimis
321 427 499 470 exarsit.
545 427 775 482 Imperium
810 427 900 469 eius
932 427 975 468 in
1009 427 1202 469 difficilia
1234 432 1432 482 tempora
1463 428 1626 479 incidit,
1661 429 1813 482 quibus

37 494 92 535 ob
126 492 342 534 excitatas
375 506 512 534 nouas
545 493 587 535 in
621 493 704 535 fide
737 492 1024 534 dissensiones
1053 493 1374 546 gliscentesque
1407 497 1550 536 sectas
1583 495 1813 548 populares

39 557 170 600 animi
204 558 363 611 passim
399 558 768 609 distrahebantur,
804 557 942 599 doctis
975 557 1144 599 interim
1179 560 1388 600 acerrime
1411 559 1526 601 inter
1557 572 1603 600 se
1637 573 1812 601 concer-

39 623 256 673 tantibus,
299 625 354 665 vt
396 623 440 664 si
484 623 613 665 fieri
647 627 862 677 posset,
903 623 953 664 in
987 637 1253 673 errorem,
1289 626 1365 665 aut
1403 627 1522 666 certe
1563 623 1733 677 quidem
1770 625 1812 666 in

36 687 350 730 dubitationem
401 688 566 730 etiam
617 689 1022 731 inducerentur
1070 687 1282 731 electi‘2.
1357 689 1529 730 Etenim
1576 689 1812 732 Eunoinius

36 753 220 795 electum
263 753 482 795 Sathanae
523 767 746 806 organum,
786 767 865 795 sua
897 759 988 795 tum
1022 753 1185 794 zizania
1218 753 1431 795 dominico
1467 755 1612 797 tritico
1645 754 1811 808 insper-

36 819 208 871 gebatss,
244 821 288 860 et
312 818 606 861 Nouatianum
630 819 834 872 serpebat
859 818 989 868 virus,
1023 832 1210 872 suasque
1244 818 1391 872 copias
1424 820 1645 871 augebant
1667 820 1811 862 Mace—

34 882 222 933 doniani,
267 886 310 925 et
345 883 519 925 Arriani
554 884 724 937 quidem
758 883 1002 926 Catholicos
1036 884 1104 925 vel
1138 883 1327 925 maxime
1361 884 1638 927 diuexabant.
1703 884 1812 934 Quid

36 948 105 990 hic
138 951 290 1001 ageret
313 948 613 990 Theodosius?
646 963 803 1002 magno
828 963 921 990 cum
946 948 1076 990 animi
1101 949 1248 990 dolore
1270 949 1565 991 tristissimam
1590 950 1811 993 Ecclesiae

35 1013 190 1055 faciem
225 1017 441 1067 spectans,
477 1014 731 1068 praesertim
767 1028 861 1055 cum
899 1014 1093 1067 publicae
1127 1014 1245 1068 pacis
1279 1017 1322 1056 et
1347 1015 1682 1058 Ecclesiasticae
1717 1015 1811 1057 vni—

33 1078 154 1129 tatis,
198 1078 310 1121 sicut
343 1079 551 1133 optimum
588 1080 822 1134 principem
858 1083 1113 1133 patremque
1146 1079 1315 1133 patriae
1355 1080 1548 1129 decebat,
1591 1081 1734 1123 studio
1768 1084 1812 1124 et

34 1157 183 1186 amore
215 1144 456 1186 incredibili
490 1148 725 1193 teneretur,
760 1145 834 1186 sed
869 1145 937 1197 qui
974 1145 1026 1186 ad
1060 1144 1146 1187 ista
1179 1145 1353 1187 funesta
1376 1145 1601 1188 doctorum
1635 1146 1811 1189 dissidia

33 1210 333 1263 componenda
356 1210 517 1251 nullum
552 1210 660 1253 satis
693 1210 891 1251 idoneum
916 1210 1151 1251 remedium
1175 1210 1403 1253 inueniret.
1459 1211 1655 1254 Accersit
1677 1211 1812 1265 igitur

36 1273 287 1317 Nectarium
317 1275 564 1330 episcopum
589 1275 1129 1329 Constantinopolitanum,
1165 1278 1210 1318 et
1241 1277 1295 1317 ab
1329 1290 1379 1317 eo
1412 1276 1673 1327 sciscitatur,
1709 1277 1811 1330 quid

35 1340 153 1382 facto
191 1340 248 1383 sit
286 1355 392 1395 opus
434 1341 486 1382 ad
521 1340 792 1382 concordiam
833 1340 995 1382 scissae
1032 1341 1251 1383 Ecclesiae
1284 1342 1622 1392 restituendam,
1669 1342 1810 1396 prius-

34 1418 161 1457 quam
197 1406 422 1458 grauiores
445 1406 640 1447 ordinum
664 1407 818 1448 fierent-
841 1406 1161 1456 distractiones,
1195 1409 1423 1459 motusque
1446 1407 1585 1460 magis
1608 1407 1811 1450 exitiales

34 1483 91 1511 ex
114 1469 231 1511 hisce
254 1470 610 1513 altercationibus
633 1474 678 1512 et
700 1471 832 1513 sectis
858 1471 899 1512 in
924 1471 1213 1513 Christianam
1237 1471 1447 1525 Rempub.
1473 1472 1808 1515 effunderentur.

35 1535 274 1576 Ecclesiam
309 1536 421 1577 enim
455 1535 552 1577 fidei
586 1536 754 1578 vnitate
788 1536 1037 1578 conseruari
1071 1540 1202 1590 atque
1226 1536 1424 1587 stabiliri,
1460 1537 1673 1579 discordia
1705 1550 1809 1579 vero

33 1600 256 1653 religionis
289 1601 472 1642 lacerari
506 1604 636 1655 atque
669 1601 861 1644 subuerti
895 1601 1136 1643 rectissime
1169 1601 1388 1645 iudicauit.
1439 1601 1672 1644 Nectarius
1705 1616 1809 1645 vero

32 1679 131 1706 cum
166 1680 249 1707 non
283 1665 463 1709 haberet
504 1666 618 1719 quod
651 1681 705 1709 ex
737 1670 933 1721 tempore
966 1667 1140 1709 Caesari
1178 1667 1475 1721 responderet,
1520 1667 1572 1709 de
1604 1682 1652 1710 re
1684 1670 1810 1710 tanta

32 1733 182 1772 censet
224 1731 572 1783 deliberandum,
616 1746 666 1774 ac
707 1732 879 1775 interim
914 1732 1141 1786 Agelium,
1185 1732 1289 1774 licet
1328 1733 1676 1775 Nouatianorum
1718 1733 1807 1788 epi-

31 1809 222 1850 scopum,
258 1798 456 1845 consulit,
490 1801 540 1840 vt
572 1798 664 1839 eius
697 1797 958 1840 sententiam
982 1798 1144 1848 audiat,
1170 1797 1418 1852 priusquam
1453 1798 1604 1841 redeat
1636 1799 1691 1840 ad
1724 1799 1809 1841 Irn-

32 1865 292 1915 peratorem.
346 1862 527 1915 Agelius
558 1865 662 1904 tunc
695 1863 808 1906 forte
841 1862 1074 1905 Sisinnium
1107 1863 1313 1905 lectorem
1347 1863 1558 1915 habebat,
1593 1864 1806 1906 hominem

32 1940 116 1967 non
162 1927 438 1970 mediocriter
478 1928 766 1981 eloquentem,
806 1927 850 1969 in
893 1929 1028 1970 sacris
1070 1928 1203 1970 etiam
1245 1929 1383 1971 literis
1425 1931 1469 1970 et
1510 1929 1808 1983 philosophiae

31 1991 280 2045 cognitione
313 1993 445 2047 probe
478 1996 716 2043 versatum,
751 1993 822 2046 qui
857 1998 1085 2047 praeterea
1117 1993 1273 2035 iudicio
1306 1997 1350 2036 et
1373 2008 1515 2035 rerum
1541 1994 1808 2047 agendarum

29 2057 299 2100 dexteritate
340 2058 535 2111 polleret.
602 2059 643 2100 Is
684 2059 826 2101 iussus
868 2059 1033 2110 dicere,
1076 2059 1175 2112 quid
1215 2059 1388 2112 roganti
1421 2059 1596 2101 Caesari
1629 2073 1807 2114 respon-

30 2122 216 2164 dendum
259 2126 446 2177 putaret,
490 2123 532 2165 in
566 2124 679 2165 hunc
722 2125 894 2166 modum
940 2124 1165 2167 disseruit:
1209 2124 1490 2166 Concordiam
1537 2124 1808 2167 Christianae

31 2188 252 2241 religionis
283 2188 448 2231 frustra
480 2189 660 2243 sperari,
701 2190 890 2243 quandiu
923 2190 1104 2232 libertas
1138 2190 1385 2244 disputandi
1418 2190 1617 2244 partibus
1649 2204 1806 2232 nouam

29 2253 254 2296 doctrinae
285 2253 469 2296 formam
503 2254 805 2297 inducentibus
846 2254 1070 2309 proposita.
1106 2257 1150 2297 et
1182 2255 1335 2296 relicta
1368 2258 1506 2296 esset:
1539 2254 1669 2296 immo
1703 2268 1806 2297 vero

29 2319 278 2372 praesentia
309 2319 558 2369 schismata,
593 2334 676 2361 non
710 2320 847 2361 solum
881 2320 961 2362 hac
985 2320 1231 2374 disputandi
1255 2320 1459 2362 libertate
1483 2334 1566 2362 non
1589 2320 1696 2370 tolli,
1732 2319 1807 2362 sed

29 2383 193 2436 augeri,
236 2383 547 2438 grauioresque
590 2385 688 2427 inde
730 2385 828 2428 lites
871 2399 921 2427 ac
964 2399 1134 2440 pugnas
1166 2385 1550 2427 irreconciliabiles
1583 2385 1806 2439 expectari

29 2452 252 2502 oportere,
297 2450 449 2502 quibus
491 2450 693 2503 vigentes
735 2465 847 2492 nunc
890 2451 1093 2493 haereses
1135 2453 1179 2493 et
1222 2450 1444 2505 opiniones
1486 2464 1626 2492 nouae
1668 2450 1806 2504 magis

29 2513 255 2567 magisque
298 2515 706 2558 corroborarentur:
756 2516 886 2558 aliam
935 2516 1068 2570 igitur
1112 2516 1326 2558 ineundae
1371 2515 1649 2566 concordiae,
1696 2529 1806 2569 quae

29 2641 275 2687 Panegyricus
295 2643 337 2677 de
354 2644 461 2677 tertio
479 2643 668 2678 consulatu
685 2644 830 2678 Honorii
848 2645 1092 2684 (Monumenta
1112 2644 1230 2679 Germ.
1247 2643 1348 2684 hist.;
1367 2644 1489 2678 Auctt.
1505 2643 1746 2687 antiquissimi
1762 2644 1805 2678 X.

30 2695 127 2738 144).
179 2695 277 2730 Haec
312 2698 348 2730 et
374 2697 600 2740 Augustinus
629 2697 666 2739 (l.
687 2698 734 2741 c.)
770 2701 806 2732 et
832 2697 967 2732 Paulus
995 2697 1174 2732 Diaconus
1203 2697 1379 2738 (Historia
1414 2697 1577 2731 miscella
1604 2697 1623 2730 1.
1653 2698 1700 2740 c)
1729 2709 1806 2742 pro-

26 2748 199 2790 tulerunt,
238 2750 288 2783 ita
326 2753 458 2790 tamen,
496 2753 537 2783 ut
571 2751 778 2785 omitterent
819 2751 929 2785 verba
972 2751 1047 2793 „cui
1087 2751 1205 2784 fundit
1242 2751 1286 2784 ab
1325 2751 1440 2784 antris
1476 2749 1608 2785 Aeolus
1646 2753 1805 2785 armatas

29 2799 206 2844 hiemes“;
235 2814 327 2846 quae
355 2803 452 2848 ipsis,
480 2806 575 2848 puto,
603 2804 708 2838 nimis
735 2804 895 2838 redolere
922 2805 1136 2838 videbantur
1161 2804 1334 2848 gentilem
1363 2803 1543 2848 quandam
1570 2804 1756 2839 rationem.

152 2862 160 2881 ²
187 2861 410 2897 Theodosius
450 2863 601 2907 primam
644 2863 755 2905 (circa
781 2875 811 2898 a.
840 2863 924 2906 377)
965 2875 1113 2897 uxorem
1150 2863 1254 2896 duxit
1280 2863 1418 2896 Aeliam
1447 2863 1675 2903 Flaccillmm
1713 2874 1805 2907 quae

29 2914 222 2948 Arcadium
259 2918 294 2949 et
321 2915 516 2950 Honorium
551 2917 582 2949 ei
618 2916 764 2959 genuit:
799 2928 870 2960 qua
896 2920 1037 2950 mortua
1065 2916 1218 2957 Gallam,
1256 2915 1501 2950 Valentiniani
1528 2917 1552 2951 Ι.
1577 2916 1805 2961 imperatoris

28 2966 150 3008 filiam,
181 2968 228 3008 (a.
247 2968 332 3012 386)
361 2969 466 3003 duxit
486 2969 614 3011 (Get-h.
634 2970 834 3011 Rauso-hen,
862 2970 1088 3005 Jahrbneher
1116 2973 1178 3004 der
1196 2969 1430 3004 christlichen
1450 2969 1582 3004 Kirche
1600 2973 1706 3003 unter
1724 2970 1803 3003 dem

29 3019 156 3055 Kaiser
182 3021 405 3056 Theodosius
439 3022 518 3056 dem
547 3022 714 3063 Grossen‚
750 3023 926 3066 Freiburg
952 3024 974 3058 i.
1003 3023 1061 3057 Br.
1093 3022 1194 3064 1897,
1229 3023 1276 3057 42
1311 3023 1410 3066 227).
1462 3023 1585 3057 Aeliae
1613 3022 1803 3057 Flaccillae

28 3072 118 3108 fides
143 3077 178 3108 et
204 3075 322 3120 pietas
346 3086 367 3109 a
394 3075 428 3110 S.
451 3077 626 3119 Greyort‘o
653 3077 810 3119 Nysseno
847 3077 881 3111 in
908 3077 1069 3111 oratione
1097 3077 1174 3110 eius
1208 3076 1350 3111 funebri
1376 3076 1476 3111 miris
1511 3076 1678 3110 laudibus
1704 3087 1803 3121 prae-

27 3125 193 3162 dicantur
219 3129 367 3174 (Miyne,
396 3128 434 3163 P.
454 3140 506 3172 gr.
527 3128 641 3163 XLVI
669 3129 887 3173 877-892).

148 3180 162 3201 ²
187 3181 242 3215 Mt
267 3182 324 3222 24,
350 3182 408 3215 24.
555 3183 567 3201 ³
593 3182 648 3217 Cf.
668 3183 722 3217 Mt
752 3183 804 3225 13,
833 3183 984 3218 24—28.
