2062 3443
113 150 213 186 1910.
241 150 326 184 Can.
347 149 389 183 de
409 149 541 183 Porti-a.
578 148 657 183 Oct.
677 147 734 182 vel
752 147 842 182 Nov.
866 147 965 181 1574.
1012 147 1112 181 1911.
1133 145 1218 180 Can.
1238 146 1475 180 Mercuriano.
1504 146 1587 181 Dec.
1606 147 1707 181 1:374.
1750 150 1833 190 249

68 265 214 301 1910.
295 264 510 300 CANlSlUS
539 261 1115 300 BARTHOLOMAEG
1147 261 1237 297 DE
1266 261 1550 298 PoR'rlA.
1578 262 1774 308 apostolico
1801 263 1835 296 in

257 318 450 353 Germania
476 318 611 352 nuntio.

515 371 715 416 Oeniponte
742 373 896 405 exeunte
923 381 968 404 m.
989 369 1134 404 Octobri
1164 369 1221 403 vel
1250 369 1350 403 initio
1377 381 1422 404 m.
1442 369 1658 403 Novembris
1688 370 1788 404 1574.

187 443 238 477 Ex
265 443 472 488 apographo
499 455 519 477 a
546 443 698 476 Minutio
724 442 880 476 Minucci
909 442 1053 475 Portiae
1079 441 1275 475 secretario
1303 441 1359 475 <ut
1378 440 1537 483 videtur)
1567 440 1710 485 scripto.
1752 439 1835 474 Cod.

65 508 149 531 rom.
175 496 314 538 „Germ.
336 497 414 531 Vol.
435 496 499 531 80“
524 497 554 530 1Ι
581 508 612 541 p.
632 496 712 530 324.
748 495 803 529 Ex
830 495 953 529 eodem
980 494 1186 540 apographo
1214 494 1305 528 hanc
1332 493 1508 539 epistulae
1537 496 1674 538 partem
1702 493 1837 538 primus

65 550 176 585 edidit
203 550 411 592 Schellltass,
438 549 546 583 Nunt.
576 549 624 583 IV
652 548 731 583 284.

185 613 235 644 De
262 611 496 643 Ferdiuamlo
525 611 572 643 II.
601 609 792 642 archiduce
818 614 848 642 et
876 610 1036 651 „iuyusto
1064 609 1248 642 Saroniae
1273 610 1445 651 principe.

185 695 384 735 Canisius
408 695 591 742 Portiae,
629 699 669 734 ut
702 695 790 735 elus
814 694 1017 734 voluntati
1048 707 1200 733 morem
1221 697 1383 745 ‚ssereret
1416 691 1471 743 (v.
1496 706 1628 746 supra
1651 706 1690 746 p.
1720 691 1836 742 Mo),

65 760 166 801 llaec
209 761 377 814 scripsit
419 761 470 800 de
501 759 784 800 Ferdimmdo
818 758 876 800 II.
923 759 1150 799 archiduce
1188 757 1421 812 Tirolisque
1463 758 1675 812 principe,
1722 756 1840 796 initio

69 839 119 867 m.
158 825 343 866 Octobris
377 826 490 866 1574
535 824 730 866 Dresdae
772 838 988 878 conqresso
1030 837 1119 864 cum
1163 824 1354 878 Auqecslo
1395 824 1610 865 Sctxom'ae
1648 822 1840 876 principe

66 892 245 940 electore,
290 892 410 932 euius
453 891 624 930 animus
665 891 705 931 in
752 891 991 944 reliqz‘onem
1036 888 1279 929 catholicam
1327 889 1546 940 inclinare,
1586 887 1836 942 praesertim

63 960 283 1011 postquam
316 957 637 1010 protestantium
672 956 888 996 ministros
923 955 1226 996 Cctlve‘nismum
1250 955 1455 1008 damper
1477 953 1711 995 Sua-oniam
1740 966 1838 1006 pro-

57 1034 223 1075 payare
244 1025 499 1075 coynocerat,
536 1021 756 1062 ridebatur
788 1019 863 1073 (ef.
887 1034 1022 1074 supra
1052 1035 1095 1075 p.
1118 1020 1226 1070 244)
1241 1034 1252 1059 .·
1274 1042 1331 1046 -
1354 1042 1410 1045 -
1433 1018 1489 1059 ,11]
1513 1017 1704 1059 Saxonia
1725 1016 1837 1058 idem

63 1085 370 1128 humanissime
401 1085 485 1128 fuit
517 1088 739 1140 exceptus,
774 1088 818 1128 et
850 1084 1074 1139 utriusque
1098 1083 1308 1138 Principis
1337 1086 1467 1126 aucta
1490 1085 1557 1125 est
1580 1081 1836 1131 coniunctio,

63 1150 139 1193 sed
170 1154 320 1193 noster
353 1151 404 1193 de
438 1165 571 1194 causa
602 1150 824 1204 religionis
856 1150 1020 1192 nullam
1053 1149 1199 1192 facere
1232 1149 1370 1192 uoluit
1402 1148 1678 1191 mentionem.
1725 1147 1838 1189 Lau-

0 1234 1 1259 1
64 1215 169 1259 dant
200 1216 414 1259 Electoris
446 1216 571 1258 huius
604 1229 721 1271 opes,
755 1216 1010 1271 potentiam,
1044 1214 1399 1265 moderationem,
1443 1213 1730 1269 prudentiam,
1767 1214 1839 1264 qui

64 1282 116 1323 ob
160 1296 333 1324 suorum
373 1282 417 1323 in
448 1281 658 1336 religione
702 1280 1013 1323 dissensionem
1059 1279 1291 1323 Catholicis
1331 1294 1445 1321 nunc
1486 1279 1616 1334 paulo
1661 1278 1839 1331 aequior

63 1346 207 1390 factus
240 1361 334 1390 esse
367 1347 552 1398 uidetur,
587 1361 612 1389 a
635 1346 898 1389 Caluinianis
930 1345 1137 1388 maiorem
1170 1345 1212 1387 in
1236 1345 1409 1387 modum
1433 1344 1683 1387 abhorrens,
1707 1366 1838 1371 —-—

187 1429 307 1463 Portia
334 1429 591 1474 apographum,
628 1428 719 1473 quod
747 1428 831 1470 dixi,
869 1428 1035 1472 Augusta
1064 1427 1118 1462 15.
1145 1425 1360 1460 Novembris
1390 1426 1481 1460 1574
1507 1425 1655 1459 Romam
1693 1425 1737 1459 ad
1764 1436 1838 1458 car-

69 1482 224 1517 dinalem
252 1483 464 1518 Comensem
490 1482 600 1517 misit.
651 1481 804 1526 Reliqua
830 1485 951 1516 autem
978 1480 1084 1515 huius
1110 1480 1288 1526 epistulae
1314 1492 1398 1525 pars
1427 1480 1561 1525 perisse
1588 1479 1742 1513 videtur.

65 1592 204 1629 1911.
304 1593 522 1629 CANISIUS
549 1591 931 1630 EVERARDO
959 1589 1416 1628 MERCURIANO
1447 1592 1651 1636 praeposito
1678 1590 1838 1634 generali

259 1647 450 1682 Societatis
476 1648 569 1683 lesu.
1143 1645 1344 1690 Oeniponte
1371 1645 1426 1680 20.
1450 1644 1658 1679 Decembris
1688 1645 1790 1679 1574.

189 1718 243 1752 Ex
269 1718 467 1764 archetypo
494 1731 514 1753 a
532 1718 746 1754 Balthasare
765 1718 919 1753 Arnoldt
946 1717 1007 1762 (cf.
1027 1728 1136 1762 supra
1163 1729 1195 1762 p.
1218 1716 1277 1761 38)
1307 1716 1441 1761 scripto
1469 1718 1503 1750 et
1530 1716 1574 1750 ab
1601 1716 1677 1761 ipso
1697 1714 1839 1750 Canisio

68 1771 148 1814 („P.
169 1771 230 1807 T.“
255 1773 339 1815 etc.)
360 1773 565 1818 subscripto
586 1772 664 1817 (2⁰3
694 1774 709 1807 1
731 1784 781 1818 p.;
809 1772 844 1806 in
863 1784 897 1817 p.
915 1773 938 1807 4
956 1773 1063 1806 inser.
1083 1783 1191 1806 manu
1209 1771 1333 1814 ignota
1359 1771 1476 1815 posita
1496 1772 1532 1804 et
1549 1769 1723 1813 reliquiae
1740 1768 1839 1812 sig),

66 1826 184 1860 Germ.
208 1825 272 1860 183
299 1826 323 1860 f.
343 1826 576 1862 2402-241b.

184 1887 223 1921 P.
245 1887 397 1920 Kesselii
413 1888 456 1920 ab
474 1887 614 1920 homine
630 1888 770 1929 furioso
790 1888 895 1921 occisi
913 1889 1034 1921 circus.
1062 1887 1100 1920 P.
1121 1887 1283 1920 Costerus
1304 1884 1572 1919 Coloniensibns
1591 1883 1837 1917 restituendus.

419 1972 446 2022 ἢ·
480 1971 572 2014 Pax
606 1971 761 2026 Christj
796 1970 919 2013 nobis
951 1973 1132 2014 aeterna
1164 1973 1208 2013 et
1240 1968 1375 2011 foelix

486 2051 624 2079 annus
656 2037 887 2079 admodum
920 2036 1174 2079 Reuerende
1207 2036 1339 2077 Pater

183 2107 282 2150 Non
323 2110 519 2163 repetam
551 2108 770 2162 ingentem
815 2122 866 2151 ac
897 2107 1187 2150 miserandam
1230 2120 1335 2149 sane
1374 2105 1683 2155 calamitatem,
1727 2118 1837 2157 quae

64 2173 317 2216 Coloniense
339 2173 576 2227 Collegium
609 2177 804 2217 nostrum
837 2188 923 2216 non
948 2173 1013 2217 ita
1035 2173 1201 2228 pridem
1235 2172 1304 2214 uel
1328 2170 1544 2226 oppressit
1569 2169 1640 2212 uel
1663 2169 1834 2220 afflixit,

65 2243 113 2282 ut
144 2239 366 2294 praesenti
398 2239 567 2293 quidem
602 2242 732 2294 egeat
763 2239 1060 2282 consolatione
1077 2241 1103 2282 ¹.
1157 2238 1221 2280 Ac
1254 2251 1322 2279 me
1350 2236 1523 2290 quidem
1556 2235 1681 2278 decet
1713 2235 1837 2277 huius

64 2304 240 2360 Collegij
275 2318 371 2347 esse
403 2304 641 2347 studiosum
675 2307 720 2348 et
752 2307 984 2355 amantem,
1019 2303 1190 2358 quando
1224 2305 1404 2345 sanctae
1436 2315 1517 2344 me.
1543 2301 1673 2343 Pater
1697 2300 1837 2343 Faber

66 2371 222 2413 bonum
254 2371 300 2414 P.
324 2370 609 2421 Leonardum,
645 2370 717 2424 qui
745 2370 915 2413 Christo
939 2369 1073 2420 uiuat,
1108 2372 1153 2411 et
1175 2382 1243 2411 me
1265 2367 1380 2410 illius
1403 2366 1560 2409 fertilis
1583 2366 1676 2420 agri
1700 2365 1837 2408 uoluit

64 2435 224 2490 primos
266 2450 362 2478 esse
404 2436 618 2479 colonos2.
684 2436 806 2478 Prior
847 2449 970 2478 suum
1004 2435 1174 2488 quidem
1217 2447 1370 2475 munus
1407 2432 1542 2474 obiuit
1574 2431 1834 2482 fidelissime,

65 2501 137 2554 qui
179 2505 269 2545 tam
315 2501 475 2544 multos
520 2504 564 2544 et
607 2502 856 2556 praeclaros
897 2501 941 2543 in
981 2501 1063 2543 hac
1109 2499 1328 2542 Societate
1371 2498 1482 2540 filios
1524 2511 1574 2540 ac
1612 2496 1836 2539 Ecclesiae

65 2567 286 2621 operarios
317 2567 440 2609 nobis
472 2566 651 2609 donauit
683 2569 727 2610 et
758 2566 948 2620 reliquit,
982 2569 1031 2609 ut
1052 2566 1233 2608 multum
1258 2564 1390 2607 etiam
1417 2563 1480 2605 illi
1502 2562 1692 2617 Collegio
1716 2563 1837 2605 uelut

65 2632 297 2687 praecipuo
331 2632 590 2675 Germaniae
623 2632 862 2674 Seminario
904 2632 1060 2674 debere
1101 2630 1338 2672 uideamur.
1404 2629 1497 2683 Ego
1538 2642 1640 2670 uero
1676 2628 1749 2681 qui
1781 2628 1835 2670 ab

65 2697 138 2740 illo
169 2697 308 2740 fratre
340 2697 542 2750 socioque
576 2697 781 2748 diuulsus,
815 2700 860 2740 et
891 2696 934 2739 in
966 2697 1077 2739 hanc
1100 2695 1302 2738 miseram
1328 2693 1603 2737 Germaniam
1634 2696 1837 2736 extrusus

66 2777 218 2817 parum
259 2763 470 2806 hactenus
512 2763 666 2814 efficio,
708 2762 789 2805 hoc
829 2776 960 2804 unum
995 2760 1257 2804 Paternitati
1289 2760 1410 2802 Tuae
1449 2772 1681 2813 suggeram
1723 2758 1836 2812 quod

187 2892 199 2912 ¹
224 2891 290 2926 Die
317 2892 372 2926 26.
392 2891 560 2927 Octobris
580 2891 672 2926 1574
698 2891 866 2926 Coloniae
885 2890 956 2925 ΡΡ.
976 2888 1183 2924 Leonardus
1203 2887 1331 2923 Kessel
1351 2887 1494 2932 collegii
1512 2889 1638 2929 rector,
1665 2885 1836 2922 Nicolaus

66 2944 181 2980 Faber
206 2945 366 2980 eiusdem
393 2945 533 2989 collegii
560 2944 734 2987 minister,
762 2945 913 2979 Ioannes
932 2943 1085 2978 Rethius
1111 2941 1291 2987 gymnasii
1309 2941 1434 2976 Trium
1461 2941 1680 2976 Coronarum
1707 2951 1837 2984 regens

67 2999 102 3033 in
137 2998 279 3042 collegii
313 3010 397 3033 area
432 3011 453 3033 a
479 2998 640 3034 Gerardo
667 2998 794 3039 Pesch,
830 2997 989 3032 eiusdem
1016 2995 1158 3038 collegii
1193 2995 1380 3030 sacerdote
1416 2997 1588 3039 quattuor
1613 2996 1697 3028 ante
1723 3004 1835 3027 annos

67 3051 199 3086 mentis
224 3051 357 3097 impote
383 3053 519 3093 effecto,
555 3051 681 3086 cultris
706 3051 815 3087 occisi
852 3052 955 3085 erant
989 3050 1112 3093 (Fr-id.
1141 3049 1422 3092 Reiffenberyius
1448 3048 1483 3083 S.
1504 3048 1548 3089 J.,
1586 3046 1747 3081 Historia
1775 3046 1834 3080 So-

68 3105 210 3140 cietatis
241 3106 322 3140 Iesu
357 3106 400 3139 ad
428 3105 592 3139 Rhenum
627 3105 832 3140 inferiorem
858 3105 885 3146 I,
922 3102 1088 3139 Coloniae
1116 3102 1218 3143 1764,
1254 3101 1368 3136 Mant.
1387 3101 1548 3141 56—58;
1588 3102 1735 3134 Hansen
1762 3099 1785 3134 1.
1805 3112 1833 3133 c.

68 3158 276 3200 696—697;
304 3160 422 3197 Deder,
449 3159 558 3193 Jes.1
585 3158 803 3202 778—779).
949 3157 962 3177 ²
989 3156 1042 3191 Cf.
1062 3166 1171 3200 supra
1198 3167 1231 3200 p.
1251 3155 1332 3190 235.
