2062 3443
622 136 650 168 A
679 135 710 169 d.
733 134 788 169 24.
811 134 853 168 ad
881 134 936 168 26.
957 133 1171 167 Novembris
1200 133 1300 168 1580.
1759 137 1843 178 845

75 254 286 297 paupertate
311 262 387 293 sua,
414 252 577 296 priuatae
604 251 698 296 omnj
726 253 875 285 externa
901 249 1153 291 consolatione,
1181 250 1301 294 nilque
1324 250 1457 285 liabent
1483 251 1651 296 praesidij
1679 263 1697 284 a
1719 251 1846 287 vicinis

76 304 284 339 Comitibus.
305 331 311 338 .
333 332 339 339 .
361 331 367 337 .
395 305 516 348 Jgitur
542 304 687 339 tametsi
714 304 958 338 nobilissimae
983 303 1057 337 sint
1084 303 1228 344 multae,
1255 305 1433 348 patienter
1460 307 1580 338 tamen
1608 305 1699 338 hanc
1726 305 1846 339 ferunt

75 360 334 404 paupertatem,
362 360 397 393 et
422 370 524 393 suain
552 361 729 403 quaerunt
755 357 1031 391 consolationem
1053 357 1145 401 apud
1175 356 1361 390 Patrem
1390 358 1458 401 qui
1486 358 1528 390 in
1557 357 1710 391 coelis
1737 361 1807 392 est
1825 358 1846 393 ¹.

75 411 142 447 Sed
179 414 373 456 paupertas
409 415 444 446 et
480 411 546 456 locj
583 411 853 446 incommoditas
889 411 923 444 in
959 421 1068 444 causa
1104 413 1159 443 est
1193 421 1256 443 cur
1283 410 1390 444 etiam
1418 411 1451 444 in
1488 411 1735 455 spiritualibus
1771 411 1845 456 pati

74 467 237 510 oporteat
256 483 263 490 ·
283 465 352 499 iam
379 466 471 498 enim
500 465 557 499 diu
586 467 762 509 quaerunt
780 464 942 498 idoneum
964 462 1250 497 Confessarium:
1278 465 1315 497 at
1340 463 1460 497 nullus
1487 463 1661 498 hactenus
1681 464 1847 498 inuentus

74 520 130 552 est
165 518 224 562 qui
261 518 504 552 condicionem
531 519 698 552 miseram
725 520 762 552 et
797 528 987 562 pauperem
1015 515 1182 560 amplecti
1212 516 1309 550 velit.
1361 517 1483 559 Jgitur
1510 529 1576 550 non
1612 528 1736 561 parum
1764 522 1847 551 sunt

75 571 142 605 hac
179 571 212 605 in
249 583 287 605 re
322 571 515 606 desolatae.
567 571 703 616 Optant
737 582 845 615 saepe
881 569 1040 604 confiteri
1078 571 1112 603 et
1149 569 1422 614 communjcare,
1460 572 1504 603 et
1539 581 1624 603 non
1661 572 1734 604 est
1769 570 1846 614 qui

74 625 310 668 frangat?
354 625 481 659 Senem
509 625 650 668 quidem
679 626 746 659 iam
774 623 908 657 habent
927 622 1193 657 confessarium
1221 623 1282 656 sed
1302 623 1533 667 decrepitum,
1561 623 1646 657 licet
1672 622 1846 657 honestis-

75 677 204 711 simum
231 679 268 712 et
294 677 403 722 pium,
429 678 490 712 sed
519 689 603 722 prae
631 677 876 712 imbecillitate
903 676 1031 710 virium
1052 687 1182 709 vacare
1209 677 1270 709 vix
1298 678 1416 720 potest
1443 676 1629 710 audiendis
1656 676 1846 710 confessio-

73 729 189 765 nibus.
240 730 375 764 Deinde
409 731 440 765 si
476 731 542 765 hoc
578 731 733 765 maxime
768 731 892 775 possit,
929 732 985 763 est
1019 731 1138 762 tamen
1174 729 1342 763 sacerdos
1377 729 1552 763 secularis
1588 731 1625 763 et
1650 740 1719 762 non
1746 729 1848 763 nouit

73 786 231 818 tractare
266 785 404 818 animas
431 784 588 818 afflictas
614 787 650 818 et
676 784 864 826 religiosas
894 783 969 828 ipse
996 794 1061 816 nec
1087 781 1278 825 religiosus
1305 793 1420 826 neque
1447 783 1482 815 in
1509 782 1576 816 hac
1604 782 1762 827 palestra
1788 794 1847 816 ex-

75 836 266 871 ercitatus:
304 837 364 881 qui
402 848 485 871 vero
521 837 603 871 illas
639 837 682 871 ad
717 837 888 871 virtutem
925 839 960 869 et
998 836 1197 880 profectum
1233 835 1455 869 exhortando
1491 835 1691 873 extiinulet‚
1728 835 1848 869 nullus

74 890 160 924 est.“
214 890 347 924 Iterum
385 892 558 934 Hoffaeus
593 891 856 925 Mercurianum
894 889 1059 923 N‘monuit
1094 888 1283 922 Monachio
1319 889 1374 922 27.
1406 889 1560 923 Ianuarii
1590 889 1699 923 1577:
1739 888 1846 931 „Con—

73 943 226 977 fessario
260 943 386 977 idoneo
422 944 677 983 destituuntur,
714 946 908 987 nostraque
934 953 1042 987 opera
1068 942 1131 975 vix
1157 941 1267 976 semel
1296 943 1329 975 in
1357 953 1449 976 anno
1484 942 1554 987 fruj
1583 942 1752 987 possunff‘
1787 942 1846 984 (ex

74 996 328 1042 autographis;
359 996 477 1031 Germ.
500 997 565 1031 137
585 998 608 1031 f.
627 996 818 1037 882-892;
847 996 966 1031 Germ.
989 995 1054 1030 138
1083 995 1105 1028 f.
1129 995 1238 1039 130⁸).
1275 995 1410 1029 Deinde
1433 996 1681 1038 „vntzkoffew‘
1705 996 1737 1029 4.
1758 995 1847 1029 lunii

76 1050 166 1085 1578
200 1050 279 1094 ipsa
307 1051 511 1094 Maryart'ta
539 1051 656 1084 Km'rs
690 1050 894 1095 praeposita
933 1048 1132 1094 (Prbpstin)
1170 1060 1250 1082 cum
1286 1048 1450 1083 omnibus
1476 1049 1659 1084 sororibus
1685 1049 1728 1083 ad
1756 1049 1847 1082 Mer·

74 1103 258 1138 curianum
294 1103 436 1138 litteras
462 1104 569 1145 dedit,
605 1104 640 1137 in
668 1103 798 1147 quibus
824 1103 999 1137 affirmat:
1038 1102 1068 1136 A
1095 1101 1218 1136 multis
1245 1102 1314 1136 iam
1342 1103 1445 1136 annis
1476 1103 1696 1137 confessario
1723 1102 1848 1136 idoneo

73 1157 286 1191 carebamus
316 1157 412 1200 „also
447 1157 511 1191 das
537 1157 627 1191 mier
660 1156 801 1191 solches
828 1156 893 1190 mit
927 1155 1095 1190 hechster
1130 1155 1351 1199 bedriebung
1377 1167 1421 1189 an
1447 1167 1622 1190 vnsseren
1650 1155 1748 1190 selen
1775 1155 1848 1189 vnd

73 1212 237 1254 gantzem
265 1209 366 1244 leben
395 1211 610 1255 empfunden
637 1210 728 1244 auch
756 1209 824 1244 alle
843 1210 909 1243 mit
926 1210 1072 1254 seyfzen
1092 1209 1163 1243 vnd
1183 1209 1378 1252 vei-langen
1407 1212 1486 1252 gott
1511 1209 1578 1243 den
1605 1209 1714 1243 heren
1742 1209 1847 1251 lange

74 1264 162 1309 Zeyt
187 1264 340 1308 gebeten
360 1276 426 1299 vns
445 1264 617 1298 widervm
645 1275 687 1298 zu
707 1275 875 1297 vnsserer
901 1263 1119 1306 gottseligen
1139 1264 1304 1296 vorfaren
1333 1262 1489 1297 andacht
1507 1263 1578 1296 vnd
1607 1262 1847 1307 gaystlichem

75 1317 193 1352 Leben
219 1329 262 1351 zu
296 1317 418 1352 helsen
445 1335 452 1342 ·
481 1316 635 1351 welcher
667 1329 739 1350 nun
767 1316 878 1351 durch
904 1328 995 1361 sayn
1029 1316 1365 1360 barmhertzigkayt
1392 1327 1459 1350 vns
1489 1327 1528 1350 so
1564 1316 1601 1349 fil
1629 1315 1750 1350 erhert
1777 1316 1847 1350 vnd

74 1371 161 1405 ietzt
185 1371 208 1405 4
243 1371 327 1405 oder
354 1372 373 1405 5
405 1371 463 1415 jar
489 1382 557 1404 vns
592 1370 646 1404 bis
674 1370 811 1415 weylen
849 1369 960 1404 durch
996 1370 1051 1404 die
1087 1369 1299 1413 erwirdigen
1329 1372 1431 1403 vater
1458 1369 1593 1414 Eyerer
1627 1369 1850 1413 geselschaft

74 1424 169 1459 haim
206 1424 360 1468 gesucht
385 1425 458 1458 vnd
485 1424 560 1458 also
594 1427 761 1469 erneyert
787 1424 850 1457 das
875 1423 964 1457 mier
991 1424 1059 1458 wol
1085 1424 1150 1457 mit
1175 1422 1330 1457 warhait
1354 1434 1466 1466 sagen
1492 1434 1621 1466 megen
1647 1423 1706 1457 ain
1741 1426 1848 1466 gantz

74 1489 186 1523 neyes
211 1478 414 1523 gaystlichs
441 1477 556 1512 Leben
584 1478 656 1511 vnd
683 1476 839 1511 andaeht
866 1476 900 1510 in
927 1488 1116 1510 vnnsserm
1145 1476 1320 1520 gotzliaus
1348 1476 1564 1520 angericht.“
1613 1475 1699 1509 Cum
1727 1479 1847 1510 autem

75 1531 316 1566 confessarius
343 1531 502 1576 ipsarum
529 1531 599 1565 iam
635 1533 779 1575 propter
805 1531 1022 1575 decrepitam
1050 1532 1204 1564 aetatem
1232 1529 1349 1563 officio
1384 1530 1486 1573 fungi
1513 1541 1581 1563 non
1618 1531 1742 1574 possit,
1778 1529 1847 1563 iam

77 1585 165 1619 duos
200 1596 312 1630 paene
338 1596 450 1619 annos
476 1596 609 1618 novum
635 1584 892 1619 confessarium
922 1595 942 1617 a
967 1584 1149 1618 sororibus
1175 1583 1318 1627 quaeri3
1354 1583 1446 1616 idem
1481 1583 1601 1617 facere
1632 1583 1667 1617 P.
1696 1583 1846 1617 Paulum

78 1638 274 1678 Hoffaeum,
316 1649 463 1681 „vnsser
498 1637 645 1672 liebster
670 1638 740 1671 vnd
777 1638 1010 1682 gedreyester
1043 1637 1107 1671 her
1133 1637 1203 1670 vnd
1230 1639 1344 1678 vater,
1380 1637 1442 1670 der
1467 1637 1582 1671 disses
1607 1635 1764 1671 klosters
1791 1637 1848 1670 ain

77 1691 302 1736 gaystlicher
329 1691 394 1726 auf
416 1691 527 1726 bauer
552 1692 642 1732 ist“;
670 1702 785 1735 neque
811 1703 896 1724 vero
923 1702 1138 1735 quemquam
1157 1690 1310 1724 inveniri
1337 1701 1452 1735 posse.
1495 1690 1691 1734 Propterea
1709 1701 1747 1724 se
1766 1701 1846 1724 cum

75 1747 150 1780 suis
172 1743 232 1780 'ad
272 1745 535 1780 Mercurianum
574 1745 698 1778 venire
741 1744 826 1786 „mit
860 1744 976 1778 flehen
1013 1745 1151 1778 wainen
1186 1756 1233 1777 vn
1269 1743 1385 1785 biten,
1430 1743 1540 1777 fallen
1576 1744 1641 1777 auf
1673 1743 1729 1778 die
1764 1743 1848 1777 knie

76 1810 222 1834 vnssers
248 1799 395 1833 hertzen
421 1798 464 1832 fir
490 1810 575 1843 eyer
602 1798 738 1833 Erwird
766 1798 830 1832 fies
854 1809 982 1831 vnsser
1008 1797 1054 1832 40
1076 1797 1167 1842 jung
1193 1797 1264 1831 vnd
1291 1797 1376 1838 alt⁴‘,
1401 1798 1435 1830 et
1462 1796 1505 1830 ab
1525 1808 1564 1830 eo
1583 1807 1622 1830 se
1649 1799 1780 1840 petere,
1807 1798 1849 1830 ut

76 1852 333 1887 confessarium
361 1854 396 1886 et
423 1852 715 1892 contionatorem,
752 1851 811 1895 qui
847 1851 890 1884 de
925 1850 1103 1885 Societate
1139 1850 1196 1891 sit,
1231 1850 1298 1884 sibi
1336 1850 1507 1884 concedat
1545 1849 1605 1893 (ex
1641 1849 1847 1895 archetypo,

77 1905 170 1950 quod
206 1908 262 1940 est
294 1905 428 1940 Romae
462 1905 498 1939 in
534 1904 681 1939 archivo
717 1905 817 1947 regni
854 1904 976 1945 italici,
1011 1904 1118 1938 Arch.
1147 1904 1203 1938 dei
1231 1903 1381 1944 Gesuiti,
1412 1903 1555 1937 Lettere
1583 1903 1848 1946 1576—1599).

77 1958 213 2000 Quibus
254 1958 386 1993 litteris
428 1958 585 2003 acceptis
620 1959 897 2001 Men-ursanus,
939 1958 999 2001 qui
1034 1969 1160 1991 sacrae
1196 1956 1434 1990 eucharistiae
1468 1957 1503 1990 in
1539 1957 1706 1990 interiore
1741 1956 1848 1990 choro

77 2012 320 2047 asservandae
355 2014 571 2057 potestatem
598 2011 668 2045 iam
696 2023 726 2045 a.
758 2012 847 2045 1576
883 2011 996 2045 sacris
1023 2011 1094 2045 illis
1121 2010 1322 2054 virginibus
1357 2010 1617 2055 impetraverat
1647 2009 1705 2051 (G.
1724 2009 1844 2054 Sup.l

77 2066 102 2101 f.
121 2067 199 2106 49¹2
237 2065 357 2100 Germ.
387 2066 453 2100 156
481 2066 502 2099 f.
532 2065 646 2108 328³),
682 2064 795 2098 Roma
821 2066 852 2099 2.
874 2064 1094 2110 Septembris
1124 2064 1213 2098 1578
1243 2064 1389 2098 Hoffaeo
1416 2063 1627 2108 provinciali
1655 2063 1697 2097 de
1722 2063 1848 2097 iisdem

77 2120 166 2154 haec
191 2119 425 2154 *mandavitz
466 2118 703 2162 „Reuerentia
728 2118 771 2153 V.
791 2130 852 2152 eas
879 2121 1000 2153 nostro
1027 2118 1168 2151 nomine
1195 2119 1368 2161 quantum
1404 2117 1537 2162 poterit
1564 2117 1778 2158 consoletur,
1814 2119 1850 2150 et

78 2173 243 2218 quoniam
270 2173 364 2218 quod
390 2175 516 2217 petunt
541 2175 581 2207 ut
606 2174 802 2217 perpetuus
830 2171 901 2205 illis
927 2172 1031 2206 detur
1057 2171 1309 2211 confessarius,
1336 2170 1433 2204 nullo
1452 2170 1555 2204 modo
1574 2170 1849 2204 constitutiones

78 2230 224 2262 nostrae
250 2226 437 2272 patiuntur
451 2227 473 2266 ³,
502 2226 594 2270 quod
622 2228 743 2270 potest
768 2225 802 2259 id
829 2225 949 2266 faciat,
977 2227 1017 2258 ut
1043 2224 1181 2268 aliquos
1208 2224 1358 2259 subinde
1384 2224 1506 2258 mittat
1532 2224 1591 2268 qui
1620 2223 1690 2258 illis
1713 2223 1847 2258 concio-

77 2283 217 2323 nentur,
243 2280 301 2314 uel
328 2280 436 2314 etiam
455 2279 648 2324 aliquando
667 2279 702 2313 in
720 2290 813 2313 anno
832 2290 953 2312 earum
973 2279 1133 2323 excipiat
1150 2277 1404 2318 confessiones,
1431 2289 1473 2311 ac
1499 2279 1685 2322 praeterea
1705 2288 1849 2321 operam

78 2334 235 2379 aliquam
271 2333 441 2368 adhibeat
473 2335 514 2367 ut
542 2333 613 2367 illis
641 2333 770 2367 bonum
797 2334 832 2366 et
859 2332 1023 2366 idoneum
1060 2334 1211 2376 quaerat
1237 2331 1495 2365 confessarium
1526 2331 1587 2373 (ex
1613 2342 1750 2371 comm,
1785 2329 1848 2364 Rh.

79 2387 146 2422 Inf.
167 2387 197 2429 1,
216 2387 249 2421 II
268 2388 292 2421 f.
312 2387 402 2430 22¹³).
444 2387 530 2421 Post
547 2397 659 2420 annos
678 2386 822 2420 tandem
842 2388 1014 2429 quattuor
1033 2384 1126 2418 Socii
1145 2384 1318 2418 eiusmodi
1337 2384 1595 2418 confessarium
1615 2384 1848 2418 invenerunt:

78 2441 127 2476 M.
147 2439 346 2486 Septembri
376 2440 466 2475 1582
494 2440 643 2474 Ioannes
669 2439 857 2474 Schreiber
885 2438 1093 2472 lnzikofium
1121 2438 1269 2472 advenit
1298 2438 1515 2482 (Bihlmeyer
1541 2437 1562 2471 1.
1584 2449 1613 2471 c.
1638 2437 1732 2479 192).

202 2512 371 2546 Canisius
397 2511 565 2553 Inzilcofi'i
592 2512 745 2555 riryines
770 2511 1058 2553 Auyustz'm'anas
1083 2511 1222 2543 solatur
1247 2514 1276 2543 et
1302 2510 1350 2542 ad
1369 2511 1533 2552 pietatem
1562 2509 1700 2543 escitctt.

201 2579 401 2621 Canisius
434 2579 645 2632 Fribmyo
679 2578 962 2620 Helvetiorum
994 2581 1035 2619 5.
1069 2577 1273 2618 Ianuarii
1307 2577 1419 2618 1581
1454 2576 1502 2617 Ρ.
1536 2575 1716 2629 Hoffaeo
1751 2590 1849 2630 pro-

79 2645 252 2686 vinciali
284 2645 476 2698 scripsit:
509 2643 616 2684 Dedi
653 2656 827 2697 operam
863 2641 1131 2683 consolandis
1165 2640 1396 2690 sororibus,
1431 2640 1544 2682 sicut
1566 2640 1616 2683 R.
1642 2640 1689 2683 T.
1723 2653 1848 2694 prae-

80 2708 329 2763 scripserat,
371 2709 414 2750 in
448 2708 696 2750 Jnschouen
731 2710 775 2750 et
810 2707 1025 2757 Paradiss,
1069 2719 1208 2759 neque
1240 2719 1308 2746 me
1341 2705 1535 2759 poenitet
1566 2705 1663 2747 illas
1695 2705 1738 2747 in
1770 2706 1850 2747 hoc

82 2773 238 2816 itinere
269 2773 482 2817 inuisisse.

200 2845 354 2888 Exstat
388 2860 546 2901 quoque
571 2846 711 2887 Codex
733 2844 939 2897 Inzikofie‘
963 2859 1001 2885 α.
1028 2846 1142 2884 1669
1166 2844 1347 2897 scriptus
1370 2843 1429 2883 vel
1458 2843 1598 2896 potius
1631 2842 1849 2883 incohatas

84 2914 120 2951 et
141 2911 202 2951 sic
224 2911 477 2965 inscriptus:
510 2911 720 2963 „Chronic-
742 2910 845 2951 oder
867 2909 1184 2962 Zeitqescleiclzte
1209 2908 1291 2948 Des
1315 2907 1543 2948 Gottshaus
1568 2907 1848 2959 Yntzlshoeen,

206 3033 216 3053 ¹
242 3033 297 3066 Mt
323 3034 354 3073 5,
381 3033 446 3073 45;
474 3033 506 3074 6,
533 3032 656 3073 9;16,
688 3032 739 3065 17.
783 3031 842 3065 Mc
870 3031 923 3070 11,
952 3030 996 3063 25
1023 3029 1067 3063 26
1095 3032 1162 3062 etc.

205 3086 219 3107 ⁹
245 3086 320 3120 Thr
344 3087 378 3127 4,
404 3086 447 3127 4;
474 3086 520 3121 cf.
545 3087 617 3120 Act
643 3086 675 3127 2,
702 3086 747 3120 42
773 3085 837 3124 46;
867 3085 922 3124 20,
950 3084 989 3123 7;
1022 3084 1034 3116 1
1066 3082 1134 3116 Cor
1162 3082 1213 3118 10.
1245 3081 1305 3122 16;
1335 3081 1388 3122 11,
1415 3081 1460 3116 24
1486 3084 1554 3116 etc.

205 3141 218 3160 ⁸
245 3139 336 3174 Vide
364 3141 452 3174 Can.
476 3138 525 3172 VI
551 3139 572 3173 9
590 3140 608 3174 ¹.
