2062 3443
720 132 823 167 Circa
850 143 894 166 m.
916 131 1044 166 Iulium
1076 132 1177 166 1577.
1754 137 1835 177 777

181 249 347 293 Dilingae
384 249 600 284 bibliotheca
636 249 729 294 lycei
767 250 801 283 in
837 249 976 289 Codice,
1013 260 1118 292 quem
1157 249 1230 282 dixi
1268 261 1378 294 supra
1414 261 1445 294 p.
1475 251 1554 289 376,
1591 249 1699 283 habet
1734 249 1839 283 huius

63 301 180 347 operis
206 302 409 347 exemplum
439 303 576 337 duabus
603 302 767 337 manibus
797 303 928 346 ignotis
955 313 1058 341 anno,
1096 304 1135 335 ut
1165 302 1316 342 videtur,
1347 303 1436 336 1573
1463 303 1635 347 scriptum
1664 306 1700 337 et
1726 303 1838 347 ipsius

64 355 195 391 Canisii
231 367 337 389 manu
365 356 565 401 Oeniponte
592 368 683 390 anno
714 357 802 390 1574
839 355 1002 400 plurimis
1038 355 1126 388 locis
1154 355 1211 388 vel
1238 356 1465 389 emendatum
1495 357 1550 390 vel
1579 356 1837 400 amplificatum

65 409 138 449 (2⁰;
166 410 201 442 ff.
221 409 312 451 sign.
333 409 421 444 224:
451 410 571 444 Codex
600 411 743 455 incipit:
785 407 1118 451 ,SERENISSIMO
1146 408 1205 441 ET
1235 408 1592 443 ILLVSTfflSSiMO
1630 409 1838 443 PRlNCll'I

65 462 125 496 AC
153 461 353 503 DOMINO,
381 462 421 497 D.
442 462 709 506 AlBERTO“);
738 474 844 497 manu
872 474 941 496 una
968 462 1003 496 ff.
1027 462 1162 496 1-1813
1183 465 1218 495 et
1237 462 1436 502 aiz—224,
1465 462 1578 496 altera
1597 464 1631 496 ff.
1655 463 1840 497 184-209

66 515 201 559 scripta
227 517 321 549 sunt.
366 515 487 549 Codex
515 528 609 550 nunc
636 517 748 550 solam
776 519 914 561 partem
944 515 1096 559 priorem
1117 515 1235 559 operis
1265 516 1388 560 (paulo
1415 515 1496 560 plus
1523 527 1628 558 quam
1657 516 1838 549 dimidiam

62 569 179 613 operis
214 568 368 612 partem)
408 569 586 609 continet:
625 570 813 604 mutilatus
849 569 942 602 enim
979 571 1033 602 est
1071 571 1106 602 et
1142 568 1356 602 terminatur
1393 569 1416 602 f.
1445 568 1530 601 224b
1557 569 1590 602 in
1622 569 1732 602 totius
1759 569 1840 602 libri

64 622 188 664 (unum
225 621 334 655 habet
368 621 514 664 librum)
553 623 670 667 capite
697 623 742 658 30
785 623 836 663 (in
863 622 1027 662 editione,
1064 633 1171 665 quam
1207 633 1316 666 supra
1343 622 1454 666 posui,
1491 621 1571 655 libri
1599 622 1660 656 lv.
1680 633 1756 666 cap.
1779 622 1837 664 13)

62 674 118 709 his
145 674 284 709 verbis:
317 686 379 717 „ne
399 678 550 709 matrem
578 676 711 709 domini
739 675 860 720 aliquo
879 675 1011 709 audeat
1036 677 1212 708 temerare
1232 675 1403 709 conuicio.
1450 675 1504 708 An
1523 687 1607 709 uero
1626 675 1839 709 maledicum

0 731 1 770 ᾖ
65 730 100 762 et
127 727 405 772 blasphemiae.“
460 730 514 763 Cf.
534 730 641 763 etiam
672 731 769 763 Riess
795 729 818 763 l.
838 740 867 763 c,
886 728 982 763 427³.

181 786 309 831 Operis
337 788 487 821 Mariani
515 791 768 832 argumentum
795 799 1043 832 summamque
1071 786 1262 831 diligenter
1289 787 1462 832 exposuit
1485 789 1584 821 Jssiess
1610 787 1631 822 l.
1652 800 1680 822 c.
1700 787 1769 821 429
1796 787 1840 821 ad

62 840 142 874 447.
195 840 372 881 Ceterum,
400 842 483 885 quid
523 842 565 875 de
592 841 658 875 hoc
694 842 783 875 libro
810 841 903 875 docti
930 842 1119 878 senserint.
1157 841 1295 875 dicetur
1322 840 1356 873 in
1384 840 1489 874 huius
1516 841 1634 885 operis
1660 840 1842 874 volumine

65 893 238 938 proximo,
265 905 345 927 cum
366 894 409 928 de
428 895 567 928 mariali
588 895 653 929 hoc
680 895 770 929 libro
790 906 808 929 a
829 894 973 929 Canisio
992 906 1022 928 a.
1046 894 1134 928 1583
1162 895 1347 937 recognito
1367 897 1404 928 et
1423 906 1502 928 cum
1531 894 1621 928 libro
1648 894 1691 927 de
1711 894 1841 928 loanne

63 946 228 991 Baptista
255 947 444 982 coniuncto
473 947 860 990 („Commentari0rum
888 948 930 981 de
958 947 1066 982 Verbi
1094 948 1157 982 Dei
1195 948 1410 992 corruptelis
1436 948 1537 982 'l'omi
1565 948 1672 990 duo“)
1701 950 1841 991 agetur.

63 999 207 1034 Interim
238 1012 270 1034 V.
290 1011 399 1045 supra
425 1013 457 1046 p.
483 1002 553 1035 434
579 1003 648 1037 450
685 1005 721 1036 et
748 1013 799 1042 ea,
838 1013 929 1046 quae
964 1001 1105 1035 notavit
1141 1001 1203 1036 Dr.
1231 1003 1269 1036 P.
1290 1002 1424 1035 Ki‘rsch
1451 1002 1484 1035 in
1518 1001 1754 1043 „Festschrift
1780 1013 1843 1034 zur

62 1053 95 1140 tit.
121 1052 462 1141 Jahghundertfeier
488 1055 550 1088 der
578 1054 715 1089 Geburt
742 1055 804 1089 des
832 1055 970 1099 seligen
998 1054 1128 1089 Petrus
1157 1055 1359 1096 Canisius“,
1386 1055 1561 1098 Freiburg
1588 1055 1608 1088 i.
1629 1055 1660 1088 d.
1681 1054 1842 1088 Schweiz

88 1107 168 1147 921,
218 1107 347 1141 5-86.

182 1166 352 1201 Albertus
372 1167 414 1201 V.
434 1168 506 1201 dux
534 1180 596 1212 pro
623 1168 700 1202 eius
726 1167 897 1212 temporis
924 1179 1020 1201 more
1047 1168 1306 1202 dedicationem
1335 1168 1415 1202 libri
1434 1168 1502 1203 sibi
1529 1169 1664 1203 factam
1690 1168 1843 1212 pecunia

63 1222 313 1254 remuneratus
339 1223 413 1261 est;
444 1228 481 1254 ut
507 1222 600 1255 enim
625 1232 656 1255 a.
680 1221 767 1255 1911
797 1233 841 1254 ex
861 1221 904 1255 cl.
925 1221 965 1255 D.
987 1220 1046 1255 Dr.
1071 1223 1190 1255 Ottone
1209 1223 1354 1265 Hartiq,
1382 1222 1576 1256 nationalis
1603 1220 1842 1255 bibliothecae

63 1273 289 1308 monacensis
315 1275 400 1308 tunc
427 1275 585 1315 custode,
613 1275 746 1319 accepi,
774 1275 809 1308 in
832 1274 961 1309 Codice
987 1275 1162 1319 pecuniae
1185 1287 1205 1309 a
1229 1276 1331 1309 ducis
1354 1276 1534 1317 „camem‘
1567 1287 1598 1309 a.
1620 1274 1709 1308 1578
1737 1274 1842 1307 datae

64 1328 99 1360 et
124 1329 303 1371 acceptae,
331 1329 390 1371 qui
418 1328 599 1362 Monachii
621 1328 655 1361 in
680 1328 827 1362 archivo
855 1328 1062 1373 provinciae
1080 1328 1257 1362 Bavariae
1284 1329 1478 1373 superioris
1505 1330 1726 1367 asservatur,
1753 1327 1842 1361 haec

63 1382 147 1413 sunt
175 1379 215 1423 (f.
235 1380 494 1425 315b—3162):
526 1382 663 1424 „Herrn
691 1381 824 1416 Doctor
851 1381 1004 1423 Canisio,
1041 1393 1166 1424 wegen
1194 1383 1242 1416 Er
1269 1382 1302 1415 Ir
1329 1382 1460 1416 Furstl.
1481 1382 1546 1416 Gn.
1567 1382 1624 1415 ein
1651 1381 1771 1415 Puech
1799 1381 1842 1414 de

63 1432 176 1466 Beata
202 1433 318 1467 Maria
344 1434 493 1478 Virgine
520 1434 668 1468 verehrt
693 1434 765 1473 hat,
794 1434 888 1468 lautt
914 1435 977 1468 der
1003 1434 1078 1468 Zetl
1105 1435 1192 1469 zallt
1218 1435 1261 1469 50
1288 1435 1343 1468 fl.“
1391 1435 1458 1477 Qui
1484 1435 1530 1469 50
1555 1434 1679 1468 floreni
1700 1434 1842 1468 Canisio

64 1486 119 1520 22.
148 1485 315 1521 Octobris
353 1489 442 1522 1578
478 1488 586 1522 soluti
627 1499 706 1521 esse
742 1488 909 1522 videntur
947 1489 1009 1531 (K.
1043 1501 1070 1522 r.
1100 1489 1436 1522 Ree'nhccrdstiittner
1470 1489 1505 1522 in
1545 1487 1749 1530 „Jahrbuch
1785 1488 1844 1521 fiir

64 1539 286 1574 Miinchener
313 1541 549 1576 Geschicffle‘
582 1542 630 1574 IV
662 1541 756 1585 1312).

183 1600 218 1633 J.
252 1601 399 1635 Genoud
439 1601 693 1645 (friburgensis
732 1601 874 1644 collegii
907 1602 940 1635 S.
970 1601 1158 1636 Michaelis
1188 1602 1386 1646 professor)
1418 1604 1530 1641 notat,
1562 1600 1727 1644 Friburgi
1759 1600 1840 1634 Hel-

65 1651 241 1686 vetiorum
268 1653 302 1687 in
331 1654 548 1689 bibliotheca
574 1654 794 1699 reipublicae
820 1657 966 1688 exstare
992 1654 1098 1689 huius
1125 1655 1206 1688 libri
1233 1655 1448 1699 exemplum,
1477 1655 1568 1699 quod
1592 1654 1676 1688 olim
1701 1653 1841 1697 collegii

65 1704 256 1740 societatis
292 1707 420 1741 ibidem
457 1709 644 1742 constituti
680 1709 807 1747 fuerit,
845 1708 1009 1752 quodque
1050 1708 1247 1750 „renferme
1274 1708 1337 1742 des
1373 1709 1592 1742 corrections
1627 1711 1663 1741 et
1695 1710 1841 1741 annota-

63 1758 158 1845 t30ns
193 1760 254 1802 qui
288 1762 466 1796 semblent
501 1765 576 1795 ctre
603 1761 645 1795 de
671 1761 706 1795 la
732 1762 827 1795 main
855 1762 897 1794 de
932 1761 1087 1795 l’auteur
1113 1765 1149 1795 et
1176 1773 1217 1794 en
1246 1773 1316 1795 vue
1352 1761 1456 1796 d'une
1483 1761 1650 1795 nouvelle.
1685 1761 1837 1795 edition“

65 1813 77 1855 (
97 1839 104 1846 .
131 1823 160 1846 c.
190 1813 253 1847 131
270 1815 309 1857 ¹).

182 1874 401 1910 Feldkirchii
431 1874 654 1917 (Feldkirch)
695 1875 728 1908 in
765 1873 980 1908 bibliotheca
1017 1874 1141 1907 domus
1176 1875 1427 1908 exercitiorum
1458 1874 1528 1917 (Da
1554 1874 1603 1908 IV
1630 1874 1692 1917 48)
1721 1877 1842 1907 exstat

64 1929 170 1964 huius
204 1929 286 1963 libri
322 1927 526 1972 exemplum
560 1927 597 1961 in
632 1928 766 1961 tabulis
802 1927 933 1970 ligneis
968 1928 1062 1961 corio
1099 1927 1179 1961 albo
1206 1928 1371 1962 obductis
1399 1929 1582 1971 variisque
1618 1927 1744 1970 figuris
1780 1928 1841 1961 im-

63 1983 199 2028 pressis
233 1981 529 2025 conglutinatum,
555 1981 590 2015 in
629 1982 731 2015 cuius
767 1981 851 2015 folio
886 1980 1024 2015 titulari
1052 1992 1158 2014 manu
1185 1980 1344 2014 eiusdem
1379 1982 1552 2025 temporis
1577 1984 1740 2015 notatum
1767 1984 1842 2015 est:

69 2036 136 2078 ‚M1
163 2035 323 2071 Mathias
350 2035 504 2070 Leserus
531 2035 721 2080 presbyter
748 2035 836 2068 emit
862 2035 882 2068 2
909 2034 1053 2068 florenis
1080 2034 1100 2067 6
1128 2034 1256 2068 batziis
1282 2046 1374 2068 anno
1402 2035 1524 2069 158l.'‘

183 2095 363 2130 Monachii
382 2095 418 2128 in
438 2094 656 2129 bibliotheca
681 2094 854 2129 nationali
885 2094 983 2136 (Rar.
1007 2095 1088 2138 167)
1120 2097 1251 2136 exstat,
1279 2097 1319 2128 ut
1346 2106 1390 2128 ex
1419 2095 1542 2128 eodem
1567 2094 1610 2128 cl.
1630 2093 1691 2128 Dr.
1711 2095 1845 2137 Hartey

65 2149 198 2194 accepi,
226 2149 384 2183 eiusdem
420 2148 503 2182 libri
531 2147 736 2193 exemplum
764 2148 798 2181 in
833 2148 969 2182 tabulis
996 2148 1091 2182 corio
1127 2148 1228 2182 fusco
1255 2147 1419 2182 obductis
1445 2150 1481 2181 et
1507 2147 1632 2190 figuris
1658 2147 1845 2190 eleganter

66 2203 251 2247 impressis
278 2201 585 2245 conglutinatum3
613 2202 715 2235 cuius
741 2201 827 2235 folio
853 2201 992 2235 titulari
1021 2203 1190 2235 Canisins
1215 2201 1290 2246 ipse
1317 2203 1352 2235 in
1379 2201 1541 2244 margine
1564 2201 1730 2234 inferiore
1756 2200 1845 2234 haec

67 2255 272 2301 inscripsit:
303 2255 520 2298 „Jllustriss
541 2255 709 2300 Principi,
729 2254 770 2289 D.
791 2254 1085 2294 GVILHELMO,
1113 2256 1300 2299 utriusque
1319 2255 1495 2288 Bauariae
1514 2255 1605 2295 duci,
1625 2256 1661 2288 et
1678 2254 1844 2288 Patrono.

65 2309 206 2344 Author
231 2309 482 2344 obseruantiae
510 2320 597 2351 erga
624 2308 664 2343 D.
685 2308 746 2342 D.'‘
802 2308 908 2342 Aliud
936 2308 1016 2342 libri
1044 2308 1247 2352 exemplum
1275 2308 1347 2341 vidi
1376 2307 1540 2352 Eystadii
1567 2307 1602 2341 in
1629 2307 1845 2342 bibliotheca

71 2362 266 2407 episcopali
295 2362 346 2403 (M
375 2363 434 2403 7);
472 2362 506 2395 in
542 2361 648 2396 huius
675 2367 795 2395 autem
832 2361 915 2395 folio
950 2361 1088 2395 titulari
1118 2363 1286 2395 Canfsius
1319 2372 1386 2395 sua
1421 2372 1528 2395 manu
1565 2360 1654 2395 haec
1680 2360 1845 2405 scripsit:

71 2415 170 2457 „Toti
196 2415 348 2459 collegio
374 2415 564 2449 Societatis
592 2414 699 2450 JESV
727 2414 946 2459 Jngolstadij
977 2414 1114 2448 Author
1150 2414 1182 2449 d.
1203 2415 1234 2448 d.
1254 2425 1364 2458 seque
1390 2414 1487 2448 illius
1523 2414 1689 2459 precibus
1715 2414 1750 2448 iu
1777 2414 1844 2448 Do-

65 2469 162 2503 mino
187 2469 294 2503 ualde
320 2469 616 2503 commendauit.²
672 2468 724 2502 De
751 2469 859 2502 tertio
887 2467 1040 2511 denique
1075 2468 1154 2502 libri
1183 2467 1347 2512 exemplo
1376 2468 1484 2511 (quod
1521 2469 1657 2512 perisse
1685 2467 1842 2511 videtur)

67 2523 103 2556 in
129 2522 278 2567 antiqua
304 2521 365 2556 illa
392 2522 587 2556 *Historia
615 2521 758 2564 collegii
794 2521 1090 2565 ingolstadiensis
1117 2521 1179 2563 (cf.
1208 2532 1318 2565 supra
1345 2533 1378 2565 p.
1406 2521 1491 2564 353)
1519 2521 1608 2555 haec
1634 2524 1845 2555 narrantur:

71 2576 283 2619 „[Martinus
310 2587 330 2609 a
357 2575 617 2617 Schaumberg]
648 2575 848 2620 Episcopus
875 2574 1120 2619 Eystettensis
1147 2574 1298 2608 eundem
1325 2573 1454 2608 librum
1481 2586 1500 2608 a
1527 2575 1660 2608 nostris
1687 2575 1845 2609 oblatum

66 2629 221 2663 libenter
258 2628 408 2673 accepit,
447 2630 593 2672 tamque
632 2635 776 2671 gratum
815 2639 946 2662 munus
984 2627 1121 2667 habuit,
1161 2630 1202 2661 vt
1239 2627 1429 2661 offerentes
1466 2628 1626 2662 officiose
1660 2630 1845 2668 tractaret,

67 2685 254 2726 totumque
274 2682 473 2725 Collegium
500 2682 612 2715 missa
638 2692 744 2715 carne
765 2682 921 2721 cervina,
948 2684 985 2715 et
1011 2681 1150 2715 cancris
1170 2681 1312 2720 additis,
1340 2680 1496 2724 benigne
1520 2682 1720 2715 recrearet“
1745 2681 1845 2723 (Cod.

69 2738 214 2781 eystett.
239 2735 351 2778 „Hist
371 2735 450 2770 coll.
470 2735 568 2778 Ing.“
599 2746 631 2779 p.
650 2735 724 2778 42).
778 2734 828 2768 De
855 2737 984 2778 quarto
1011 2734 1176 2778 exemplo
1204 2734 1326 2768 Ioanni
1354 2734 1540 2779 Dreyling‚
1568 2735 1783 2769 Ferdinandi
1802 2735 1845 2769 Il.

68 2788 272 2823 archiducis
298 2788 502 2823 consiliario
529 2787 655 2827 aulico,
689 2799 709 2821 a
737 2787 880 2821 Canisio
907 2788 1036 2821 donato
1063 2799 1097 2823 v.
1121 2790 1205 2821 san.
1229 2787 1274 2821 VI
1303 2787 1381 2821 713.
1433 2787 1485 2822 De
1511 2788 1687 2833 exemplis
1713 2789 1846 2823 Canisii

68 2842 210 2876 nomine
244 2841 379 2875 Romae
415 2841 589 2884 Gregorio
619 2840 712 2874 xm.
743 2844 779 2875 et
815 2840 1058 2874 cardinalibus
1088 2840 1208 2881 Hosio,
1244 2840 1382 2883 Sirleto,
1419 2841 1547 2882 Gallio,
1584 2841 1847 2876 Commendono

68 2895 211 2929 traditis
238 2906 270 2928 v.
291 2906 400 2940 supra
426 2906 458 2939 p.
477 2895 547 2929 4:30
574 2894 653 2928 437.

188 2953 294 2989 Liber
316 2956 436 2988 exstat
464 2953 572 2987 etiam
592 2952 748 2987 Berolini
775 2953 808 2987 in
833 2953 1051 2988 bibliotheca
1071 2952 1255 2993 nationali,
1276 2952 1456 2987 Monachii
1474 2953 1510 2987 in
1528 2954 1746 2989 bibliotheca
1771 2955 1847 2989 uni-

69 3007 266 3048 versitatis,
302 3006 437 3041 Fuldae
465 3007 499 3040 in
534 3006 751 3041 bibliotheca
786 3006 930 3051 publica
957 3005 1346 3049 (Landesbiblioffiek),
1385 3006 1542 3051 Upsalae
1569 3007 1603 3041 in
1631 3007 1848 3042 bibliotheca

70 3060 330 3101 universitatis,
374 3060 614 3094 Salmanticae
652 3060 686 3093 in
730 3060 947 3094 bibliotheca
986 3060 1235 3094 universitatis
1275 3059 1360 3103 (674
1397 3071 1431 3094 n.
1469 3061 1539 3104 16).
1601 3061 1690 3095 Eum
1729 3061 1849 3106 posuit

72 3115 326 3157 Sommerroyel
351 3113 373 3147 l.
395 3125 423 3148 c.
444 3113 475 3146 ΙΙ
504 3113 584 3147 674.
