2062 3443
218 174 318 209 1969.
347 174 512 209 Canisius
539 173 722 209 Everardo
749 173 986 208 Mercuriano.
1029 172 1250 217 Ingolstadio
1277 173 1308 207 6.
1329 173 1484 208 Ianuarii
1515 174 1616 208 1577.
1720 176 1802 217 387

33 293 214 349 publice,
259 292 520 335 Societatem
553 291 664 334 hanc
698 305 867 333 omnem
901 291 1173 345 amplitudini
1208 294 1323 341 tuae,
1368 306 1418 334 ac
1452 293 1543 334 eius
1576 292 1806 334 Vniuersae

32 358 183 401 ditioni
206 358 268 399 sic
291 370 386 399 esse
408 357 667 406 deuinctam,
702 360 752 398 vt
774 356 944 399 etiamsi
968 356 1009 397 in
1035 356 1248 398 Bauarica
1271 356 1398 399 vinea
1421 357 1651 411 plurimum
1685 357 1806 398 labo-

32 437 188 474 remus,
221 422 334 476 quod
367 422 537 475 quidem
572 422 716 463 facere
739 422 909 463 Christo
943 421 1050 462 duce
1083 435 1302 472 conamur,
1337 424 1483 464 tamen
1518 436 1595 476 pro
1629 422 1807 463 summis

32 488 76 530 in
108 502 186 530 nos
209 488 427 541 beneficijs
460 487 546 529 tuis
568 487 726 528 iustam
752 487 1014 540 dignamque
1037 486 1225 539 gratiam
1250 487 1413 528 referre
1437 501 1653 539 nunquam
1679 501 1807 540 posse

30 553 268 596 videamur.
312 553 547 594 Precamur
579 554 724 594 autem
759 551 974 594 Christum
1007 551 1187 593 IESVM
1221 552 1299 593 Dei
1324 552 1467 594 Patris
1500 556 1544 595 et
1577 552 1806 593 MARIAE

30 618 224 671 Virginis
247 618 399 659 Filium
426 618 524 671 Opt.
550 618 666 659 Max.
692 616 800 658 velit
832 619 881 658 vt
913 616 1005 670 ipse
1030 616 1217 658 Vestrae
1251 617 1562 660 beneficentiae
1590 617 1806 671 amplissi-

30 697 126 726 mus
158 697 253 725 esse
295 685 609 732 remunerator,
653 685 697 724 et
730 682 933 724 collatam
968 681 1009 723 in
1049 696 1127 723 nos
1167 683 1356 735 gratiam
1390 682 1539 724 solidis
1571 683 1657 724 illis
1690 697 1806 725 com-

30 762 214 803 pensare
256 747 390 797 bonis,
435 761 545 800 quae
586 747 854 789 immortales
896 746 1062 789 animos
1104 761 1207 788 vere
1251 748 1521 801 locupletant
1565 761 1616 790 ac
1663 748 1806 791 beant.

30 814 108 856 Ille
140 813 278 856 idem*
317 816 437 855 tuam
470 812 777 855 Celsitudinem
817 812 888 854 diu
921 812 1043 854 nobis
1077 826 1127 854 ac
1160 812 1383 855 Ecclesiae
1416 813 1638 866 sospitem,
1679 827 1807 867 prae-

30 879 193 921 claram
227 892 329 920 vero
362 878 497 933 ipsius
529 877 752 927 familiam,
787 891 1044 930 omnemque
1067 877 1301 919 Bauariam
1324 878 1367 919 in
1390 878 1531 920 officio
1554 878 1806 920 Catholicae

29 943 250 997 religionis
284 945 556 985 constantem
589 945 799 997 perpetuo
833 945 1011 985 tueatur
1049 946 1182 995 atque
1215 942 1483 986 conseruetb.
1547 943 1805 997 Ingolstadij

31 1023 143 1052 anno
176 1011 275 1063 post
297 1008 571 1050 salutiferum
594 1010 767 1062 partum
793 1007 986 1061 Virginis
1008 1021 1141 1062 supra
1164 1007 1594 1060 Sesquimillesimum
1620 1009 1805 1063 Septua-

29 1073 194 1128 gesimo
227 1073 446 1128 septimo⁰.

152 1154 317 1189 Canisius
344 1155 571 1189 Mercuriano
607 1154 813 1199 praeposito
849 1153 1008 1197 generali
1046 1153 1079 1188 S.
1107 1154 1139 1188 J.
1167 1154 1313 1199 scripsit
1343 1155 1563 1198 Ingolstadio
1590 1155 1621 1189 6.
1650 1155 1806 1189 Ianuarii

32 1209 133 1249 1577,
169 1220 207 1243 se
234 1208 381 1242 Alberto
409 1208 449 1242 V.
483 1219 591 1253 „opus
624 1208 826 1241 Marianum
862 1207 1164 1252 nuncupauisse“,
1201 1210 1237 1241 et
1264 1207 1429 1251 Augusta
1460 1209 1515 1242 25.
1540 1208 1674 1254 Aprilis
1704 1209 1806 1249 1577,

34 1262 202 1304 ‚eandem
237 1262 519 1296 dedicationem“
550 1262 619 1295 iam
653 1272 843 1304 „excusam
872 1262 994 1301 esse“;
1032 1273 1065 1294 v.
1092 1261 1187 1294 infra
1213 1273 1293 1306 epp.
1316 1262 1405 1296 1969
1435 1263 1538 1297 1979.
1592 1263 1667 1296 Hae
1694 1262 1806 1306 igitur

29 1315 172 1350 litterae
199 1315 299 1350 initio
326 1327 371 1350 m.
391 1315 549 1349 Ianuarii
576 1327 607 1351 a.
629 1316 718 1349 1577
747 1315 853 1349 datae
880 1317 976 1349 sunt.

31 1425 183 1462 1969.
265 1426 483 1461 CANISIUS
511 1424 894 1462 EVERARDO
924 1424 1381 1461 MERGIJRIANO
1411 1426 1617 1471 praeposito
1644 1427 1804 1471 generali

220 1481 412 1516 Societatis
440 1480 531 1515 Iesu.
1168 1479 1389 1523 Ingolstadio
1416 1481 1449 1515 6.
1467 1480 1624 1514 Ianuarii
1655 1480 1756 1515 1577.

150 1545 204 1579 Ex
230 1548 454 1590 autographo
483 1545 560 1588 (2⁰;
591 1546 605 1579 1
629 1558 679 1590 p.;
706 1545 740 1579 in
770 1557 800 1590 p.
821 1547 843 1578 4
871 1546 976 1579 inscr.
1005 1548 1041 1578 et
1067 1543 1188 1578 brevis
1215 1544 1393 1589 epistulae
1419 1556 1561 1579 summa
1580 1557 1600 1579 a
1620 1545 1657 1579 P.
1678 1545 1803 1580 Posse-

29 1599 113 1633 vino
140 1599 332 1634 Societatis
358 1599 554 1633 secretario
580 1599 745 1644 scripta).
798 1598 920 1633 Germ.
949 1598 1016 1633 183
1042 1599 1066 1633 f.
1094 1598 1328 1633 2612—2621’.
1381 1598 1527 1632 Partem
1554 1598 1682 1633 harum
1708 1598 1804 1633 litte-

29 1663 148 1687 rarum
176 1653 382 1697 germanice
401 1653 555 1687 reddidit
574 1655 729 1687 Janssen
748 1652 770 1687 l.
791 1664 820 1687 c.
836 1652 904 1686 VII
918 1653 939 1672 ¹*
972 1653 995 1672 ¹²
1016 1653 1103 1693 1583
1130 1652 1255 1685 iisdem
1276 1663 1363 1686 usus
1383 1654 1439 1686 est
1457 1653 1598 1697 Mic-hel,
1618 1652 1702 1688 Can.
1723 1653 1803 1688 369.

152 1714 248 1756 Opus
276 1715 498 1747 Marianum.
543 1713 791 1746 Prom‘nciazis.
836 1713 1017 1746 Vz’silator.
1064 1713 1217 1755 Colleym
1250 1712 1534 1755 inyolstade'ense,
1566 1713 1803 1755 dilinyammz,

29 1768 286 1800 constantiense
312 1772 370 1801 etc.
415 1767 583 1800 filbertus
600 1767 638 1800 V.
682 1767 843 1800 Nuntius
869 1767 1082 1809 apostolicus
1108 1767 1250 1808 eiusque
1277 1776 1392 1808 nepo&

255 1850 282 1903 ἦ·
316 1850 408 1892 Pax
441 1849 600 1892 Christi
632 1849 755 1892 nobis
788 1852 969 1892 aeterna
1003 1853 1047 1892 et
1078 1849 1186 1890 felix
1219 1863 1358 1891 annus

568 1915 811 1957 Admodum
845 1914 1101 1957 Reuerende
1136 1914 1279 1957 Pater.

148 1987 263 2037 Quas
296 1987 341 2030 P.
367 1987 415 2030 T.
451 1989 506 2029 22
530 1986 797 2041 Septembris
830 1987 884 2028 ad
918 2000 986 2028 me
1020 1986 1138 2028 dedit
1171 1985 1332 2040 accepi,
1367 2000 1497 2039 quum
1531 2000 1586 2027 ex
1609 1985 1808 2041 Comicijs

27 2053 209 2108 ‚Imperij
242 2053 324 2095 huc
358 2067 426 2095 me
458 2052 732 2107 recepissem,
768 2054 816 2094 ut
838 2051 1024 2094 Mariani
1048 2051 1190 2105 operis
1214 2051 1391 2094 editioni
1426 2065 1570 2093 corani
1594 2051 1807 2102 adessem,

28 2133 166 2173 eaque
199 2119 307 2160 duce
330 2118 500 2161 Christo
534 2131 683 2159 mense
705 2117 865 2160 Martio
888 2117 1153 2159 absoluetur.
1209 2117 1395 2159 Multum
1419 2119 1564 2158 autem
1589 2116 1658 2158 hic
1690 2117 1807 2159 labo-

26 2185 208 2227 randum
247 2187 327 2234 est,
371 2185 419 2225 ut
461 2183 691 2225 emendate
732 2183 842 2224 liber
882 2183 1091 2237 prodeat:
1135 2182 1187 2224 de
1230 2196 1313 2236 quo
1347 2182 1419 2235 alij
1454 2185 1621 2236 postea,
1665 2184 1710 2224 et
1741 2181 1808 2223 in-

24 2250 175 2304 primis
199 2250 244 2292 P.
269 2249 317 2293 T.
342 2249 607 2291 iudicabunt.
657 2248 843 2290 Peracta
876 2248 1079 2299 editione,
1114 2252 1322 2301 quantum
1359 2261 1414 2289 ex
1437 2247 1483 2290 P.
1509 2247 1807 2290 Prouintiale²

24 2314 236 2368 intellige,
271 2314 563 2369 Oenipontum
596 2314 819 2355 remittar:
854 2312 963 2356 fiat
995 2315 1141 2356 autem
1174 2312 1391 2355 Domini
1424 2313 1735 2356 uoluntas2.

146 2381 205 2422 Et
237 2379 440 2433 quoniam
468 2379 520 2421 de
552 2379 600 2422 P.
633 2378 900 2421 Prouintiale
941 2378 1213 2420 scribendum
1247 2392 1360 2420 nunc
1393 2381 1460 2420 est
1495 2377 1697 2431 aliquid3,
1733 2391 1806 2419 ex-

23 2445 168 2488 istimo
214 2446 335 2487 illum
377 2445 419 2487 in
463 2444 605 2487 officio
649 2458 757 2494 esse,
802 2446 846 2486 et
878 2443 1046 2487 utiliter
1077 2444 1324 2497 gubernare
1367 2445 1554 2494 nostros,
1599 2445 1807 2496 recteque

23 2509 260 2566 uersa[ri]‘¹
293 2525 391 2552 cum
423 2510 601 2552 exteris.
665 2510 758 2551 Deo
791 2510 850 2551 sit
881 2509 1039 2562 gratia,
1080 2509 1152 2562 qui
1184 2509 1308 2550 nobis
1340 2508 1460 2550 illum
1494 2508 1805 2562 irreprehensi-

23 2576 153 2618 bilem
186 2576 381 2631 praebet.
436 2575 568 2617 Esset
589 2577 738 2617 tamen
772 2576 816 2617 et
848 2574 930 2629 ipsi
963 2578 1007 2617 et
1039 2574 1136 2629 alijs
1169 2588 1254 2616 non
1276 2573 1507 2615 mediocris
1530 2574 1680 2616 futura
1703 2587 1805 2615 con—

145 2669 174 2699 a)
196 2669 229 2692 Ῑη
250 2669 277 2693 Β
297 2676 315 2692 α
336 2669 406 2693 Can.
426 2675 501 2692 corr.
522 2675 559 2692 ea:
578 2666 634 2692 Hic
654 2666 728 2699 ipse.
826 2665 857 2695 b)
880 2668 915 2691 In
934 2668 961 2692 B
981 2675 999 2691 α
1021 2668 1089 2692 Can.
1111 2674 1185 2692 corr.
1207 2674 1244 2691 ez*
1263 2673 1296 2691 ae
1317 2666 1432 2692 seruet.
1518 2667 1545 2693 c)
1567 2667 1614 2691 Sic
1636 2668 1657 2691 ζ’
1676 2675 1806 2698 quoque,-

24 2709 56 2733 in
76 2710 102 2734 B
118 2710 253 2741 primum
271 2713 335 2741 post
358 2717 381 2734 v.
402 2708 567 2734 conseruet
586 2709 729 2740 scriptum
750 2712 813 2733 erat
833 2708 992 2740 Augustae
1013 2707 1252 2737 Vindelicorum,
1278 2709 1359 2733 nullo
1378 2708 1508 2739 ascripto
1529 2711 1675 2739 tempore;
1700 2708 1806 2733 deinde

24 2752 105 2781 Can„
131 2751 178 2775 his
204 2759 246 2776 vv.
273 2751 458 2779 oblitteratis,
487 2751 626 2781 scripsit.-
652 2748 817 2782 Oeniponti
843 2756 924 2775 anno
950 2750 1023 2782 post
1043 2749 1234 2775 salutiferum
1259 2749 1383 2781 partum
1403 2748 1540 2781 Virginis
1566 2756 1661 2782 supra
1687 2749 1806 2782 sesqui-

24 2791 219 2818 millesimum
239 2791 466 2824 septuagesimo
488 2791 610 2824 quarto.
697 2790 727 2822 d)
749 2792 870 2824 Autoyr.
890 2792 937 2816 hic
956 2792 1041 2816 habet
1061 2792 1206 2816 lacunam.

23 2921 106 2944 nam
133 2910 316 2953 dilingano
337 2910 389 2943 illi
416 2909 544 2943 harum
570 2909 774 2943 litterarum
794 2909 960 2954 exemplo
979 2921 1088 2943 manu
1107 2908 1252 2953 scripto,
1281 2908 1375 2952 quod
1393 2919 1503 2953 supra
1522 2900 1608 2949 dixi,
1637 2907 1806 2942 Canisius

23 2963 102 3008 ipse
128 2975 260 2998 annum
290 2963 382 2998 1574
408 2963 589 3007 ascripsit,
625 2966 661 2997 et
687 2974 779 2997 anno
808 2963 909 3003 1577,
946 2974 1026 2996 cum
1062 2963 1129 2996 hae
1162 2962 1306 2995 litterae
1337 2961 1392 3004 (ut
1417 2972 1528 3006 supra
1554 2961 1644 3005 dixi)
1674 2961 1805 2995 iterum

22 3017 122 3062 typis
157 3016 460 3057 exscriberentur,
497 3016 564 3050 hoc
602 3015 679 3050 loco
715 3028 778 3060 pro
819 3016 1001 3057 „sextum“
1042 3015 1199 3060 positum
1237 3017 1292 3048 est
1331 3014 1581 3059 ⁷‚septimu1n¹‘.
1635 3014 1802 3048 Ceterum

24 3070 107 3104 vide
132 3081 243 3115 supra
268 3081 302 3114 p.
323 3069 403 3103 378.

146 3124 156 3143 ¹
184 3122 296 3157 Paulo
323 3122 482 3157 Hoffaeo.
630 3122 643 3142 ²
669 3123 740 3156 Act
766 3122 822 3164 21,
852 3123 914 3163 14;
942 3122 990 3157 cf.
1007 3121 1063 3155 Mt
1089 3121 1120 3163 6,
1151 3121 1210 3156 10;
1241 3120 1296 3162 26,
1323 3120 1389 3161 42;
1418 3120 1467 3154 Lc
1494 3121 1550 3162 22,
1576 3120 1634 3154 42.

144 3177 156 3197 ³
183 3176 237 3211 Cf.
255 3187 365 3220 supra
392 3187 424 3220 p.
444 3175 465 3210 8
479 3176 491 3195 ⁷
517 3175 586 3210 273
603 3175 623 3210 ¹.

1440 3232 1483 3267 25
1497 3232 1514 3251 *
