2062 3443
616 156 659 190 11.
688 155 911 190 Prooemium
940 155 1131 190 voluminis
1157 157 1313 201 septimi.
1772 171 1847 192 xxv

80 271 187 305 etiam
223 271 425 315 complures
461 271 679 316 typographi
717 275 752 305 et
786 270 998 315 bibliopolae
1031 271 1072 305 de
1104 271 1256 306 ccclesia
1292 272 1379 306 bene
1407 273 1652 313 merebantur;
1691 278 1729 309 ut
1765 276 1850 309 Ger-

81 325 185 359 vinus
213 324 390 363 Calenius,
426 326 486 368 qui
520 324 703 358 doctorum
740 335 848 369 opera
883 325 1024 367 magnis
1051 325 1126 358 suis
1153 325 1358 369 sumptibus
1389 325 1509 364 edidit,
1546 330 1581 360 et
1608 327 1849 365 Birckmanni.

79 379 138 422 qui
166 389 273 423 opera
300 378 332 411 S.
358 377 527 412 Ber-nardi
563 379 638 412 suis
676 378 846 422 impensis
875 378 1094 421 Antverpiae
1131 379 1339 412 excudenda
1376 382 1556 419 curarunt,
1594 383 1630 414 et
1665 381 1851 416 Maternus

80 431 250 466 Cholinus
282 431 366 473 (242
394 431 460 466 401
491 431 589 473 767).
643 431 807 474 Dilingae
844 431 877 464 in
906 430 1049 464 Sebaldi
1087 431 1212 475 Mayer
1248 438 1284 465 et
1321 433 1462 466 loannis
1499 434 1561 467 filii
1598 435 1850 480 typographia,

80 487 221 529 praeter
248 484 382 519 multos
409 484 498 518 alios
530 484 650 523 libros,
686 484 838 527 insignis
875 483 935 517 illa
967 484 1154 524 „Defensio
1182 484 1338 528 quinque
1366 486 1521 530 capitum
1550 488 1690 522 concilii
1726 488 1851 522 floren-

79 537 178 579 tini“,
205 549 297 581 quae
317 540 401 572 tune
421 549 500 572 cum
519 537 660 572 nomine
679 537 854 572 Gennadii
875 537 1103 582 patriarchae
1123 539 1501 583 constantinopolitani
1521 541 1851 579 circumferebatur.

78 591 218 628 iterum,
256 590 398 625 Canisio
434 591 690 630 intercedente,
726 591 823 635 prelo
858 591 1020 625 subiecta
1057 595 1112 625 est
1141 590 1254 634 (569).
1309 592 1516 635 ingolstadii
1552 597 1672 629 autem
1702 596 1851 630 Davidis

78 643 225 679 Sartorii
252 644 349 689 typis
370 644 511 678 loannis
534 645 694 678 Medinae
721 644 911 678 clarissimi
940 644 1097 687 theologi
1126 644 1385 689 complutensis
1412 658 1500 691 opus
1522 647 1593 689 „De
1621 649 1850 693 poenitentia,

78 698 304 732 restitutione
335 700 370 731 et
405 698 669 732 contractibus*
700 699 852 742 primum
890 697 925 731 in
953 697 1146 732 Germania
1173 699 1306 732 editum
1334 703 1389 733 est
1418 700 1531 740 4580).
1582 701 1706 745 Neque
1733 703 1852 737 officio

79 750 202 785 deerat
228 750 507 795 Christophorus
534 751 724 785 Plantinus
751 751 1028 796 antverpiensis,
1066 752 1220 785 omnium
1259 752 1354 786 illius
1381 754 1512 788 aetatis
1542 756 1850 800 typographorum

79 804 254 849 princeps,
283 804 342 848 qui
371 807 406 838 et
432 804 476 838 ud
498 805 624 839 Patres
650 816 800 848 graecos
819 804 1021 847 vulgandos
1040 817 1183 849 operam
1211 817 1312 839 suam
1333 806 1505 841 offerebat
1531 809 1591 846 ita,
1619 811 1658 842 ut
1684 813 1850 853 quartam

77 858 316 901 impensarum
345 861 482 902 partem
512 858 588 902 ipse
615 858 786 892 toleraret
808 858 921 900 (199),
951 862 986 892 et
1014 859 1047 892 in
1068 859 1202 893 Canisii
1230 859 1340 894 libros
1366 860 1476 894 nitide
1495 862 1723 897 excudendos
1743 866 1852 907 atque

78 910 205 954 figuris
240 911 348 945 etiam
385 911 506 945 aeneis
543 911 773 946 illustrandos
811 912 1049 946 incumbebat.
1106 912 1329 954 „Libenter“,
1357 913 1473 958 inquit
1499 914 1689 950 Plautinus
1716 916 1759 950 ad
1787 918 1850 951 Ca-

79 964 209 998 nisium
244 964 416 1005 scribens,
457 964 649 1009 „paulatim
678 965 846 1009 quicquid
882 968 1006 1009 potero
1035 968 1069 1000 et
1096 966 1211 1009 quoad
1244 966 1379 1008 vixero,
1416 969 1449 1001 in
1486 969 1639 1011 gratiam
1666 970 1851 1014 religionis

79 1016 295 1051 christianae
321 1019 507 1062 praestare
533 1018 704 1052 conabor-⁴
739 1018 823 1060 (138
854 1019 948 1060 169).
988 1018 1040 1052 De
1068 1019 1212 1061 lesuitis
1238 1019 1429 1064 aliquando
1457 1021 1670 1057 Guilielmus
1700 1024 1852 1059 Hassiae

78 1069 314 1113 landgravius
352 1070 576 1105 acatholicus
614 1071 705 1106 hanc
744 1071 893 1116 protulit
928 1072 1165 1107 sententiani:
1211 1072 1286 1113 Quo
1322 1085 1389 1107 non
1428 1079 1577 1119 possunt
1614 1076 1681 1120 ipsi
1718 1078 1852 1120 venire,

77 1135 139 1169 per
164 1123 275 1158 libros
301 1136 386 1159 suos
413 1127 605 1169 penetrant
637 1126 750 1169 (697).
804 1125 1018 1159 Germani-ie
1045 1128 1141 1160 certe
1167 1127 1363 1171 superioris
1391 1127 1483 1162 Socii
1513 1131 1546 1162 in
1574 1132 1852 1174 congregatione

79 1177 299 1222 provinciali,
336 1178 438 1212 cuius
473 1190 604 1221 magna
640 1190 723 1223 pars
759 1178 925 1213 Canisius
961 1182 1048 1219 erat,
1086 1191 1153 1213 non
1189 1180 1305 1214 solum
1341 1181 1383 1214 de.
1418 1181 1599 1226 theologia
1635 1184 1851 1233 dogmatica

78 1230 212 1272 morali,
248 1232 377 1267 biblica
402 1232 512 1266 libros
538 1233 710 1276 quosdam
738 1233 892 1266 edendos
919 1244 998 1267 esse
1025 1233 1262 1276 affirmaiunt,
1299 1236 1360 1269 sed
1389 1235 1495 1270 etiam
1524 1237 1567 1270 ad
1602 1237 1710 1272 libros
1738 1239 1849 1284 philo-

77 1285 241 1330 sophicos
267 1289 301 1319 et
328 1286 584 1329 grammaticos
611 1286 816 1320 scribendos
842 1286 1025 1321 sodalibus
1052 1287 1172 1321 calcar
1198 1288 1435 1323 admoverunt
1464 1291 1585 1333 (653);
1614 1303 1656 1325 ac
1684 1293 1849 1328 Oanisius

77 1357 121 1362 -—
150 1338 182 1372 id
209 1338 302 1382 quod
329 1339 571 1384 superioribus
598 1351 738 1384 quoque
771 1340 992 1385 temporibus
1028 1340 1165 1375 fecerat
1191 1361 1235 1365 —
1262 1353 1450 1386 supremos
1477 1343 1666 1379 Societatis
1694 1347 1850 1381 modera-

78 1394 174 1426 tores
209 1392 320 1426 semel
353 1397 462 1437 atque
496 1392 625 1426 iterum
653 1394 804 1437 rogavit,
842 1397 879 1427 ut
909 1392 1029 1428 Socios
1057 1394 1266 1438 deligerent,
1303 1397 1360 1439 qui
1397 1397 1575 1431 scribendi
1611 1410 1740 1434 munus
1774 1412 1851 1445 pro-

78 1445 192 1490 prium
220 1445 412 1485 haberent:
442 1446 476 1480 id
504 1447 596 1480 enim
624 1458 703 1481 esse
726 1447 949 1489 „institutum
978 1448 1085 1492 pium,
1112 1452 1287 1489 sanctum,
1315 1449 1574 1493 praeclarun1“,
1602 1463 1713 1496 paene
1732 1465 1851 1488 neces-

77 1499 223 1539 sarium,
254 1500 406 1541 „nostris
425 1498 628 1534 hominibus
655 1500 836 1543 dignum“,
863 1512 883 1534 a
908 1500 1097 1535 Societatis
1126 1504 1339 1547 praepositis
1368 1503 1561 1538 fovendum
1594 1507 1653 1545 (17
1683 1507 1723 1541 51
1753 1507 1851 1551 237).

78 1551 261 1587 Canisium
288 1552 405 1597 ipsum
432 1552 499 1587 hoc
525 1565 671 1587 munere
698 1565 829 1597 magna
856 1554 1032 1588 industria
1060 1558 1096 1589 et
1122 1555 1308 1598 diligentia
1334 1557 1497 1591 functum
1525 1569 1614 1599 esse,
1647 1561 1738 1595 satis
1764 1561 1851 1595 mihi

79 1606 201 1640 videor
219 1606 431 1640 ostendisse.
468 1605 544 1640 Hoc
562 1606 675 1641 solum
696 1607 841 1642 addam:
860 1607 913 1642 Ne
932 1608 1120 1643 ecclesiam
1140 1609 1335 1644 defendens
1354 1622 1461 1645 auras
1479 1612 1614 1646 frustra
1633 1614 1851 1656 verberaret,

78 1659 365 1694 adversariorum
393 1671 534 1704 quoque
568 1660 679 1695 libros
714 1660 876 1705 legebat3
914 1663 969 1696 cui
996 1662 1046 1696 rei
1074 1666 1286 1706 argumento
1314 1675 1393 1698 esse
1430 1667 1558 1709 potest,
1595 1667 1687 1710 quod
1718 1668 1754 1701 in
1780 1680 1851 1702 una.

77 1713 140 1747 illa
174 1712 328 1758 epistula
364 1713 593 1755 dedicatoria,
630 1725 735 1758 quam
770 1715 891 1758 Vegae
926 1715 1015 1749 libro
1051 1717 1268 1761 praeposuit,
1305 1729 1349 1750 ex
1386 1718 1430 1752 24
1464 1718 1566 1753 libris
1603 1720 1849 1764 theologorum

77 1767 354 1812 protestantium
378 1767 584 1801 testimonia
608 1767 757 1812 protulit
786 1769 970 1812 (62-84).
1011 1769 1166 1803 Eandem
1190 1770 1415 1813 diligentiam
1443 1772 1488 1806 ab
1513 1772 1604 1814 aliis,
1629 1785 1648 1807 a
1667 1774 1850 1810 sodalibus

78 1820 243 1860 maxime,
279 1820 459 1864 exigebat.
511 1821 704 1865 Propterea
737 1821 779 1855 de
811 1822 1093 1863 „Commentario
1129 1824 1228 1858 brevi
1257 1836 1375 1858 rerum
1411 1826 1445 1859 in
1473 1826 1557 1860 orbe
1592 1829 1798 1870 gestarum“
1829 1841 1850 1862 a

78 1873 180 1909 Surio
206 1875 402 1919 composito
428 1874 482 1908 24.
508 1875 595 1908 lunii
621 1875 711 1909 1576
738 1875 840 1909 Socio
868 1876 1009 1910 cuidam
1036 1877 1230 1911 coloniensi
1256 1879 1421 1923 scripsit:
1454 1880 1648 1921 „Audimus
1675 1894 1755 1916 eum
1782 1894 1851 1916 non

78 1926 121 1961 ab
148 1927 312 1962 omnibus
347 1927 571 1972 probari,.et
602 1932 807 1973 optaremus
842 1930 1019 1964 maturius
1055 1931 1230 1975 quaedam
1267 1931 1310 1965 ab
1346 1932 1423 1977 ipso
1450 1934 1636 1975 conscribi,
1672 1935 1756 1979 quia
1782 1947 1851 1970 non

77 1991 184 2024 quam
220 1980 383 2021 multum,
419 1981 480 2015 sed
517 1992 624 2025 quam
661 1981 749 2016 bene
775 1983 974 2027 scripseris,
1002 1984 1195 2018 videndum
1223 1985 1298 2018 est“
1330 1986 1445 2028 (218).
1497 1987 1597 2029 Item,
1634 1999 1713 2022 cum
1740 1989 1852 2023 mirae

77 2033 273 2068 sanitatum
317 2034 476 2077 gratiae,
520 2046 609 2079 quas
648 2035 744 2069 Deus
786 2035 953 2070 fidelibus
991 2036 1185 2071 Sefeldiam
1229 2039 1468 2082 peregrinatis
1506 2041 1664 2075 tribuere
1702 2041 1850 2084 solebat,

77 2087 208 2122 litteris
234 2088 501 2131 consignandae
528 2091 660 2129 essent,
688 2089 853 2124 Canisius
879 2092 1028 2131 monuit,
1056 2094 1095 2124 ut
1118 2091 1223 2125 valde
1249 2092 1508 2137 circumspecte
1535 2097 1571 2128 et
1597 2095 1790 2139 prudenter
1817 2097 1850 2130 id

77 2144 263 2185 ageretur3
299 2142 573 2185 interrogandos
598 2154 678 2177 esse
704 2142 876 2184 homines,
912 2144 1063 2188 quando,
1090 2145 1161 2186 ubi,
1190 2146 1365 2190 quomodo
1392 2158 1449 2181 res
1475 2147 1572 2182 facta
1599 2152 1715 2190 esset;
1751 2151 1850 2184 testi-

78 2195 195 2229 monia
230 2195 507 2239 magistratuum
544 2197 777 2240 requirenda;
815 2208 880 2231 nec
914 2197 1105 2242 quicquam
1145 2200 1178 2232 in
1210 2211 1250 2234 eo
1284 2199 1376 2234 libro
1402 2201 1629 2236 scribendum
1657 2214 1746 2243 esse,
1782 2203 1851 2238 nisi

78 2248 169 2292 quod
194 2249 375 2293 „proprie‘
397 2248 608 2283 miraculum
635 2250 747 2284 fuisse
774 2251 998 2285 intellectum
1026 2255 1141 2293 esset;
1169 2254 1260 2297 quod
1289 2254 1357 2287 nisi
1384 2254 1495 2295 fieret,
1523 2256 1607 2297 fore,
1635 2260 1675 2290 ut
1701 2260 1737 2290 et
1762 2256 1849 2291 rela-

78 2301 192 2336 tiones
227 2300 309 2335 illae
343 2302 640 2337 existimarentur
675 2303 870 2345 fabulosae,
907 2308 943 2339 et
972 2305 1149 2340 sanitates
1177 2307 1314 2341 viribus
1348 2311 1498 2342 naturae
1533 2309 1738 2344 dicerentur
1772 2322 1852 2345 esse

79 2355 228 2389 effectae
256 2354 374 2398 (186).
425 2356 610 2391 Librorum
639 2368 805 2392 censores
836 2357 870 2392 in
898 2358 1077 2393 Societate
1105 2359 1270 2395 Canisius
1296 2361 1463 2406 cupiebat
1490 2373 1569 2397 esse
1599 2365 1785 2405 „exactos“
1816 2368 1851 2398 et

81 2408 243 2450 „sedulo‘
282 2408 439 2443 officium
474 2410 726 2445 administrare
761 2411 876 2456 (510).
928 2412 1177 2457 Displicebant
1212 2414 1242 2448 ei
1278 2414 1360 2448 libri
1396 2415 1507 2459 aliqui
1543 2427 1563 2450 a
1599 2416 1772 2461 Gregorio
1808 2418 1851 2452 de

78 2461 245 2496 Valentia
283 2462 317 2497 S.
354 2462 387 2498 J.
426 2463 592 2507 theologo
631 2464 830 2499 clarissimo
869 2468 993 2500 contra
1033 2466 1306 2501 Heerbrandum
1345 2468 1572 2503 lutheranum
1613 2471 1717 2512 editi,
1757 2471 1850 2515 quod

79 2514 247 2549 Valentia
273 2516 307 2550 in
334 2515 378 2551 iis
401 2516 554 2558 „limites
581 2518 777 2553 modestiae
796 2519 1029 2560 excederet“;
1058 2522 1189 2561 nescio,
1217 2521 1277 2561 ait,
1305 2522 1348 2556 ad
1375 2522 1460 2566 quid
1486 2522 1689 2558 huiusmodi
1715 2524 1852 2569 scripta

78 2569 217 2614 prosint
243 2570 358 2614 (510).
410 2570 524 2604 Simili
550 2570 698 2613 ratione,
731 2583 811 2606 cum
839 2573 874 2606 in
901 2573 1110 2607 visitatione
1137 2574 1368 2618 collegiorum
1397 2575 1589 2611 Societatis
1616 2577 1852 2613 bibliothecas

82 2622 328 2667 perlustraret,
355 2623 464 2658 libros
491 2625 661 2668 quosdam
689 2637 710 2660 a
737 2625 776 2660 P.
804 2626 931 2660 loanne
958 2626 1053 2661 Naso
1081 2626 1122 2661 Ο.
1144 2627 1179 2661 F.
1200 2628 1246 2662 Μ.
1275 2628 1412 2663 calamo
1438 2632 1543 2664 acuto
1570 2634 1694 2665 contra
1721 2631 1851 2666 Luthe-

80 2687 186 2711 ranos
220 2676 374 2722 scriptos
409 2688 493 2712 arca
525 2677 657 2712 includi
686 2679 801 2719 iussit,
836 2679 982 2714 selectis
1008 2683 1149 2715 tantum
1176 2681 1289 2716 Sociis
1315 2683 1573 2727 permittendos
1599 2685 1714 2728 (731).
1766 2685 1850 2720 Gui

78 2728 221 2764 lielmus
243 2729 283 2765 V.
312 2730 488 2765 Bavariae
516 2731 588 2765 dux
616 2731 679 2766 vix
706 2736 872 2778 coeperat
903 2745 1065 2777 regnare,
1102 2746 1182 2769 cum
1211 2747 1255 2769 ex
1284 2735 1425 2770 Canisio
1458 2738 1648 2781 quaesivit,
1676 2740 1851 2783 quomodo

79 2782 160 2818 libri
195 2784 297 2828 pravi
325 2783 480 2818 Bavaria
507 2785 620 2819 arceri
655 2790 812 2830 possent.
864 2787 1061 2846 Respondit
1095 2787 1155 2822 ille
1184 2789 1290 2833 (quae
1323 2789 1466 2824 litterae
1491 2802 1586 2825 nunc
1620 2792 1774 2837 primum
1800 2792 1850 2826 in-

79 2838 202 2880 tegrae
229 2836 454 2881 vulgantur)
490 2838 590 2882 leges
625 2839 666 2872 de
700 2839 802 2874 libris
835 2841 1018 2885 superiore
1055 2844 1214 2886 tempore
1249 2842 1343 2877 latas
1372 2843 1469 2878 vitiis
1504 2843 1641 2889 aliquot
1676 2845 1849 2880 laborare.

79 2889 159 2924 Non
185 2893 241 2924 est
275 2890 416 2933 bonum,
442 2891 504 2932 ait,
541 2892 710 2936 quicquid
746 2892 834 2927 locis
861 2893 1049 2928 catholicis
1075 2894 1209 2929 editum
1237 2899 1300 2937 est,
1338 2908 1403 2931 nec
1429 2897 1574 2939 malum,
1609 2899 1779 2943 quicquid
1815 2899 1850 2933 in

80 2943 227 2978 urbibus
261 2946 539 2989 protestantium
574 2949 629 2980 est
659 2957 842 2981 excusum.
895 2947 1067 2992 Princeps
1093 2960 1164 2982 una
1189 2961 1270 2984 cum
1296 2951 1474 2996 episeopis
1509 2963 1572 2996 per
1600 2952 1718 2986 varias
1744 2952 1851 2987 urbes

86 2998 292 3039 „censores“
333 3001 370 3032 et
411 2998 671 3044 „inspectores“
714 2999 885 3035 librorum
925 3002 1140 3040 constituat,
1179 3004 1240 3047 qui
1279 3007 1509 3039 externorum
1548 3016 1689 3050 quoque
1727 3005 1849 3041 biblio-

82 3114 258 3146 genossen
293 3104 423 3139 vorher
457 3105 529 3139 und
564 3105 761 3142 nachher“:
799 3105 863 3141 Die
899 3106 1062 3151 Religion
1099 3108 1132 3142 in
1169 3108 1387 3145 Geschiehte
1423 3111 1494 3145 und
1532 3110 1752 3155 Gegenwart
1786 3112 1849 3153 lll,

82 3155 269 3201 Tt'ibingen
299 3158 400 3199 1912,
427 3159 506 3194 997.
