<?xml version="1.0" encoding="UTF-8"?>
<!DOCTYPE html PUBLIC "-//W3C//DTD XHTML 1.0 Transitional//EN"
    "http://www.w3.org/TR/xhtml1/DTD/xhtml1-transitional.dtd">
<html xmlns="http://www.w3.org/1999/xhtml" xml:lang="en" lang="en">
 <head>
  <title>
</title>
<meta http-equiv="Content-Type" content="text/html;charset=utf-8" />
  <meta name='ocr-system' content='tesseract 3.04.00' />
  <meta name='ocr-capabilities' content='ocr_page ocr_carea ocr_par ocr_line ocrx_word'/>
</head>
<body>
  <div class='ocr_page' id='page_1' title='image "beatipetricanisi07cani_0374.png"; bbox 0 0 2051 3433; ppageno 0'>
   <div class='ocr_carea' id='block_1_1' title="bbox 202 126 1756 173">
    <p class='ocr_par' dir='ltr' id='par_1_1' title="bbox 202 126 1756 173">
     <span class='ocr_line' id='line_1_1' title="bbox 202 126 1756 173; baseline 0.001 -12"><span class='ocrx_word' id='word_1_1' title='bbox 202 129 286 170; x_wconf 75' lang='lat'>280</span> <span class='ocrx_word' id='word_1_2' title='bbox 411 127 513 162; x_wconf 82' lang='lat'>1918.</span> <span class='ocrx_word' id='word_1_3' title='bbox 541 126 706 162; x_wconf 88' lang='lat' dir='ltr'>Canisius</span> <span class='ocrx_word' id='word_1_4' title='bbox 732 127 915 162; x_wconf 86' lang='lat' dir='ltr'>Everardo</span> <span class='ocrx_word' id='word_1_5' title='bbox 941 127 1177 162; x_wconf 86' lang='lat' dir='ltr'>Mercuriano.</span> <span class='ocrx_word' id='word_1_6' title='bbox 1221 127 1421 173; x_wconf 88' lang='lat' dir='ltr'>Oeniponte</span> <span class='ocrx_word' id='word_1_7' title='bbox 1449 128 1503 162; x_wconf 88' lang='lat'>13.</span> <span class='ocrx_word' id='word_1_8' title='bbox 1523 127 1625 162; x_wconf 90' lang='lat' dir='ltr'>Febr.</span> <span class='ocrx_word' id='word_1_9' title='bbox 1653 127 1756 163; x_wconf 87' lang='grc'>1575.</span> 
     </span>
    </p>
   </div>
   <div class='ocr_carea' id='block_1_2' title="bbox 196 244 1973 1386">
    <p class='ocr_par' dir='ltr' id='par_1_2' title="bbox 197 244 1973 626">
     <span class='ocr_line' id='line_1_2' title="bbox 319 244 1969 299; baseline 0.001 -12"><span class='ocrx_word' id='word_1_10' title='bbox 319 244 527 299; x_wconf 86' lang='lat' dir='ltr'>Superest</span> <span class='ocrx_word' id='word_1_11' title='bbox 555 247 613 288; x_wconf 41' lang='lat' dir='ltr'>&gt;et</span> <span class='ocrx_word' id='word_1_12' title='bbox 653 245 771 296; x_wconf 92' lang='lat' dir='ltr'>illud,</span> <span class='ocrx_word' id='word_1_13' title='bbox 816 245 1027 299; x_wconf 91' lang='lat' dir='ltr'>quomodo</span> <span class='ocrx_word' id='word_1_14' title='bbox 1069 245 1127 287; x_wconf 90' lang='lat' dir='ltr'>sit</span> <span class='ocrx_word' id='word_1_15' title='bbox 1167 244 1328 287; x_wconf 89' lang='lat' dir='ltr'>nostris</span> <span class='ocrx_word' id='word_1_16' title='bbox 1368 244 1596 298; x_wconf 78' lang='lat' dir='ltr'><strong>Augustae</strong></span> <span class='ocrx_word' id='word_1_17' title='bbox 1637 245 1881 290; x_wconf 90' lang='lat' dir='ltr'>uiuendum.</span> <span class='ocrx_word' id='word_1_18' title='bbox 1926 247 1969 289; x_wconf 87' lang='lat' dir='ltr'>Si</span> 
     </span>
     <span class='ocr_line' id='line_1_3' title="bbox 200 309 1968 366; baseline 0.002 -15"><span class='ocrx_word' id='word_1_19' title='bbox 200 309 342 352; x_wconf 90' lang='lat' dir='ltr'>dictae</span> <span class='ocrx_word' id='word_1_20' title='bbox 375 310 643 352; x_wconf 89' lang='lat' dir='ltr'>conditiones</span> <span class='ocrx_word' id='word_1_21' title='bbox 675 310 970 366; x_wconf 77' lang='lat' dir='ltr'>repudientur,</span> <span class='ocrx_word' id='word_1_22' title='bbox 1004 313 1081 352; x_wconf 86' lang='lat' dir='ltr'>aut</span> <span class='ocrx_word' id='word_1_23' title='bbox 1114 310 1166 352; x_wconf 90' lang='lat' dir='ltr'>de</span> <span class='ocrx_word' id='word_1_24' title='bbox 1197 309 1283 351; x_wconf 90' lang='lat' dir='ltr'>illis</span> <span class='ocrx_word' id='word_1_25' title='bbox 1316 310 1548 352; x_wconf 88' lang='lat' dir='ltr'>conuenire</span> <span class='ocrx_word' id='word_1_26' title='bbox 1580 324 1664 353; x_wconf 92' lang='lat' dir='ltr'>non</span> <span class='ocrx_word' id='word_1_27' title='bbox 1688 311 1838 365; x_wconf 88' lang='lat' dir='ltr'>possit.</span> <span class='ocrx_word' id='word_1_28' title='bbox 1883 312 1968 354; x_wconf 91' lang='lat' dir='ltr'>Re-</span> 
     </span>
     <span class='ocr_line' id='line_1_4' title="bbox 199 374 1970 431; baseline 0.001 -15"><span class='ocrx_word' id='word_1_29' title='bbox 199 374 402 428; x_wconf 89' lang='lat' dir='ltr'>spondeo,</span> <span class='ocrx_word' id='word_1_30' title='bbox 437 375 491 417; x_wconf 87' lang='lat' dir='ltr'>ad</span> <span class='ocrx_word' id='word_1_31' title='bbox 524 378 696 430; x_wconf 89' lang='lat' dir='ltr'>tempus</span> <span class='ocrx_word' id='word_1_32' title='bbox 718 389 814 418; x_wconf 89' lang='lat' dir='ltr'>esse</span> <span class='ocrx_word' id='word_1_33' title='bbox 838 375 1194 418; x_wconf 88' lang='lat' dir='ltr'>dissimulandum</span> <span class='ocrx_word' id='word_1_34' title='bbox 1217 375 1381 417; x_wconf 85' lang='lat' dir='ltr'>factum</span> <span class='ocrx_word' id='word_1_35' title='bbox 1405 375 1730 427; x_wconf 85' lang='lat' dir='ltr'>Canonicorum,</span> <span class='ocrx_word' id='word_1_36' title='bbox 1764 376 1840 418; x_wconf 88' lang='lat' dir='ltr'>sed</span> <span class='ocrx_word' id='word_1_37' title='bbox 1862 390 1970 431; x_wconf 84' lang='lat' dir='ltr'>pau-</span> 
     </span>
     <span class='ocr_line' id='line_1_5' title="bbox 198 439 1973 490; baseline 0.002 -10"><span class='ocrx_word' id='word_1_38' title='bbox 198 439 321 482; x_wconf 91' lang='lat' dir='ltr'>latim</span> <span class='ocrx_word' id='word_1_39' title='bbox 354 443 527 483; x_wconf 90' lang='lat' dir='ltr'>nostros</span> <span class='ocrx_word' id='word_1_40' title='bbox 560 454 615 483; x_wconf 86' lang='lat' dir='ltr'>ex</span> <span class='ocrx_word' id='word_1_41' title='bbox 648 454 697 482; x_wconf 91' lang='lat' dir='ltr'>eo</span> <span class='ocrx_word' id='word_1_42' title='bbox 730 441 825 482; x_wconf 94' lang='lat' dir='ltr'>loco</span> <span class='ocrx_word' id='word_1_43' title='bbox 857 441 1141 483; x_wconf 90' lang='lat' dir='ltr'>remouendos</span> <span class='ocrx_word' id='word_1_44' title='bbox 1174 440 1322 490; x_wconf 85' lang='lat' dir='ltr'>uideri,</span> <span class='ocrx_word' id='word_1_45' title='bbox 1361 443 1410 483; x_wconf 91' lang='lat' dir='ltr'>ut</span> <span class='ocrx_word' id='word_1_46' title='bbox 1441 454 1519 483; x_wconf 92' lang='lat' dir='ltr'>suo</span> <span class='ocrx_word' id='word_1_47' title='bbox 1551 440 1752 483; x_wconf 90' lang='lat' dir='ltr'>instituto</span> <span class='ocrx_word' id='word_1_48' title='bbox 1785 441 1973 484; x_wconf 77' lang='lat' dir='ltr'>rectius²</span> 
     </span>
     <span class='ocr_line' id='line_1_6' title="bbox 198 504 1972 560; baseline 0.002 -15"><span class='ocrx_word' id='word_1_49' title='bbox 198 504 452 557; x_wconf 88' lang='lat' dir='ltr'>inseruiant,</span> <span class='ocrx_word' id='word_1_50' title='bbox 488 505 559 547; x_wconf 89' lang='lat' dir='ltr'>ubi</span> <span class='ocrx_word' id='word_1_51' title='bbox 583 519 693 559; x_wconf 90' lang='lat' dir='ltr'>quae</span> <span class='ocrx_word' id='word_1_52' title='bbox 715 505 782 547; x_wconf 88' lang='lat' dir='ltr'>sui</span> <span class='ocrx_word' id='word_1_53' title='bbox 810 508 911 547; x_wconf 87' lang='lat' dir='ltr'>sunt</span> <span class='ocrx_word' id='word_1_54' title='bbox 933 506 1122 548; x_wconf 90' lang='lat' dir='ltr'>muneris</span> <span class='ocrx_word' id='word_1_55' title='bbox 1146 504 1410 547; x_wconf 82' lang='lat' dir='ltr'>commodius</span> <span class='ocrx_word' id='word_1_56' title='bbox 1444 508 1488 548; x_wconf 93' lang='lat' dir='ltr'>et</span> <span class='ocrx_word' id='word_1_57' title='bbox 1507 505 1722 548; x_wconf 86' lang='lat' dir='ltr'>-liberiusb</span> <span class='ocrx_word' id='word_1_58' title='bbox 1743 508 1972 560; x_wconf 88' lang='lat' dir='ltr'>praestare</span> 
     </span>
     <span class='ocr_line' id='line_1_7' title="bbox 197 569 1968 626; baseline 0.002 -15"><span class='ocrx_word' id='word_1_59' title='bbox 197 572 410 623; x_wconf 62' lang='lat' dir='ltr'>possuntz</span> <span class='ocrx_word' id='word_1_60' title='bbox 465 571 610 623; x_wconf 90' lang='lat' dir='ltr'>Atque</span> <span class='ocrx_word' id='word_1_61' title='bbox 642 571 749 613; x_wconf 89' lang='lat' dir='ltr'>haec</span> <span class='ocrx_word' id='word_1_62' title='bbox 782 584 863 624; x_wconf 92' lang='lat' dir='ltr'>ego</span> <span class='ocrx_word' id='word_1_63' title='bbox 896 585 973 624; x_wconf 92' lang='lat' dir='ltr'>pro</span> <span class='ocrx_word' id='word_1_64' title='bbox 1006 569 1254 624; x_wconf 75' lang='lat' dir='ltr'>insipientia</span> <span class='ocrx_word' id='word_1_65' title='bbox 1285 584 1382 612; x_wconf 88' lang='lat' dir='ltr'>mea</span> <span class='ocrx_word' id='word_1_66' title='bbox 1414 571 1466 612; x_wconf 93' lang='lat' dir='ltr'>de</span> <span class='ocrx_word' id='word_1_67' title='bbox 1499 570 1674 624; x_wconf 87' lang='lat' dir='ltr'>negotio</span> <span class='ocrx_word' id='word_1_68' title='bbox 1697 571 1968 626; x_wconf 88' lang='lat' dir='ltr'>AugustanO.</span> 
     </span>
    </p>

    <p class='ocr_par' dir='ltr' id='par_1_3' title="bbox 196 635 1973 1278">
     <span class='ocr_line' id='line_1_8' title="bbox 317 635 1971 690; baseline 0.001 -13"><span class='ocrx_word' id='word_1_69' title='bbox 317 635 488 677; x_wconf 89' lang='lat' dir='ltr'>Addam</span> <span class='ocrx_word' id='word_1_70' title='bbox 521 636 574 677; x_wconf 92' lang='lat' dir='ltr'>de</span> <span class='ocrx_word' id='word_1_71' title='bbox 597 636 819 678; x_wconf 88' lang='lat' dir='ltr'>cemiterio</span> <span class='ocrx_word' id='word_1_72' title='bbox 847 636 997 690; x_wconf 89' lang='lat' dir='ltr'>templi</span> <span class='ocrx_word' id='word_1_73' title='bbox 1031 636 1168 678; x_wconf 88' lang='lat' dir='ltr'>nostri</span> <span class='ocrx_word' id='word_1_74' title='bbox 1191 635 1413 678; x_wconf 86' lang='lat' dir='ltr'>Hallensis</span> <span class='ocrx_word' id='word_1_75' title='bbox 1445 636 1675 686; x_wconf 74' lang='lat' dir='ltr'>exteriore,</span> <span class='ocrx_word' id='word_1_76' title='bbox 1710 636 1752 677; x_wconf 88' lang='lat' dir='ltr'>in</span> <span class='ocrx_word' id='word_1_77' title='bbox 1786 650 1869 689; x_wconf 91' lang='lat' dir='ltr'>quo</span> <span class='ocrx_word' id='word_1_78' title='bbox 1901 650 1971 678; x_wconf 92' lang='lat' dir='ltr'>se-</span> 
     </span>
     <span class='ocr_line' id='line_1_9' title="bbox 197 700 1973 756; baseline 0.002 -15"><span class='ocrx_word' id='word_1_79' title='bbox 197 700 417 754; x_wconf 89' lang='lat' dir='ltr'>pulturam</span> <span class='ocrx_word' id='word_1_80' title='bbox 459 700 539 742; x_wconf 91' lang='lat' dir='ltr'>sibi</span> <span class='ocrx_word' id='word_1_81' title='bbox 582 701 745 754; x_wconf 90' lang='lat' dir='ltr'>delegit</span> <span class='ocrx_word' id='word_1_82' title='bbox 786 700 1079 744; x_wconf 86' lang='lat' dir='ltr'>Cancellarius</span> <span class='ocrx_word' id='word_1_83' title='bbox 1112 701 1393 754; x_wconf 83' lang='lat' dir='ltr'>Tyrolensis1</span> <span class='ocrx_word' id='word_1_84' title='bbox 1433 701 1500 742; x_wconf 92' lang='lat' dir='ltr'>uir</span> <span class='ocrx_word' id='word_1_85' title='bbox 1540 701 1679 743; x_wconf 88' lang='lat' dir='ltr'>nostri</span> <span class='ocrx_word' id='word_1_86' title='bbox 1721 704 1766 744; x_wconf 89' lang='lat' dir='ltr'>et</span> <span class='ocrx_word' id='word_1_87' title='bbox 1794 701 1973 756; x_wconf 89' lang='lat' dir='ltr'>pietatis</span> 
     </span>
     <span class='ocr_line' id='line_1_10' title="bbox 197 764 1971 821; baseline 0.001 -15"><span class='ocrx_word' id='word_1_88' title='bbox 197 764 554 810; x_wconf 66' lang='lat' dir='ltr'>studiosissimus</span> <span class='ocrx_word' id='word_1_89' title='bbox 618 766 817 820; x_wconf 83' lang='lat' dir='ltr'>Regina2</span> <span class='ocrx_word' id='word_1_90' title='bbox 857 767 971 809; x_wconf 91' lang='lat' dir='ltr'>uotis</span> <span class='ocrx_word' id='word_1_91' title='bbox 1014 766 1129 808; x_wconf 87' lang='lat' dir='ltr'>illius</span> <span class='ocrx_word' id='word_1_92' title='bbox 1176 765 1349 817; x_wconf 83' lang='lat' dir='ltr'>annuit,</span> <span class='ocrx_word' id='word_1_93' title='bbox 1397 765 1502 807; x_wconf 91' lang='lat' dir='ltr'>nihil</span> <span class='ocrx_word' id='word_1_94' title='bbox 1547 765 1687 808; x_wconf 88' lang='lat' dir='ltr'>minus</span> <span class='ocrx_word' id='word_1_95' title='bbox 1731 766 1971 821; x_wconf 89' lang='lat' dir='ltr'>suspicans,</span> 
     </span>
     <span class='ocr_line' id='line_1_11' title="bbox 198 830 1970 885; baseline 0.002 -13"><span class='ocrx_word' id='word_1_96' title='bbox 198 844 326 884; x_wconf 90' lang='lat' dir='ltr'>quam</span> <span class='ocrx_word' id='word_1_97' title='bbox 350 830 395 874; x_wconf 87' lang='lat' dir='ltr'>P.</span> <span class='ocrx_word' id='word_1_98' title='bbox 420 831 468 874; x_wconf 87' lang='grc' dir='ltr'>Τ.</span> <span class='ocrx_word' id='word_1_99' title='bbox 491 830 560 873; x_wconf 91' lang='lat' dir='ltr'>hic</span> <span class='ocrx_word' id='word_1_100' title='bbox 581 832 917 885; x_wconf 85' lang='lat' dir='ltr'>refragaturam.</span> <span class='ocrx_word' id='word_1_101' title='bbox 943 833 989 875; x_wconf 88' lang='lat' dir='ltr'>P.</span> <span class='ocrx_word' id='word_1_102' title='bbox 1013 831 1292 874; x_wconf 89' lang='lat' dir='ltr'>Prouintialis</span> <span class='ocrx_word' id='word_1_103' title='bbox 1313 831 1477 874; x_wconf 87' lang='lat' dir='ltr'>iudicat</span> <span class='ocrx_word' id='word_1_104' title='bbox 1497 831 1754 874; x_wconf 79' lang='lat' dir='ltr'>facultatem</span> <span class='ocrx_word' id='word_1_105' title='bbox 1787 846 1825 874; x_wconf 89' lang='lat' dir='ltr'>a.</span> <span class='ocrx_word' id='word_1_106' title='bbox 1852 832 1896 876; x_wconf 84' lang='lat' dir='ltr'>P.</span> <span class='ocrx_word' id='word_1_107' title='bbox 1921 832 1970 875; x_wconf 83' lang='lat' dir='ltr'>T.</span> 
     </span>
     <span class='ocr_line' id='line_1_12' title="bbox 197 896 1970 951; baseline 0.001 -14"><span class='ocrx_word' id='word_1_108' title='bbox 197 896 430 949; x_wconf 87' lang='lat' dir='ltr'>petendam</span> <span class='ocrx_word' id='word_1_109' title='bbox 463 899 507 938; x_wconf 93' lang='lat' dir='ltr'>et</span> <span class='ocrx_word' id='word_1_110' title='bbox 539 897 835 951; x_wconf 86' lang='lat' dir='ltr'>accipiendam</span> <span class='ocrx_word' id='word_1_111' title='bbox 868 911 976 948; x_wconf 91' lang='lat' dir='ltr'>esse,</span> <span class='ocrx_word' id='word_1_112' title='bbox 1012 899 1056 940; x_wconf 92' lang='lat' dir='ltr'>et</span> <span class='ocrx_word' id='word_1_113' title='bbox 1078 899 1198 939; x_wconf 88' lang='lat' dir='ltr'>recte</span> <span class='ocrx_word' id='word_1_114' title='bbox 1221 896 1393 950; x_wconf 90' lang='lat' dir='ltr'>quidem</span> <span class='ocrx_word' id='word_1_115' title='bbox 1407 898 1436 948; x_wconf 84' lang='lat'>3,</span> <span class='ocrx_word' id='word_1_116' title='bbox 1470 897 1546 939; x_wconf 90' lang='lat' dir='ltr'>sed</span> <span class='ocrx_word' id='word_1_117' title='bbox 1569 897 1682 951; x_wconf 85' lang='lat' dir='ltr'>apud</span> <span class='ocrx_word' id='word_1_118' title='bbox 1705 911 1773 939; x_wconf 90' lang='lat' dir='ltr'>me</span> <span class='ocrx_word' id='word_1_119' title='bbox 1796 897 1970 940; x_wconf 90' lang='lat' dir='ltr'>dubium</span> 
     </span>
     <span class='ocr_line' id='line_1_13' title="bbox 198 961 1973 1017; baseline 0.001 -14"><span class='ocrx_word' id='word_1_120' title='bbox 198 963 277 1009; x_wconf 86' lang='lat' dir='ltr'>est,</span> <span class='ocrx_word' id='word_1_121' title='bbox 313 961 519 1016; x_wconf 86' lang='lat' dir='ltr'>expediat</span> <span class='ocrx_word' id='word_1_122' title='bbox 551 976 604 1004; x_wconf 90' lang='lat' dir='ltr'>ne</span> <span class='ocrx_word' id='word_1_123' title='bbox 636 962 749 1004; x_wconf 92' lang='lat' dir='ltr'>hunc</span> <span class='ocrx_word' id='word_1_124' title='bbox 779 963 970 1016; x_wconf 83' lang='lat' dir='ltr'>Reginae</span> <span class='ocrx_word' id='word_1_125' title='bbox 1003 962 1251 1016; x_wconf 90' lang='lat' dir='ltr'>scrupulum</span> <span class='ocrx_word' id='word_1_126' title='bbox 1277 962 1408 1017; x_wconf 87' lang='lat' dir='ltr'>inijci‚</span> <span class='ocrx_word' id='word_1_127' title='bbox 1442 965 1490 1005; x_wconf 90' lang='lat' dir='ltr'>ut</span> <span class='ocrx_word' id='word_1_128' title='bbox 1521 965 1648 1016; x_wconf 88' lang='lat' dir='ltr'>putet</span> <span class='ocrx_word' id='word_1_129' title='bbox 1668 976 1715 1004; x_wconf 90' lang='lat' dir='ltr'>se</span> <span class='ocrx_word' id='word_1_130' title='bbox 1737 962 1973 1016; x_wconf 84' lang='lat' dir='ltr'>superstite</span> 
     </span>
     <span class='ocr_line' id='line_1_14' title="bbox 197 1025 1970 1082; baseline 0.003 -16"><span class='ocrx_word' id='word_1_131' title='bbox 197 1025 362 1067; x_wconf 91' lang='lat' dir='ltr'>nullum</span> <span class='ocrx_word' id='word_1_132' title='bbox 395 1039 418 1068; x_wconf 90' lang='lat' dir='ltr'>e</span> <span class='ocrx_word' id='word_1_133' title='bbox 451 1026 700 1070; x_wconf 82' lang='lat' dir='ltr'>domesticis</span> <span class='ocrx_word' id='word_1_134' title='bbox 722 1028 793 1069; x_wconf 93' lang='lat' dir='ltr'>uel</span> <span class='ocrx_word' id='word_1_135' title='bbox 815 1027 1009 1071; x_wconf 83' lang='lat' dir='ltr'>externis</span> <span class='ocrx_word' id='word_1_136' title='bbox 1031 1028 1074 1069; x_wconf 92' lang='lat' dir='ltr'>in</span> <span class='ocrx_word' id='word_1_137' title='bbox 1097 1042 1174 1070; x_wconf 90' lang='lat' dir='ltr'>suo</span> <span class='ocrx_word' id='word_1_138' title='bbox 1197 1027 1420 1070; x_wconf 89' lang='lat' dir='ltr'>cemiterio</span> <span class='ocrx_word' id='word_1_139' title='bbox 1443 1030 1588 1069; x_wconf 85' lang='lat' dir='ltr'>terrae</span> <span class='ocrx_word' id='word_1_140' title='bbox 1611 1027 1807 1070; x_wconf 87' lang='lat' dir='ltr'>mandari</span> <span class='ocrx_word' id='word_1_141' title='bbox 1829 1040 1970 1082; x_wconf 87' lang='lat' dir='ltr'>posse.</span> 
     </span>
     <span class='ocr_line' id='line_1_15' title="bbox 197 1090 1973 1147; baseline 0.002 -16"><span class='ocrx_word' id='word_1_142' title='bbox 197 1090 406 1144; x_wconf 86' lang='lat' dir='ltr'>Quicquid</span> <span class='ocrx_word' id='word_1_143' title='bbox 438 1094 584 1134; x_wconf 87' lang='lat' dir='ltr'>autem</span> <span class='ocrx_word' id='word_1_144' title='bbox 607 1092 719 1136; x_wconf 90' lang='grc' dir='ltr'><strong>Ρ.Τ.</strong></span> <span class='ocrx_word' id='word_1_145' title='bbox 753 1092 892 1135; x_wconf 91' lang='lat' dir='ltr'>uisum</span> <span class='ocrx_word' id='word_1_146' title='bbox 915 1092 1060 1144; x_wconf 87' lang='lat' dir='ltr'>fuerit,</span> <span class='ocrx_word' id='word_1_147' title='bbox 1094 1092 1414 1147; x_wconf 84' lang='lat' dir='ltr'>praestabimus</span> <span class='ocrx_word' id='word_1_148' title='bbox 1437 1092 1606 1135; x_wconf 87' lang='lat' dir='ltr'>Christo</span> <span class='ocrx_word' id='word_1_149' title='bbox 1641 1092 1759 1142; x_wconf 86' lang='lat' dir='ltr'>duce,</span> <span class='ocrx_word' id='word_1_150' title='bbox 1794 1092 1973 1146; x_wconf 89' lang='lat' dir='ltr'>eiusque</span> 
     </span>
     <span class='ocr_line' id='line_1_16' title="bbox 197 1155 1971 1213; baseline 0.001 -16"><span class='ocrx_word' id='word_1_151' title='bbox 197 1155 422 1210; x_wconf 85' lang='lat' dir='ltr'>sacrificijs</span> <span class='ocrx_word' id='word_1_152' title='bbox 454 1160 498 1199; x_wconf 90' lang='lat' dir='ltr'>et</span> <span class='ocrx_word' id='word_1_153' title='bbox 530 1158 728 1212; x_wconf 82' lang='lat' dir='ltr'>precibus</span> <span class='ocrx_word' id='word_1_154' title='bbox 750 1172 829 1200; x_wconf 91' lang='lat' dir='ltr'>nos</span> <span class='ocrx_word' id='word_1_155' title='bbox 850 1159 1034 1201; x_wconf 92' lang='lat' dir='ltr'>Domino</span> <span class='ocrx_word' id='word_1_156' title='bbox 1058 1158 1253 1213; x_wconf 89' lang='lat' dir='ltr'>cupimus</span> <span class='ocrx_word' id='word_1_157' title='bbox 1275 1158 1403 1200; x_wconf 86' lang='lat' dir='ltr'>ualde</span> <span class='ocrx_word' id='word_1_158' title='bbox 1435 1157 1793 1200; x_wconf 75' lang='lat' dir='ltr'>commendari‘14.</span> <span class='ocrx_word' id='word_1_159' title='bbox 1841 1157 1971 1201; x_wconf 90' lang='lat' dir='ltr'>Oeni-</span> 
     </span>
     <span class='ocr_line' id='line_1_17' title="bbox 196 1221 828 1278; baseline 0.005 -15"><span class='ocrx_word' id='word_1_160' title='bbox 196 1221 318 1275; x_wconf 90' lang='lat' dir='ltr'>ponti</span> <span class='ocrx_word' id='word_1_161' title='bbox 354 1223 407 1264; x_wconf 87' lang='lat'>13</span> <span class='ocrx_word' id='word_1_162' title='bbox 441 1222 664 1278; x_wconf 89' lang='lat' dir='ltr'>Februarij</span> <span class='ocrx_word' id='word_1_163' title='bbox 704 1225 828 1266; x_wconf 87' lang='lat'>1575.</span> 
     </span>
    </p>

    <p class='ocr_par' dir='ltr' id='par_1_4' title="bbox 1284 1341 1849 1386">
     <span class='ocr_line' id='line_1_18' title="bbox 1284 1341 1849 1386; baseline 0.005 -3"><span class='ocrx_word' id='word_1_164' title='bbox 1284 1342 1418 1384; x_wconf 88' lang='lat' dir='ltr'>Filius</span> <span class='ocrx_word' id='word_1_165' title='bbox 1450 1343 1607 1385; x_wconf 89' lang='lat' dir='ltr'>Petrus</span> <span class='ocrx_word' id='word_1_166' title='bbox 1640 1341 1849 1386; x_wconf 72' lang='lat' dir='ltr'>Canisius</span> 
     </span>
    </p>
   </div>
   <div class='ocr_carea' id='block_1_3' title="bbox 198 1423 1972 1545">
    <p class='ocr_par' dir='ltr' id='par_1_5' title="bbox 198 1423 1972 1545">
     <span class='ocr_line' id='line_1_19' title="bbox 317 1423 1972 1477; baseline 0 -11"><span class='ocrx_word' id='word_1_167' title='bbox 317 1425 344 1477; x_wconf 78' lang='lat'><strong>†</strong></span> <span class='ocrx_word' id='word_1_168' title='bbox 375 1423 620 1467; x_wconf 90' lang='lat' dir='ltr'>Admodum</span> <span class='ocrx_word' id='word_1_169' title='bbox 642 1425 898 1467; x_wconf 82' lang='lat' dir='ltr'>Reuerendo</span> <span class='ocrx_word' id='word_1_170' title='bbox 931 1425 975 1467; x_wconf 91' lang='lat' dir='ltr'>in</span> <span class='ocrx_word' id='word_1_171' title='bbox 997 1424 1168 1467; x_wconf 88' lang='lat' dir='ltr'>Christo</span> <span class='ocrx_word' id='word_1_172' title='bbox 1190 1424 1313 1467; x_wconf 88' lang='lat' dir='ltr'>Patri</span> <span class='ocrx_word' id='word_1_173' title='bbox 1344 1427 1493 1467; x_wconf 91' lang='lat' dir='ltr'>nostro</span> <span class='ocrx_word' id='word_1_174' title='bbox 1527 1424 1573 1468; x_wconf 87' lang='lat' dir='ltr'>P.</span> <span class='ocrx_word' id='word_1_175' title='bbox 1596 1424 1822 1467; x_wconf 90' lang='lat' dir='ltr'>Euerardo</span> <span class='ocrx_word' id='word_1_176' title='bbox 1855 1424 1972 1466; x_wconf 90' lang='lat' dir='ltr'>Mer-</span> 
     </span>
     <span class='ocr_line' id='line_1_20' title="bbox 198 1489 1682 1545; baseline 0.001 -14"><span class='ocrx_word' id='word_1_177' title='bbox 198 1489 390 1534; x_wconf 89' lang='lat' dir='ltr'>curiano.</span> <span class='ocrx_word' id='word_1_178' title='bbox 454 1490 711 1545; x_wconf 84' lang='lat' dir='ltr'>Praeposito</span> <span class='ocrx_word' id='word_1_179' title='bbox 746 1490 948 1533; x_wconf 84' lang='lat' dir='ltr'>Generali</span> <span class='ocrx_word' id='word_1_180' title='bbox 981 1489 1206 1533; x_wconf 86' lang='lat' dir='ltr'>societatis</span> <span class='ocrx_word' id='word_1_181' title='bbox 1238 1490 1380 1532; x_wconf 82' lang='lat' dir='ltr'>JESv.</span> <span class='ocrx_word' id='word_1_182' title='bbox 1504 1490 1682 1533; x_wconf 84' lang='lat' dir='ltr'>Romae.</span> 
     </span>
    </p>
   </div>
   <div class='ocr_carea' id='block_1_4' title="bbox 197 1581 1974 2165">
    <p class='ocr_par' dir='ltr' id='par_1_6' title="bbox 197 1581 1974 2165">
     <span class='ocr_line' id='line_1_21' title="bbox 319 1581 1974 1628; baseline -0.001 -11"><span class='ocrx_word' id='word_1_183' title='bbox 319 1581 501 1628; x_wconf 83' lang='lat' dir='ltr'>Superest,</span> <span class='ocrx_word' id='word_1_184' title='bbox 534 1585 575 1617; x_wconf 91' lang='lat' dir='ltr'>ut</span> <span class='ocrx_word' id='word_1_185' title='bbox 610 1583 746 1628; x_wconf 89' lang='lat' dir='ltr'>aliquid</span> <span class='ocrx_word' id='word_1_186' title='bbox 782 1583 935 1618; x_wconf 81' lang='lat' dir='ltr'>addatur</span> <span class='ocrx_word' id='word_1_187' title='bbox 961 1584 1004 1618; x_wconf 90' lang='lat' dir='ltr'>de</span> <span class='ocrx_word' id='word_1_188' title='bbox 1029 1583 1132 1618; x_wconf 90' lang='lat' dir='ltr'>horto</span> <span class='ocrx_word' id='word_1_189' title='bbox 1159 1596 1179 1618; x_wconf 91' lang='lat' dir='ltr'>a</span> <span class='ocrx_word' id='word_1_190' title='bbox 1206 1584 1349 1618; x_wconf 87' lang='lat' dir='ltr'>Canisio</span> <span class='ocrx_word' id='word_1_191' title='bbox 1375 1583 1411 1618; x_wconf 93' lang='lat' dir='ltr'>in</span> <span class='ocrx_word' id='word_1_192' title='bbox 1437 1583 1494 1618; x_wconf 89' lang='lat' dir='ltr'>his</span> <span class='ocrx_word' id='word_1_193' title='bbox 1520 1582 1651 1618; x_wconf 90' lang='lat' dir='ltr'>litteris</span> <span class='ocrx_word' id='word_1_194' title='bbox 1685 1585 1893 1623; x_wconf 87' lang='lat' dir='ltr'>memorato,</span> <span class='ocrx_word' id='word_1_195' title='bbox 1929 1582 1974 1616; x_wconf 88' lang='lat' dir='ltr'>de</span> 
     </span>
     <span class='ocr_line' id='line_1_22' title="bbox 199 1636 1971 1682; baseline -0.001 -12"><span class='ocrx_word' id='word_1_196' title='bbox 199 1648 268 1681; x_wconf 88' lang='lat' dir='ltr'>quo</span> <span class='ocrx_word' id='word_1_197' title='bbox 283 1636 396 1671; x_wconf 86' lang='lat' dir='ltr'>Sociis</span> <span class='ocrx_word' id='word_1_198' title='bbox 411 1637 456 1671; x_wconf 86' lang='lat' dir='ltr'>ad</span> <span class='ocrx_word' id='word_1_199' title='bbox 475 1637 739 1682; x_wconf 83' lang='lat' dir='ltr'>paedagogium</span> <span class='ocrx_word' id='word_1_200' title='bbox 758 1637 1019 1672; x_wconf 86' lang='lat' dir='ltr'>aedificandum</span> <span class='ocrx_word' id='word_1_201' title='bbox 1037 1637 1216 1672; x_wconf 88' lang='lat' dir='ltr'>offerendo</span> <span class='ocrx_word' id='word_1_202' title='bbox 1237 1638 1330 1672; x_wconf 85' lang='lat' dir='ltr'>inter</span> <span class='ocrx_word' id='word_1_203' title='bbox 1346 1637 1535 1672; x_wconf 87' lang='lat' dir='ltr'>canonicos</span> <span class='ocrx_word' id='word_1_204' title='bbox 1554 1640 1590 1671; x_wconf 88' lang='lat' dir='ltr'>et</span> <span class='ocrx_word' id='word_1_205' title='bbox 1607 1636 1814 1681; x_wconf 86' lang='lat' dir='ltr'>episcopum</span> <span class='ocrx_word' id='word_1_206' title='bbox 1834 1636 1904 1670; x_wconf 90' lang='lat' dir='ltr'>iam</span> <span class='ocrx_word' id='word_1_207' title='bbox 1923 1647 1971 1670; x_wconf 87' lang='lat' dir='ltr'>m.</span> 
     </span>
     <span class='ocr_line' id='line_1_23' title="bbox 197 1689 1972 1735; baseline -0.001 -11"><span class='ocrx_word' id='word_1_208' title='bbox 197 1690 387 1725; x_wconf 89' lang='lat' dir='ltr'>Decembri</span> <span class='ocrx_word' id='word_1_209' title='bbox 416 1691 507 1725; x_wconf 81' lang='lat'>1574</span> <span class='ocrx_word' id='word_1_210' title='bbox 543 1693 762 1726; x_wconf 86' lang='lat' dir='ltr'>convenerat</span> <span class='ocrx_word' id='word_1_211' title='bbox 789 1690 1006 1735; x_wconf 75' lang='lat' dir='ltr'>(Schellhass</span> <span class='ocrx_word' id='word_1_212' title='bbox 1030 1691 1052 1726; x_wconf 94' lang='lat' dir='ltr'>l.</span> <span class='ocrx_word' id='word_1_213' title='bbox 1082 1703 1110 1726; x_wconf 89' lang='lat' dir='ltr'>c.</span> <span class='ocrx_word' id='word_1_214' title='bbox 1138 1691 1200 1732; x_wconf 91' lang='lat' dir='ltr'>IV,</span> <span class='ocrx_word' id='word_1_215' title='bbox 1237 1691 1425 1725; x_wconf 86' lang='lat'>311-313</span> <span class='ocrx_word' id='word_1_216' title='bbox 1452 1690 1550 1734; x_wconf 84' lang='lat'>321).</span> <span class='ocrx_word' id='word_1_217' title='bbox 1604 1690 1769 1725; x_wconf 88' lang='lat' dir='ltr'>Canisius</span> <span class='ocrx_word' id='word_1_218' title='bbox 1795 1701 1833 1724; x_wconf 88' lang='lat' dir='ltr'>se</span> <span class='ocrx_word' id='word_1_219' title='bbox 1860 1689 1903 1724; x_wconf 90' lang='lat' dir='ltr'>de</span> <span class='ocrx_word' id='word_1_220' title='bbox 1929 1701 1972 1723; x_wconf 88' lang='lat' dir='ltr'>eo</span> 
     </span>
     <span class='ocr_line' id='line_1_24' title="bbox 198 1743 1974 1788; baseline -0.001 -10"><span class='ocrx_word' id='word_1_221' title='bbox 198 1755 278 1778; x_wconf 88' lang='lat' dir='ltr'>cum</span> <span class='ocrx_word' id='word_1_222' title='bbox 306 1745 345 1779; x_wconf 93' lang='lat' dir='ltr'>P.</span> <span class='ocrx_word' id='word_1_223' title='bbox 378 1747 553 1788; x_wconf 71' lang='lat' dir='ltr'>Greyorz&#39;o</span> <span class='ocrx_word' id='word_1_224' title='bbox 580 1746 755 1788; x_wconf 71' lang='lat' dir='ltr'>Rosepleio</span> <span class='ocrx_word' id='word_1_225' title='bbox 783 1745 918 1779; x_wconf 87' lang='lat' dir='ltr'>sentire</span> <span class='ocrx_word' id='word_1_226' title='bbox 953 1745 1041 1780; x_wconf 89' lang='lat' dir='ltr'>dicit</span> <span class='ocrx_word' id='word_1_227' title='bbox 1076 1747 1113 1779; x_wconf 92' lang='lat' dir='ltr'>et</span> <span class='ocrx_word' id='word_1_228' title='bbox 1135 1745 1402 1779; x_wconf 71' lang='lat' dir='ltr'>Mercurialium</span> <span class='ocrx_word' id='word_1_229' title='bbox 1438 1745 1480 1779; x_wconf 85' lang='lat' dir='ltr'>ad</span> <span class='ocrx_word' id='word_1_230' title='bbox 1512 1744 1709 1787; x_wconf 76' lang='lat' dir='ltr'>„rationes“</span> <span class='ocrx_word' id='word_1_231' title='bbox 1740 1744 1784 1778; x_wconf 87' lang='lat' dir='ltr'>ab</span> <span class='ocrx_word' id='word_1_232' title='bbox 1819 1743 1897 1785; x_wconf 89' lang='lat' dir='ltr'>hoc,</span> <span class='ocrx_word' id='word_1_233' title='bbox 1931 1745 1974 1777; x_wconf 83' lang='lat' dir='ltr'>ut</span> 
     </span>
     <span class='ocr_line' id='line_1_25' title="bbox 203 1797 1971 1844; baseline -0.001 -12"><span class='ocrx_word' id='word_1_234' title='bbox 203 1798 453 1840; x_wconf 78' lang='lat' dir='ltr'>„arbitratur“,</span> <span class='ocrx_word' id='word_1_235' title='bbox 493 1799 753 1844; x_wconf 83' lang='lat' dir='ltr'>„perscriptas“</span> <span class='ocrx_word' id='word_1_236' title='bbox 795 1799 960 1833; x_wconf 89' lang='lat' dir='ltr'>remittit.</span> <span class='ocrx_word' id='word_1_237' title='bbox 1011 1798 1109 1841; x_wconf 82' lang='lat' dir='ltr'>Quas</span> <span class='ocrx_word' id='word_1_238' title='bbox 1147 1798 1206 1833; x_wconf 90' lang='lat' dir='ltr'>ille</span> <span class='ocrx_word' id='word_1_239' title='bbox 1241 1799 1271 1833; x_wconf 89' lang='lat' dir='ltr'>si</span> <span class='ocrx_word' id='word_1_240' title='bbox 1306 1810 1377 1833; x_wconf 90' lang='lat' dir='ltr'>non</span> <span class='ocrx_word' id='word_1_241' title='bbox 1415 1798 1580 1843; x_wconf 89' lang='lat' dir='ltr'>primum,</span> <span class='ocrx_word' id='word_1_242' title='bbox 1616 1800 1714 1832; x_wconf 89' lang='lat' dir='ltr'>certe</span> <span class='ocrx_word' id='word_1_243' title='bbox 1748 1797 1878 1832; x_wconf 89' lang='lat' dir='ltr'>iterum</span> <span class='ocrx_word' id='word_1_244' title='bbox 1911 1809 1971 1831; x_wconf 83' lang='lat' dir='ltr'>ex-</span> 
     </span>
     <span class='ocr_line' id='line_1_26' title="bbox 198 1850 1973 1896; baseline -0.001 -10"><span class='ocrx_word' id='word_1_245' title='bbox 198 1852 348 1896; x_wconf 86' lang='lat' dir='ltr'>plicavit</span> <span class='ocrx_word' id='word_1_246' title='bbox 380 1852 416 1886; x_wconf 89' lang='lat' dir='ltr'>in</span> <span class='ocrx_word' id='word_1_247' title='bbox 443 1852 604 1886; x_wconf 87' lang='lat' dir='ltr'>*litteris</span> <span class='ocrx_word' id='word_1_248' title='bbox 629 1852 798 1896; x_wconf 86' lang='lat' dir='ltr'>Augusta</span> <span class='ocrx_word' id='word_1_249' title='bbox 824 1852 880 1887; x_wconf 82' lang='lat'>28.</span> <span class='ocrx_word' id='word_1_250' title='bbox 900 1852 1086 1887; x_wconf 81' lang='lat' dir='ltr'>Februarii</span> <span class='ocrx_word' id='word_1_251' title='bbox 1114 1853 1205 1887; x_wconf 74' lang='lat'>1575</span> <span class='ocrx_word' id='word_1_252' title='bbox 1232 1852 1276 1887; x_wconf 86' lang='lat' dir='ltr'>ad</span> <span class='ocrx_word' id='word_1_253' title='bbox 1303 1852 1569 1887; x_wconf 88' lang='lat' dir='ltr'>Mercurianum</span> <span class='ocrx_word' id='word_1_254' title='bbox 1597 1852 1711 1886; x_wconf 82' lang='lat' dir='ltr'>datis:</span> <span class='ocrx_word' id='word_1_255' title='bbox 1738 1851 1884 1885; x_wconf 85' lang='lat' dir='ltr'>&#39;Hortus</span> <span class='ocrx_word' id='word_1_256' title='bbox 1910 1850 1973 1884; x_wconf 87' lang='lat' dir='ltr'>ille</span> 
     </span>
     <span class='ocr_line' id='line_1_27' title="bbox 200 1905 1974 1951; baseline -0.001 -11"><span class='ocrx_word' id='word_1_257' title='bbox 200 1906 309 1949; x_wconf 89' lang='lat' dir='ltr'>(inter</span> <span class='ocrx_word' id='word_1_258' title='bbox 334 1905 545 1940; x_wconf 89' lang='lat' dir='ltr'>Pimliorum</span> <span class='ocrx_word' id='word_1_259' title='bbox 580 1906 686 1940; x_wconf 86' lang='lat' dir='ltr'>aedes</span> <span class='ocrx_word' id='word_1_260' title='bbox 722 1908 757 1940; x_wconf 89' lang='lat' dir='ltr'>et</span> <span class='ocrx_word' id='word_1_261' title='bbox 783 1905 990 1950; x_wconf 83' lang='lat' dir='ltr'>granarium</span> <span class='ocrx_word' id='word_1_262' title='bbox 1017 1906 1175 1951; x_wconf 89' lang='lat' dir='ltr'>episcopi</span> <span class='ocrx_word' id='word_1_263' title='bbox 1201 1906 1310 1950; x_wconf 92' lang='lat' dir='ltr'>situs)</span> <span class='ocrx_word' id='word_1_264' title='bbox 1338 1905 1488 1949; x_wconf 83' lang='lat' dir='ltr'>collegio</span> <span class='ocrx_word' id='word_1_265' title='bbox 1515 1905 1735 1940; x_wconf 69' lang='lat' dir='ltr'>exstruendo</span> <span class='ocrx_word' id='word_1_266' title='bbox 1761 1906 1867 1950; x_wconf 87' lang='lat' dir='ltr'>aptus</span> <span class='ocrx_word' id='word_1_267' title='bbox 1902 1915 1974 1938; x_wconf 89' lang='lat' dir='ltr'>non</span> 
     </span>
     <span class='ocr_line' id='line_1_28' title="bbox 199 1957 1973 2004; baseline -0.002 -10"><span class='ocrx_word' id='word_1_268' title='bbox 199 1961 263 2001; x_wconf 83' lang='lat' dir='ltr'>est,</span> <span class='ocrx_word' id='word_1_269' title='bbox 303 1971 404 2002; x_wconf 79' lang='lat' dir='ltr'>„cum</span> <span class='ocrx_word' id='word_1_270' title='bbox 432 1962 579 2004; x_wconf 87' lang='lat' dir='ltr'>propter</span> <span class='ocrx_word' id='word_1_271' title='bbox 614 1959 683 1994; x_wconf 91' lang='lat' dir='ltr'>loci</span> <span class='ocrx_word' id='word_1_272' title='bbox 709 1959 909 2003; x_wconf 83' lang='lat' dir='ltr'>angustias,</span> <span class='ocrx_word' id='word_1_273' title='bbox 944 1962 1021 1994; x_wconf 88' lang='lat' dir='ltr'>tum</span> <span class='ocrx_word' id='word_1_274' title='bbox 1057 1962 1202 2004; x_wconf 87' lang='lat' dir='ltr'>propter</span> <span class='ocrx_word' id='word_1_275' title='bbox 1227 1959 1335 1994; x_wconf 88' lang='lat' dir='ltr'>aedes</span> <span class='ocrx_word' id='word_1_276' title='bbox 1362 1959 1493 2004; x_wconf 87' lang='lat' dir='ltr'>quibus</span> <span class='ocrx_word' id='word_1_277' title='bbox 1519 1971 1540 1993; x_wconf 89' lang='lat' dir='ltr'>a</span> <span class='ocrx_word' id='word_1_278' title='bbox 1564 1958 1681 1993; x_wconf 87' lang='lat' dir='ltr'>tribus</span> <span class='ocrx_word' id='word_1_279' title='bbox 1715 1958 1878 2003; x_wconf 86' lang='lat' dir='ltr'>partibus</span> <span class='ocrx_word' id='word_1_280' title='bbox 1908 1957 1973 1991; x_wconf 86' lang='lat' dir='ltr'>cir·</span> 
     </span>
     <span class='ocr_line' id='line_1_29' title="bbox 198 2011 1972 2059; baseline -0.002 -11"><span class='ocrx_word' id='word_1_281' title='bbox 198 2015 407 2059; x_wconf 88' lang='lat' dir='ltr'>cumseptus</span> <span class='ocrx_word' id='word_1_282' title='bbox 434 2015 531 2055; x_wconf 81' lang='lat' dir='ltr'>est“;</span> <span class='ocrx_word' id='word_1_283' title='bbox 559 2014 627 2058; x_wconf 89' lang='lat' dir='ltr'>ipsi</span> <span class='ocrx_word' id='word_1_284' title='bbox 655 2013 816 2048; x_wconf 86' lang='lat' dir='ltr'>canonici</span> <span class='ocrx_word' id='word_1_285' title='bbox 841 2014 878 2047; x_wconf 93' lang='lat' dir='ltr'>in</span> <span class='ocrx_word' id='word_1_286' title='bbox 903 2013 1035 2048; x_wconf 89' lang='lat' dir='ltr'>litteris</span> <span class='ocrx_word' id='word_1_287' title='bbox 1063 2013 1106 2047; x_wconf 85' lang='lat' dir='ltr'>ad</span> <span class='ocrx_word' id='word_1_288' title='bbox 1127 2014 1304 2047; x_wconf 85' lang='lat' dir='ltr'>Bavariae</span> <span class='ocrx_word' id='word_1_289' title='bbox 1322 2013 1448 2047; x_wconf 89' lang='lat' dir='ltr'>ducem</span> <span class='ocrx_word' id='word_1_290' title='bbox 1467 2012 1562 2047; x_wconf 89' lang='lat' dir='ltr'>datis</span> <span class='ocrx_word' id='word_1_291' title='bbox 1588 2012 1780 2053; x_wconf 84' lang='lat' dir='ltr'>affirmant,</span> <span class='ocrx_word' id='word_1_292' title='bbox 1811 2011 1972 2054; x_wconf 89' lang='lat' dir='ltr'>„hortum</span> 
     </span>
     <span class='ocr_line' id='line_1_30' title="bbox 198 2065 1974 2112; baseline -0.001 -12"><span class='ocrx_word' id='word_1_293' title='bbox 198 2067 233 2101; x_wconf 90' lang='lat' dir='ltr'>in</span> <span class='ocrx_word' id='word_1_294' title='bbox 257 2067 404 2111; x_wconf 82' lang='lat' dir='ltr'>longum</span> <span class='ocrx_word' id='word_1_295' title='bbox 430 2066 564 2101; x_wconf 87' lang='lat' dir='ltr'>habere</span> <span class='ocrx_word' id='word_1_296' title='bbox 594 2067 660 2102; x_wconf 92' lang='lat'>180</span> <span class='ocrx_word' id='word_1_297' title='bbox 686 2067 796 2112; x_wconf 90' lang='lat' dir='ltr'>pedes</span> <span class='ocrx_word' id='word_1_298' title='bbox 813 2067 848 2101; x_wconf 86' lang='lat' dir='ltr'>in</span> <span class='ocrx_word' id='word_1_299' title='bbox 875 2067 988 2101; x_wconf 89' lang='lat' dir='ltr'>latum</span> <span class='ocrx_word' id='word_1_300' title='bbox 1017 2067 1084 2102; x_wconf 87' lang='lat'>148</span> <span class='ocrx_word' id='word_1_301' title='bbox 1195 2078 1383 2101; x_wconf 88' lang='lat' dir='ltr'>necessum</span> <span class='ocrx_word' id='word_1_302' title='bbox 1411 2067 1504 2100; x_wconf 88' lang='lat' dir='ltr'>foret</span> <span class='ocrx_word' id='word_1_303' title='bbox 1529 2066 1560 2100; x_wconf 91' lang='lat' dir='ltr'>si</span> <span class='ocrx_word' id='word_1_304' title='bbox 1586 2065 1837 2100; x_wconf 86' lang='lat' dir='ltr'>fabricandum</span> <span class='ocrx_word' id='word_1_305' title='bbox 1865 2067 1974 2102; x_wconf 77' lang='lat' dir='ltr'>esset.</span> 
     </span>
     <span class='ocr_line' id='line_1_31' title="bbox 198 2119 1974 2165; baseline -0.001 -11"><span class='ocrx_word' id='word_1_306' title='bbox 198 2120 395 2155; x_wconf 87' lang='lat' dir='ltr'>secundum</span> <span class='ocrx_word' id='word_1_307' title='bbox 432 2121 510 2154; x_wconf 90' lang='lat' dir='ltr'>iura</span> <span class='ocrx_word' id='word_1_308' title='bbox 546 2121 725 2162; x_wconf 83' lang='lat' dir='ltr'>ciuitatis,</span> <span class='ocrx_word' id='word_1_309' title='bbox 765 2123 840 2155; x_wconf 90' lang='lat' dir='ltr'>tres</span> <span class='ocrx_word' id='word_1_310' title='bbox 871 2120 941 2155; x_wconf 91' lang='lat' dir='ltr'>nisi</span> <span class='ocrx_word' id='word_1_311' title='bbox 979 2120 1086 2154; x_wconf 87' lang='lat' dir='ltr'>fallar</span> <span class='ocrx_word' id='word_1_312' title='bbox 1121 2121 1362 2165; x_wconf 82' lang='lat' dir='ltr'>vndequaque</span> <span class='ocrx_word' id='word_1_313' title='bbox 1400 2120 1509 2165; x_wconf 86' lang='lat' dir='ltr'>pedes</span> <span class='ocrx_word' id='word_1_314' title='bbox 1536 2119 1716 2154; x_wconf 89' lang='lat' dir='ltr'>defalcare</span> <span class='ocrx_word' id='word_1_315' title='bbox 1752 2119 1794 2153; x_wconf 90' lang='lat' dir='ltr'>de</span> <span class='ocrx_word' id='word_1_316' title='bbox 1831 2119 1974 2164; x_wconf 89' lang='lat' dir='ltr'>proprio</span> 
     </span>
    </p>
   </div>
   <div class='ocr_carea' id='block_1_5' title="bbox 198 2200 1976 2318">
    <p class='ocr_par' dir='ltr' id='par_1_7' title="bbox 198 2200 1976 2318">
     <span class='ocr_line' id='line_1_32' title="bbox 319 2200 1975 2235; baseline -0.002 -7"><span class='ocrx_word' id='word_1_317' title='bbox 319 2203 347 2234; x_wconf 83' lang='lat' dir='ltr'>a)</span> <span class='ocrx_word' id='word_1_318' title='bbox 369 2205 483 2234; x_wconf 70' lang='lat' dir='ltr'>Septem</span> <span class='ocrx_word' id='word_1_319' title='bbox 499 2204 594 2228; x_wconf 75' lang='lat' dir='ltr'>verbis</span> <span class='ocrx_word' id='word_1_320' title='bbox 608 2212 666 2235; x_wconf 76' lang='lat' dir='ltr'>sqq.</span> <span class='ocrx_word' id='word_1_321' title='bbox 682 2212 699 2228; x_wconf 85' lang='grc' dir='ltr'><em>α</em></span> <span class='ocrx_word' id='word_1_322' title='bbox 713 2204 794 2228; x_wconf 78' lang='lat' dir='ltr'>Poss.</span> <span class='ocrx_word' id='word_1_323' title='bbox 809 2204 888 2228; x_wconf 81' lang='lat' dir='ltr'>linea</span> <span class='ocrx_word' id='word_1_324' title='bbox 907 2203 1048 2228; x_wconf 74' lang='lat' dir='ltr'>subducta</span> <span class='ocrx_word' id='word_1_325' title='bbox 1070 2206 1121 2229; x_wconf 73' lang='lat' dir='ltr'>est.</span> <span class='ocrx_word' id='word_1_326' title='bbox 1179 2202 1209 2234; x_wconf 90' lang='lat' dir='ltr'>b)</span> <span class='ocrx_word' id='word_1_327' title='bbox 1232 2204 1399 2234; x_wconf 72' lang='lat' dir='ltr'>Sequuntur</span> <span class='ocrx_word' id='word_1_328' title='bbox 1414 2210 1455 2227; x_wconf 77' lang='lat' dir='ltr'>vr.</span> <span class='ocrx_word' id='word_1_329' title='bbox 1470 2208 1578 2227; x_wconf 85' lang='lat' dir='ltr'>uacare</span> <span class='ocrx_word' id='word_1_330' title='bbox 1597 2208 1680 2234; x_wconf 85' lang='lat' dir='ltr'>poss,</span> <span class='ocrx_word' id='word_1_331' title='bbox 1700 2201 1790 2226; x_wconf 80' lang='lat' dir='ltr'>oblitt.</span> <span class='ocrx_word' id='word_1_332' title='bbox 1846 2200 1872 2232; x_wconf 80' lang='lat' dir='ltr'>c)</span> <span class='ocrx_word' id='word_1_333' title='bbox 1893 2201 1975 2226; x_wconf 82' lang='lat' dir='ltr'>Poss.</span> 
     </span>
     <span class='ocr_line' id='line_1_33' title="bbox 199 2242 1976 2276; baseline -0.002 -7"><span class='ocrx_word' id='word_1_334' title='bbox 199 2246 249 2270; x_wconf 58' lang='grc' dir='ltr'><em>ἵκοι·</em></span> <span class='ocrx_word' id='word_1_335' title='bbox 269 2253 441 2276; x_wconf 70' lang='lat' dir='ltr'>responsum</span> <span class='ocrx_word' id='word_1_336' title='bbox 461 2245 548 2269; x_wconf 78' lang='lat' dir='ltr'>lineis</span> <span class='ocrx_word' id='word_1_337' title='bbox 569 2246 667 2270; x_wconf 66' lang='lat' dir='ltr'>curvis</span> <span class='ocrx_word' id='word_1_338' title='bbox 681 2245 713 2270; x_wconf 73' lang='lat' dir='ltr'>in</span> <span class='ocrx_word' id='word_1_339' title='bbox 727 2245 859 2276; x_wconf 59' lang='lat' dir='ltr'>margine</span> <span class='ocrx_word' id='word_1_340' title='bbox 874 2245 1023 2269; x_wconf 69' lang='lat' dir='ltr'>adiunctis</span> <span class='ocrx_word' id='word_1_341' title='bbox 1044 2244 1154 2269; x_wconf 76' lang='lat' dir='ltr'>notavit</span> <span class='ocrx_word' id='word_1_342' title='bbox 1174 2245 1319 2275; x_wconf 76' lang='lat' dir='ltr'>simulque</span> <span class='ocrx_word' id='word_1_343' title='bbox 1340 2245 1370 2269; x_wconf 74' lang='lat' dir='ltr'>in</span> <span class='ocrx_word' id='word_1_344' title='bbox 1390 2244 1487 2269; x_wconf 76' lang='lat' dir='ltr'>eodem</span> <span class='ocrx_word' id='word_1_345' title='bbox 1508 2243 1640 2274; x_wconf 70' lang='lat' dir='ltr'>maryine</span> <span class='ocrx_word' id='word_1_346' title='bbox 1660 2251 1700 2267; x_wconf 69' lang='lat' dir='ltr'>vv.</span> <span class='ocrx_word' id='word_1_347' title='bbox 1715 2243 1825 2274; x_wconf 78' lang='lat' dir='ltr'>aliquot</span> <span class='ocrx_word' id='word_1_348' title='bbox 1845 2242 1976 2273; x_wconf 70' lang='lat' dir='ltr'>scripsit,</span> 
     </span>
     <span class='ocr_line' id='line_1_34' title="bbox 198 2285 1654 2318; baseline 0 -8"><span class='ocrx_word' id='word_1_349' title='bbox 198 2287 270 2312; x_wconf 79' lang='lat' dir='ltr'>adeo</span> <span class='ocrx_word' id='word_1_350' title='bbox 291 2289 387 2311; x_wconf 78' lang='lat' dir='ltr'>tamen</span> <span class='ocrx_word' id='word_1_351' title='bbox 405 2287 587 2318; x_wconf 71' lang='lat' dir='ltr'>festinanter</span> <span class='ocrx_word' id='word_1_352' title='bbox 607 2290 632 2311; x_wconf 81' lang='lat' dir='ltr'>et</span> <span class='ocrx_word' id='word_1_353' title='bbox 653 2287 780 2317; x_wconf 78' lang='lat' dir='ltr'>obscure,</span> <span class='ocrx_word' id='word_1_354' title='bbox 802 2290 832 2311; x_wconf 84' lang='lat' dir='ltr'>ut</span> <span class='ocrx_word' id='word_1_355' title='bbox 852 2294 886 2311; x_wconf 81' lang='lat' dir='ltr'>ea</span> <span class='ocrx_word' id='word_1_356' title='bbox 907 2286 963 2317; x_wconf 74' lang='lat' dir='ltr'>leyi</span> <span class='ocrx_word' id='word_1_357' title='bbox 983 2294 1039 2311; x_wconf 79' lang='lat' dir='ltr'>mm</span> <span class='ocrx_word' id='word_1_358' title='bbox 1057 2287 1182 2317; x_wconf 73' lang='lat' dir='ltr'>possint.</span> <span class='ocrx_word' id='word_1_359' title='bbox 1258 2285 1287 2316; x_wconf 77' lang='lat' dir='ltr'>d)</span> <span class='ocrx_word' id='word_1_360' title='bbox 1308 2287 1377 2311; x_wconf 76' lang='lat' dir='ltr'>Vide</span> <span class='ocrx_word' id='word_1_361' title='bbox 1400 2286 1492 2317; x_wconf 64' lang='lat' dir='ltr'>infra,</span> <span class='ocrx_word' id='word_1_362' title='bbox 1511 2285 1607 2310; x_wconf 78' lang='lat' dir='ltr'>adnot.</span> <span class='ocrx_word' id='word_1_363' title='bbox 1628 2286 1654 2310; x_wconf 66' lang='lat'>4.</span> 
     </span>
    </p>
   </div>
   <div class='ocr_carea' id='block_1_6' title="bbox 197 2380 1977 3171">
    <p class='ocr_par' dir='ltr' id='par_1_8' title="bbox 323 2380 851 2426">
     <span class='ocr_line' id='line_1_35' title="bbox 323 2380 851 2426; baseline 0 -11"><span class='ocrx_word' id='word_1_364' title='bbox 323 2382 332 2402; x_wconf 88' lang='lat'>¹</span> <span class='ocrx_word' id='word_1_365' title='bbox 359 2380 640 2426; x_wconf 87' lang='lat' dir='ltr'>Christophorus</span> <span class='ocrx_word' id='word_1_366' title='bbox 666 2380 851 2416; x_wconf 70' lang='lat' dir='ltr'>Klockler.</span> 
     </span>
    </p>

    <p class='ocr_par' dir='ltr' id='par_1_9' title="bbox 318 2433 1605 2480">
     <span class='ocr_line' id='line_1_36' title="bbox 318 2433 1605 2480; baseline 0 -12"><span class='ocrx_word' id='word_1_367' title='bbox 318 2434 332 2455; x_wconf 76' lang='lat'><strong>²</strong></span> <span class='ocrx_word' id='word_1_368' title='bbox 356 2434 595 2478; x_wconf 85' lang='lat' dir='ltr'>Magdalena;</span> <span class='ocrx_word' id='word_1_369' title='bbox 623 2446 714 2479; x_wconf 87' lang='lat' dir='ltr'>quae</span> <span class='ocrx_word' id='word_1_370' title='bbox 741 2434 916 2480; x_wconf 88' lang='lat' dir='ltr'>templum</span> <span class='ocrx_word' id='word_1_371' title='bbox 943 2434 1011 2469; x_wconf 89' lang='lat' dir='ltr'>hoc</span> <span class='ocrx_word' id='word_1_372' title='bbox 1038 2445 1117 2468; x_wconf 91' lang='lat' dir='ltr'>cum</span> <span class='ocrx_word' id='word_1_373' title='bbox 1145 2433 1360 2468; x_wconf 81' lang='lat' dir='ltr'>coemeterio</span> <span class='ocrx_word' id='word_1_374' title='bbox 1387 2433 1605 2468; x_wconf 85' lang='lat' dir='ltr'>condiderat.</span> 
     </span>
    </p>

    <p class='ocr_par' dir='ltr' id='par_1_10' title="bbox 197 2485 1977 2955">
     <span class='ocr_line' id='line_1_37' title="bbox 319 2485 1975 2533; baseline -0.002 -11"><span class='ocrx_word' id='word_1_375' title='bbox 319 2488 332 2508; x_wconf 83' lang='lat'>³</span> <span class='ocrx_word' id='word_1_376' title='bbox 358 2488 541 2529; x_wconf 85' lang='lat' dir='ltr'>Poterant,</span> <span class='ocrx_word' id='word_1_377' title='bbox 568 2488 639 2522; x_wconf 89' lang='lat' dir='ltr'>nisi</span> <span class='ocrx_word' id='word_1_378' title='bbox 664 2488 780 2530; x_wconf 87' lang='lat' dir='ltr'>fallor,</span> <span class='ocrx_word' id='word_1_379' title='bbox 808 2487 901 2522; x_wconf 85' lang='lat' dir='ltr'>Socii</span> <span class='ocrx_word' id='word_1_380' title='bbox 920 2487 973 2522; x_wconf 91' lang='lat' dir='ltr'>uti</span> <span class='ocrx_word' id='word_1_381' title='bbox 999 2487 1190 2533; x_wconf 88' lang='lat' dir='ltr'>privilegio</span> <span class='ocrx_word' id='word_1_382' title='bbox 1217 2487 1331 2521; x_wconf 88' lang='lat' dir='ltr'>ordini</span> <span class='ocrx_word' id='word_1_383' title='bbox 1350 2487 1578 2521; x_wconf 88' lang='lat' dir='ltr'>Minimorum</span> <span class='ocrx_word' id='word_1_384' title='bbox 1606 2497 1626 2520; x_wconf 88' lang='lat' dir='ltr'>a</span> <span class='ocrx_word' id='word_1_385' title='bbox 1645 2486 1735 2520; x_wconf 87' lang='lat' dir='ltr'>Iulio</span> <span class='ocrx_word' id='word_1_386' title='bbox 1753 2485 1797 2520; x_wconf 91' lang='grc' dir='ltr'>ΙΙ.</span> <span class='ocrx_word' id='word_1_387' title='bbox 1817 2485 1874 2520; x_wconf 81' lang='grc'>28.</span> <span class='ocrx_word' id='word_1_388' title='bbox 1894 2485 1975 2519; x_wconf 77' lang='lat' dir='ltr'>Iulii</span> 
     </span>
     <span class='ocr_line' id='line_1_38' title="bbox 203 2539 1977 2586; baseline -0.001 -11"><span class='ocrx_word' id='word_1_389' title='bbox 203 2541 292 2577; x_wconf 82' lang='grc'><strong>1506</strong></span> <span class='ocrx_word' id='word_1_390' title='bbox 319 2553 502 2583; x_wconf 89' lang='lat' dir='ltr'>concesso,</span> <span class='ocrx_word' id='word_1_391' title='bbox 529 2553 598 2586; x_wconf 90' lang='lat' dir='ltr'>quo</span> <span class='ocrx_word' id='word_1_392' title='bbox 625 2544 662 2576; x_wconf 85' lang='lat' dir='ltr'>et</span> <span class='ocrx_word' id='word_1_393' title='bbox 688 2542 895 2584; x_wconf 87' lang='lat' dir='ltr'>cavebatur,</span> <span class='ocrx_word' id='word_1_394' title='bbox 923 2553 966 2576; x_wconf 87' lang='lat' dir='ltr'>ne</span> <span class='ocrx_word' id='word_1_395' title='bbox 994 2541 1028 2575; x_wconf 91' lang='lat' dir='ltr'>in</span> <span class='ocrx_word' id='word_1_396' title='bbox 1055 2541 1214 2586; x_wconf 86' lang='lat' dir='ltr'>ipsorum</span> <span class='ocrx_word' id='word_1_397' title='bbox 1241 2540 1467 2575; x_wconf 88' lang='lat' dir='ltr'>coemeteriis</span> <span class='ocrx_word' id='word_1_398' title='bbox 1493 2543 1666 2574; x_wconf 86' lang='lat' dir='ltr'>externus</span> <span class='ocrx_word' id='word_1_399' title='bbox 1693 2539 1872 2584; x_wconf 84' lang='lat' dir='ltr'>quispiam</span> <span class='ocrx_word' id='word_1_400' title='bbox 1897 2540 1977 2573; x_wconf 89' lang='lat' dir='ltr'>sine</span> 
     </span>
     <span class='ocr_line' id='line_1_39' title="bbox 200 2592 1976 2641; baseline -0.002 -12"><span class='ocrx_word' id='word_1_401' title='bbox 200 2606 321 2629; x_wconf 89' lang='lat' dir='ltr'>eorum</span> <span class='ocrx_word' id='word_1_402' title='bbox 345 2606 515 2638; x_wconf 81' lang='lat' dir='ltr'>„assensu</span> <span class='ocrx_word' id='word_1_403' title='bbox 542 2597 606 2629; x_wconf 88' lang='lat' dir='ltr'>aut</span> <span class='ocrx_word' id='word_1_404' title='bbox 628 2595 837 2630; x_wconf 83' lang='lat' dir='ltr'>voluntate“</span> <span class='ocrx_word' id='word_1_405' title='bbox 860 2595 1085 2641; x_wconf 87' lang='lat' dir='ltr'>sepeliretur,</span> <span class='ocrx_word' id='word_1_406' title='bbox 1113 2596 1148 2628; x_wconf 90' lang='lat' dir='ltr'>et</span> <span class='ocrx_word' id='word_1_407' title='bbox 1174 2594 1461 2638; x_wconf 83' lang='lat' dir='ltr'>permittebatur,</span> <span class='ocrx_word' id='word_1_408' title='bbox 1488 2595 1528 2628; x_wconf 89' lang='lat' dir='ltr'>ut</span> <span class='ocrx_word' id='word_1_409' title='bbox 1551 2593 1586 2627; x_wconf 91' lang='lat' dir='ltr'>in</span> <span class='ocrx_word' id='word_1_410' title='bbox 1605 2593 1732 2627; x_wconf 82' lang='lat' dir='ltr'>iisdem</span> <span class='ocrx_word' id='word_1_411' title='bbox 1751 2592 1976 2627; x_wconf 82' lang='lat' dir='ltr'>coemeteriis</span> 
     </span>
     <span class='ocr_line' id='line_1_40' title="bbox 198 2645 1975 2693; baseline -0.002 -11"><span class='ocrx_word' id='word_1_412' title='bbox 198 2649 242 2682; x_wconf 87' lang='lat' dir='ltr'>ab</span> <span class='ocrx_word' id='word_1_413' title='bbox 278 2648 367 2693; x_wconf 88' lang='lat' dir='ltr'>ipsis</span> <span class='ocrx_word' id='word_1_414' title='bbox 401 2648 642 2693; x_wconf 85' lang='lat' dir='ltr'>sepelirentur</span> <span class='ocrx_word' id='word_1_415' title='bbox 676 2649 828 2691; x_wconf 86' lang='lat' dir='ltr'>externi,</span> <span class='ocrx_word' id='word_1_416' title='bbox 863 2649 924 2693; x_wconf 90' lang='lat' dir='ltr'>qui</span> <span class='ocrx_word' id='word_1_417' title='bbox 950 2649 985 2683; x_wconf 85' lang='lat' dir='ltr'>id</span> <span class='ocrx_word' id='word_1_418' title='bbox 1012 2648 1189 2693; x_wconf 82' lang='lat' dir='ltr'>petissent</span> <span class='ocrx_word' id='word_1_419' title='bbox 1216 2648 1310 2689; x_wconf 85' lang='lat' dir='ltr'>(Em.</span> <span class='ocrx_word' id='word_1_420' title='bbox 1336 2648 1527 2681; x_wconf 61' lang='lat' dir='ltr'>Rode-ricus</span> <span class='ocrx_word' id='word_1_421' title='bbox 1553 2646 1593 2681; x_wconf 90' lang='lat' dir='ltr'>O.</span> <span class='ocrx_word' id='word_1_422' title='bbox 1614 2646 1652 2681; x_wconf 90' lang='lat' dir='ltr'>F.</span> <span class='ocrx_word' id='word_1_423' title='bbox 1671 2646 1732 2687; x_wconf 78' lang='lat' dir='ltr'>M..</span> <span class='ocrx_word' id='word_1_424' title='bbox 1766 2645 1870 2679; x_wconf 82' lang='lat' dir='ltr'>Nova</span> <span class='ocrx_word' id='word_1_425' title='bbox 1897 2645 1975 2680; x_wconf 90' lang='lat' dir='ltr'>Col-</span> 
     </span>
     <span class='ocr_line' id='line_1_41' title="bbox 198 2699 1976 2747; baseline -0.002 -11"><span class='ocrx_word' id='word_1_426' title='bbox 198 2702 305 2741; x_wconf 82' lang='lat' dir='ltr'>lectio</span> <span class='ocrx_word' id='word_1_427' title='bbox 332 2701 611 2745; x_wconf 84' lang='lat' dir='ltr'>Privilegiorum</span> <span class='ocrx_word' id='word_1_428' title='bbox 638 2702 926 2747; x_wconf 89' lang='lat' dir='ltr'>Apostolicorum</span> <span class='ocrx_word' id='word_1_429' title='bbox 954 2700 1190 2744; x_wconf 81' lang='lat' dir='ltr'>Regularium</span> <span class='ocrx_word' id='word_1_430' title='bbox 1217 2703 1297 2742; x_wconf 67' lang='lat' dir='ltr'>etc„</span> <span class='ocrx_word' id='word_1_431' title='bbox 1324 2700 1490 2744; x_wconf 81' lang='lat' dir='ltr'>Lugduni</span> <span class='ocrx_word' id='word_1_432' title='bbox 1519 2699 1620 2741; x_wconf 85' lang='lat'>1613,</span> <span class='ocrx_word' id='word_1_433' title='bbox 1647 2699 1739 2740; x_wconf 84' lang='lat'>282;</span> <span class='ocrx_word' id='word_1_434' title='bbox 1767 2701 1976 2733; x_wconf 73' lang='lat' dir='ltr'>Bullarium</span> 
     </span>
     <span class='ocr_line' id='line_1_42' title="bbox 200 2752 1977 2798; baseline -0.002 -9"><span class='ocrx_word' id='word_1_435' title='bbox 200 2755 399 2789; x_wconf 71' lang='lat' dir='ltr'>Romanum</span> <span class='ocrx_word' id='word_1_436' title='bbox 426 2754 469 2796; x_wconf 94' lang='lat' dir='ltr'>V,</span> <span class='ocrx_word' id='word_1_437' title='bbox 496 2756 685 2798; x_wconf 86' lang='lat' dir='ltr'>Augustae</span> <span class='ocrx_word' id='word_1_438' title='bbox 703 2755 941 2790; x_wconf 86' lang='lat' dir='ltr'>Taurinorum</span> <span class='ocrx_word' id='word_1_439' title='bbox 971 2755 1072 2796; x_wconf 82' lang='lat'>1860,</span> <span class='ocrx_word' id='word_1_440' title='bbox 1099 2754 1198 2798; x_wconf 82' lang='lat'>439).</span> <span class='ocrx_word' id='word_1_441' title='bbox 1238 2754 1359 2788; x_wconf 90' lang='lat' dir='ltr'>Prima</span> <span class='ocrx_word' id='word_1_442' title='bbox 1386 2756 1506 2788; x_wconf 89' lang='lat' dir='ltr'>autem</span> <span class='ocrx_word' id='word_1_443' title='bbox 1524 2753 1716 2788; x_wconf 84' lang='lat' dir='ltr'>Societatis</span> <span class='ocrx_word' id='word_1_444' title='bbox 1735 2752 1977 2796; x_wconf 77' lang='lat' dir='ltr'>Congregatio</span> 
     </span>
     <span class='ocr_line' id='line_1_43' title="bbox 199 2805 1971 2852; baseline -0.002 -10"><span class='ocrx_word' id='word_1_445' title='bbox 199 2808 381 2850; x_wconf 85' lang='lat' dir='ltr'>generalis</span> <span class='ocrx_word' id='word_1_446' title='bbox 401 2808 512 2851; x_wconf 87' lang='lat' dir='ltr'>(decr.</span> <span class='ocrx_word' id='word_1_447' title='bbox 533 2808 596 2842; x_wconf 82' lang='lat'>121</span> <span class='ocrx_word' id='word_1_448' title='bbox 619 2810 700 2852; x_wconf 87' lang='lat' dir='ltr'>post</span> <span class='ocrx_word' id='word_1_449' title='bbox 718 2809 778 2852; x_wconf 86' lang='lat' dir='ltr'>el.)</span> <span class='ocrx_word' id='word_1_450' title='bbox 800 2810 1048 2849; x_wconf 86' lang='lat' dir='ltr'>constituerat,</span> <span class='ocrx_word' id='word_1_451' title='bbox 1070 2819 1113 2842; x_wconf 89' lang='lat' dir='ltr'>ne</span> <span class='ocrx_word' id='word_1_452' title='bbox 1132 2807 1167 2841; x_wconf 91' lang='lat' dir='ltr'>in</span> <span class='ocrx_word' id='word_1_453' title='bbox 1187 2807 1380 2842; x_wconf 79' lang='lat' dir='ltr'>Societatis</span> <span class='ocrx_word' id='word_1_454' title='bbox 1399 2807 1562 2842; x_wconf 85' lang='lat' dir='ltr'>ecelesiis</span> <span class='ocrx_word' id='word_1_455' title='bbox 1582 2806 1742 2852; x_wconf 80' lang='lat' dir='ltr'>(praeter</span> <span class='ocrx_word' id='word_1_456' title='bbox 1760 2805 1971 2840; x_wconf 83' lang='lat' dir='ltr'>fundatores</span> 
     </span>
     <span class='ocr_line' id='line_1_44' title="bbox 199 2858 1973 2906; baseline -0.001 -12"><span class='ocrx_word' id='word_1_457' title='bbox 199 2861 387 2905; x_wconf 87' lang='lat' dir='ltr'>principes,</span> <span class='ocrx_word' id='word_1_458' title='bbox 414 2861 505 2895; x_wconf 88' lang='lat' dir='ltr'>alios</span> <span class='ocrx_word' id='word_1_459' title='bbox 530 2861 719 2906; x_wconf 83' lang='lat' dir='ltr'>quosdam)</span> <span class='ocrx_word' id='word_1_460' title='bbox 749 2862 890 2896; x_wconf 88' lang='lat' dir='ltr'>externi</span> <span class='ocrx_word' id='word_1_461' title='bbox 915 2861 992 2896; x_wconf 83' lang='lat' dir='ltr'>sine</span> <span class='ocrx_word' id='word_1_462' title='bbox 1027 2861 1223 2906; x_wconf 89' lang='lat' dir='ltr'>praepositi</span> <span class='ocrx_word' id='word_1_463' title='bbox 1250 2860 1430 2905; x_wconf 86' lang='lat' dir='ltr'>generalis</span> <span class='ocrx_word' id='word_1_464' title='bbox 1455 2860 1603 2895; x_wconf 87' lang='lat' dir='ltr'>licentia</span> <span class='ocrx_word' id='word_1_465' title='bbox 1628 2859 1867 2905; x_wconf 88' lang='lat' dir='ltr'>sepelirentur</span> <span class='ocrx_word' id='word_1_466' title='bbox 1894 2858 1973 2902; x_wconf 83' lang='lat' dir='ltr'>(In-</span> 
     </span>
     <span class='ocr_line' id='line_1_45' title="bbox 197 2914 647 2955; baseline 0.004 -8"><span class='ocrx_word' id='word_1_467' title='bbox 197 2917 357 2948; x_wconf 65' lang='lat' dir='ltr'>stinctam</span> <span class='ocrx_word' id='word_1_468' title='bbox 384 2914 418 2949; x_wconf 84' lang='lat' dir='ltr'>S.</span> <span class='ocrx_word' id='word_1_469' title='bbox 437 2915 469 2949; x_wconf 88' lang='lat' dir='ltr'>J.</span> <span class='ocrx_word' id='word_1_470' title='bbox 491 2915 521 2948; x_wconf 96' lang='lat' dir='ltr'>II</span> <span class='ocrx_word' id='word_1_471' title='bbox 552 2915 647 2955; x_wconf 73' lang='lat'>184).</span> 
     </span>
    </p>

    <p class='ocr_par' dir='ltr' id='par_1_11' title="bbox 198 2964 1973 3171">
     <span class='ocr_line' id='line_1_46' title="bbox 317 2964 1973 3013; baseline -0.002 -12"><span class='ocrx_word' id='word_1_472' title='bbox 317 2968 330 2987; x_wconf 87' lang='lat'><strong>⁴</strong></span> <span class='ocrx_word' id='word_1_473' title='bbox 356 2968 564 3002; x_wconf 72' lang='lat' dir='ltr'>Posset-inus</span> <span class='ocrx_word' id='word_1_474' title='bbox 590 2968 755 3002; x_wconf 85' lang='lat' dir='ltr'>ultimum</span> <span class='ocrx_word' id='word_1_475' title='bbox 781 2968 847 3003; x_wconf 87' lang='lat' dir='ltr'>hoc</span> <span class='ocrx_word' id='word_1_476' title='bbox 873 2969 1073 3003; x_wconf 86' lang='lat' dir='ltr'>litterarum</span> <span class='ocrx_word' id='word_1_477' title='bbox 1102 2970 1210 3013; x_wconf 87' lang='lat' dir='ltr'>caput</span> <span class='ocrx_word' id='word_1_478' title='bbox 1235 2967 1375 3001; x_wconf 87' lang='lat' dir='ltr'>lineolis</span> <span class='ocrx_word' id='word_1_479' title='bbox 1401 2966 1523 3001; x_wconf 89' lang='lat' dir='ltr'>curvis</span> <span class='ocrx_word' id='word_1_480' title='bbox 1549 2966 1584 3000; x_wconf 94' lang='lat' dir='ltr'>in</span> <span class='ocrx_word' id='word_1_481' title='bbox 1610 2965 1773 3009; x_wconf 81' lang='lat' dir='ltr'>margine</span> <span class='ocrx_word' id='word_1_482' title='bbox 1791 2964 1973 3000; x_wconf 82' lang='lat' dir='ltr'>adiunctis</span> 
     </span>
     <span class='ocr_line' id='line_1_47' title="bbox 198 3017 1972 3067; baseline -0.002 -13"><span class='ocrx_word' id='word_1_483' title='bbox 198 3021 340 3055; x_wconf 86' lang='lat' dir='ltr'>notavit</span> <span class='ocrx_word' id='word_1_484' title='bbox 375 3022 411 3054; x_wconf 85' lang='lat' dir='ltr'>et</span> <span class='ocrx_word' id='word_1_485' title='bbox 446 3020 479 3054; x_wconf 92' lang='lat' dir='ltr'>in</span> <span class='ocrx_word' id='word_1_486' title='bbox 508 3021 630 3054; x_wconf 89' lang='lat' dir='ltr'>eodem</span> <span class='ocrx_word' id='word_1_487' title='bbox 657 3022 819 3065; x_wconf 85' lang='lat' dir='ltr'>margine</span> <span class='ocrx_word' id='word_1_488' title='bbox 854 3022 1021 3067; x_wconf 86' lang='lat' dir='ltr'>scripsit:</span> <span class='ocrx_word' id='word_1_489' title='bbox 1061 3021 1124 3064; x_wconf 85' lang='lat' dir='ltr'>„de</span> <span class='ocrx_word' id='word_1_490' title='bbox 1160 3020 1374 3055; x_wconf 87' lang='lat' dir='ltr'>coemeterio</span> <span class='ocrx_word' id='word_1_491' title='bbox 1401 3019 1550 3054; x_wconf 87' lang='lat' dir='ltr'>Halensi</span> <span class='ocrx_word' id='word_1_492' title='bbox 1586 3030 1628 3054; x_wconf 84' lang='lat' dir='ltr'>ac</span> <span class='ocrx_word' id='word_1_493' title='bbox 1663 3018 1850 3064; x_wconf 77' lang='lat' dir='ltr'>sepultura</span> <span class='ocrx_word' id='word_1_494' title='bbox 1881 3017 1972 3052; x_wconf 82' lang='lat' dir='ltr'>can-</span> 
     </span>
     <span class='ocr_line' id='line_1_48' title="bbox 199 3070 1969 3119; baseline -0.002 -11"><span class='ocrx_word' id='word_1_495' title='bbox 199 3073 370 3119; x_wconf 79' lang='lat' dir='ltr'>cellarij“,</span> <span class='ocrx_word' id='word_1_496' title='bbox 397 3076 433 3108; x_wconf 88' lang='lat' dir='ltr'>et</span> <span class='ocrx_word' id='word_1_497' title='bbox 453 3073 653 3118; x_wconf 82' lang='lat' dir='ltr'>(aliquanto</span> <span class='ocrx_word' id='word_1_498' title='bbox 679 3077 771 3119; x_wconf 85' lang='lat' dir='ltr'>post,</span> <span class='ocrx_word' id='word_1_499' title='bbox 797 3077 836 3110; x_wconf 83' lang='lat' dir='ltr'>ut</span> <span class='ocrx_word' id='word_1_500' title='bbox 854 3075 1035 3118; x_wconf 87' lang='lat' dir='ltr'>videtur):</span> <span class='ocrx_word' id='word_1_501' title='bbox 1067 3073 1128 3117; x_wconf 81' lang='lat' dir='ltr'>,R.</span> <span class='ocrx_word' id='word_1_502' title='bbox 1147 3073 1478 3118; x_wconf 79' lang='lat' dir='ltr'>[=„Resp0nsum“</span> <span class='ocrx_word' id='word_1_503' title='bbox 1506 3072 1564 3107; x_wconf 91' lang='lat' dir='ltr'>vel</span> <span class='ocrx_word' id='word_1_504' title='bbox 1587 3071 1877 3117; x_wconf 80' lang='lat' dir='ltr'>„Respondetur“</span> <span class='ocrx_word' id='word_1_505' title='bbox 1909 3070 1969 3104; x_wconf 85' lang='lat' dir='ltr'>vel</span> 
     </span>
     <span class='ocr_line' id='line_1_49' title="bbox 199 3126 1358 3171; baseline 0.001 -11"><span class='ocrx_word' id='word_1_506' title='bbox 199 3126 378 3171; x_wconf 87' lang='lat' dir='ltr'>similiter]</span> <span class='ocrx_word' id='word_1_507' title='bbox 405 3126 486 3161; x_wconf 85' lang='lat' dir='ltr'>Fiat</span> <span class='ocrx_word' id='word_1_508' title='bbox 511 3138 591 3161; x_wconf 88' lang='lat' dir='ltr'>cum</span> <span class='ocrx_word' id='word_1_509' title='bbox 619 3127 710 3162; x_wconf 87' lang='lat' dir='ltr'>bona</span> <span class='ocrx_word' id='word_1_510' title='bbox 736 3129 854 3171; x_wconf 83' lang='lat' dir='ltr'>gratia</span> <span class='ocrx_word' id='word_1_511' title='bbox 881 3127 1136 3162; x_wconf 79' lang='lat' dir='ltr'>serenissimae</span> <span class='ocrx_word' id='word_1_512' title='bbox 1163 3126 1358 3170; x_wconf 78' lang='lat' dir='ltr'>Regina0“.</span> 
     </span>
    </p>
   </div>
  </div>
 </body>
</html>
