2062 3443
718 183 809 217 Haia
839 183 891 217 13.
911 181 1067 224 Augusti
1096 181 1198 215 1577.
1762 175 1843 222 407

73 305 151 355 tia,
185 318 264 346 nec
287 303 480 346 inueniat
504 303 715 345 Rectores
738 300 968 354 Monachij,
1003 298 1267 351 Jngolstadij
1303 301 1347 340 et
1372 297 1511 339 Halae
1544 295 1847 339 instituendos.

77 370 325 412 Accersitus
358 368 527 410 interim
553 370 621 409 est
647 368 687 408 P.
713 366 930 408 Judocusl
963 364 1127 417 aliquot
1160 363 1245 404 iam
1280 363 1404 404 annis
1437 362 1630 416 ptisicus,
1666 360 1735 413 qui
1771 360 1849 401 hoc

78 434 267 476 Halense
300 433 514 487 gubernet
547 432 798 485 collegium:
833 430 908 472 sed
932 442 1087 471 uereor
1109 428 1228 469 illum
1253 429 1295 469 in
1319 428 1400 469 hac
1424 427 1617 481 corporis
1640 424 1850 467 inbecilli-

74 502 170 542 tate
203 499 274 540 diu
308 512 535 552 superesse
568 511 652 539 non
686 510 824 551 posse.

194 564 312 613 Quae
345 562 489 605 omnia
522 576 572 604 eo
595 562 697 603 mihi
721 561 917 615 pluribus
940 559 1228 613 explicantur,
1265 562 1312 600 ut
1346 559 1391 600 P.
1417 559 1464 600 Τ.
1499 556 1732 609 intelligat,
1767 569 1851 596 non

73 633 240 672 temere
264 629 308 671 P.
335 627 644 669 Prouintialem
670 641 695 668 a
718 626 900 679 collegio
925 623 1243 676 Salisburgensi
1267 624 1514 673 abliorrere,
1549 622 1659 675 quod
1686 619 1851 674 praeci-

77 694 172 748 puis
197 693 478 743 Ol'ficialibus,
503 697 552 735 ut
575 692 769 742 dicimus,
804 692 858 733 ad
882 704 1040 732 nouum
1065 689 1143 730 hoc
1167 689 1413 730 institutum
1439 687 1696 741 necessarijs
1720 685 1853 728 desti-

74 762 242 809 tuatur,
278 761 323 800 et
354 772 406 800 ea
429 758 708 811 requirantur
731 772 757 799 a
779 756 914 805 nobis,
949 769 1059 808 quae
1083 768 1176 795 cum
1201 768 1305 795 uera
1333 753 1502 807 collegij
1526 753 1667 793 forma
1691 754 1733 793 et
1756 764 1854 804 per-

76 824 268 867 fectione
302 826 511 877 pugnent.
559 823 657 864 ,Jam
693 825 794 864 ante
818 821 926 863 satis
949 821 990 861 in
1018 819 1211 873 generali
1236 819 1583 872 Congregatione
1616 819 1853 859 tractatum

80 890 180 939 fuit,
207 902 333 942 quam
359 888 556 941 grauiter
578 887 761 939 collegia
784 886 1063 928 uulnerenter
1085 899 1135 926 ac
1154 884 1446 934 debilitentur,
1471 897 1600 936 quum
1625 895 1737 923 noua
1761 894 1855 922 cum

78 957 275 997 ueterum
301 953 642 1003 labefactatione
664 952 953 994 instituuntur
965 952 993 993 ¹2.
1048 949 1169 999 Quod
1202 949 1234 990 si
1271 948 1442 990 omnino
1466 948 1527 990 sic
1548 947 1639 989 fieri
1663 946 1855 1001 postulet

76 1020 199 1061 Pont.
225 1020 341 1061 Max.
366 1019 521 1061 saltem
557 1032 640 1059 non
673 1017 771 1059 inde
795 1017 849 1059 ab
872 1015 995 1058 initio
1019 1029 1151 1069 supra
1173 1015 1289 1056 uires
1313 1027 1667 1068 praegrauemur,
1702 1016 1746 1053 et
1768 1011 1854 1052 Lu-

74 1098 284 1127 cernense
316 1084 500 1138 primum
534 1084 644 1125 bene
678 1083 986 1125 constituatur.
1032 1082 1096 1122 Ac
1120 1080 1463 1133 Salisburgensis
1487 1079 1657 1132 quidem
1683 1076 1852 1131 collegij

73 1149 167 1192 siue
200 1149 419 1203 seminarij
453 1148 566 1190 ratio
599 1162 712 1189 nunc
745 1148 873 1201 plane
908 1149 1075 1189 mutata
1115 1147 1195 1195 est,
1238 1149 1468 1199 postquam
1507 1144 1549 1187 P.
1576 1141 1854 1184 Prouintialis

75 1215 162 1257 illic
195 1229 340 1257 coram
383 1214 536 1264 adfuit,
572 1217 617 1256 et
650 1212 1045 1267 Archiepiscopus3
1076 1225 1167 1253 rem
1211 1213 1350 1253 totam
1394 1210 1448 1252 ad
1481 1208 1720 1251 Canonicos
1754 1221 1854 1249 suos

76 1284 175 1334 post
208 1294 398 1322 mensem
441 1279 629 1321 fortasse
662 1278 986 1321 consultaturos
1019 1276 1182 1326 retulit,
1227 1290 1277 1318 ac
1311 1275 1484 1317 dubium
1524 1288 1700 1329 prorsus
1735 1274 1852 1327 puto,

73 1359 131 1387 an
165 1349 410 1388 nostrorum
445 1359 620 1398 operam
655 1344 742 1386 sint
775 1343 828 1386 ad
862 1344 942 1385 hoc
976 1341 1253 1384 seminarium
1293 1340 1568 1395 postulaturi.
1632 1339 1754 1381 Vnus
1788 1341 1855 1380 est

75 1411 215 1454 frater
236 1410 546 1453 Dominicanus
569 1409 843 1452 Felicianus4
875 1407 1200 1462 Archiepiscopi
1233 1407 1492 1459 Theologus,
1528 1405 1598 1458 qui
1632 1404 1854 1458 negotium

78 1476 157 1518 hoc
189 1475 278 1517 suis
311 1475 449 1518 literis
481 1475 523 1517 in
549 1475 710 1516 Vrbem
745 1474 859 1516 datis
892 1473 1123 1515 admodum
1156 1474 1297 1525 urget,
1333 1470 1504 1513 etiamsi
1537 1471 1745 1520 fateatur,
1783 1469 1855 1511 uix

74 1544 168 1583 tres
200 1541 242 1582 in
277 1540 474 1594 Capitulo
508 1540 630 1582 nobis
663 1540 850 1590 fauere&
894 1544 938 1582 et
971 1537 1300 1592 Archiepiscopi
1343 1537 1512 1579 animus
1543 1534 1758 1578 fortasseb
1791 1549 1855 1576 re-

78 1606 215 1656 frixit,
251 1606 364 1659 quod
398 1605 482 1647 iam
515 1608 640 1659 putet
662 1605 839 1646 nimium
863 1618 888 1647 a
911 1604 1034 1646 nobis
1057 1603 1283 1658 postulari,
1318 1606 1366 1644 ut
1398 1603 1490 1656 ipse
1514 1601 1652 1643 amico
1677 1603 1857 1654 questus

76 1675 158 1714 est.
223 1671 344 1713 Haec
392 1675 625 1725 propterea
670 1670 876 1720 dixerim,
920 1673 968 1712 ut
1014 1672 1237 1723 postrema
1283 1668 1328 1710 P.
1355 1666 1635 1709 Prouintialis
1679 1667 1730 1707 de
1777 1665 1856 1707 hoc

78 1736 252 1790 negotio
286 1736 450 1790 scripta
482 1736 565 1778 rite
606 1736 914 1790 ponderentur,
958 1738 1110 1787 utque⁰
1146 1747 1401 1788 responsum
1435 1731 1746 1774 Canonicorum
1780 1745 1856 1773 ex-

78 1804 291 1855 pectetur,
335 1801 585 1855 priusquam
621 1801 783 1854 aliquid
816 1801 868 1842 de
902 1813 1071 1842 summa
1102 1799 1164 1841 rei
1197 1801 1434 1849 statuatur,
1469 1797 1505 1839 si
1538 1797 1651 1838 bona
1685 1795 1857 1849 quidem

80 1867 202 1909 Pont.
228 1867 345 1909 Max.
370 1880 477 1920 pace
509 1866 601 1908 fieri
633 1865 772 1920 possit
785 1867 813 1907 ⁵.

197 1933 263 1974 De
296 1932 341 1975 P.
366 1932 556 1973 Martino
579 1931 866 1974 Lebenstaind
900 1931 1122 1972 Lucernae
1145 1930 1271 1972 modo
1295 1930 1483 1971 Rectore
1509 1928 1620 1970 idem
1646 1927 1760 1981 quod
1784 1925 1855 1981 alij

75 1997 319 2052 Consilarij,
362 1997 517 2047 sentio,
552 1996 729 2050 dignum
762 1996 881 2038 illum
916 1995 1084 2038 scilicet
1115 1994 1312 2050 inprimis
1345 2008 1453 2044 esse,
1498 1993 1570 2047 qui
1602 1993 1656 2035 ad
1691 1992 1859 2034 edenda

75 2066 266 2115 quatuor
306 2065 411 2105 uota.
453 2062 770 2116 quamprimum
813 2061 1087 2110 admittatur,
1131 2064 1175 2103 et
1217 2060 1387 2102 abunde
1428 2059 1472 2101 in
1513 2059 1588 2101 illo
1630 2057 1859 2112 comperiri

76 2127 359 2178 conditiones,
396 2141 507 2181 quae
539 2127 595 2169 ad
617 2126 859 2169 huiusmodi
883 2126 1176 2180 professiones
1208 2125 1327 2178 exigi
1360 2127 1681 2167 consueuerunt
1694 2124 1723 2174 ⁶,
1756 2122 1860 2165 licet

75 2193 120 2235 in
153 2193 479 2235 humanioribus
517 2192 670 2243 literis,
712 2195 756 2234 et
796 2192 840 2233 in
873 2191 1055 2233 docendi
1096 2191 1398 2243 scribendique
1438 2203 1616 2231 munere
1657 2187 1860 2231 fortassis

78 2258 220 2300 minus
253 2259 330 2301 site
362 2257 644 2300 exercitatus.
710 2258 837 2299 Certe
869 2271 955 2298 non
988 2257 1210 2298 Lucernae
1244 2256 1385 2306 modo,
1419 2255 1496 2297 sed
1529 2254 1661 2297 etiam
1695 2254 1738 2295 in
1772 2253 1859 2294 col-

199 2351 227 2381 a)
250 2352 296 2376 Sic
318 2352 345 2375 in
367 2355 480 2382 ((ιιιομικ
501 2354 661 2375 correctum
683 2353 723 2374 est
744 2358 781 2374 ea:
800 2350 901 2375 facere
923 2351 966 2374 vel
987 2349 1096 2375 farere.
1208 2347 1237 2377 b)
1259 2350 1319 2373 Hoc
1341 2357 1363 2373 v.
1384 2357 1401 2373 α
1424 2350 1452 2373 C.
1466 2356 1559 2379 snpra
1581 2355 1696 2372 versum
1717 2346 1859 2377 scr-‘ptum

74 2397 127 2418 est.
193 2394 219 2422 c)
241 2394 380 2424 Sequitur
400 2391 466 2417 fieri
487 2393 529 2417 vel
549 2393 645 2417 simile
667 2399 701 2422 v.‚
722 2392 812 2416 oblite.
883 2390 914 2423 d)
936 2392 1001 2423 Sic;
1021 2392 1070 2416 secl
1094 2391 1190 2415 vocari
1209 2391 1333 2415 solebat.-
1355 2389 1561 2415 Leubenstain
1582 2390 1625 2413 ve!
1646 2386 1860 2413 Leubenstein.

75 2437 106 2466 e)
128 2435 268 2467 Sequitur
287 2434 379 2465 idem,
399 2435 491 2459 oblite.

205 2547 212 2566 ¹
240 2546 410 2585 Castner;
439 2545 532 2587 vide,
560 2557 652 2589 quae
679 2544 745 2579 sub
772 2545 870 2590 ipsas
897 2543 963 2578 has
990 2543 1132 2578 litteras
1159 2544 1333 2578 dicentur.

201 2599 214 2619 ²
239 2599 295 2633 lta
321 2601 441 2633 actum
478 2600 556 2633 erat
582 2601 618 2632 et
644 2610 675 2632 a.
698 2598 787 2632 1565
814 2598 850 2632 in
877 2597 1072 2632 Societatis
1099 2597 1387 2640 Congregatione
1423 2595 1584 2640 generali
1621 2594 1788 2636 secunda,
1826 2596 1862 2628 et

76 2665 111 2688 a.
140 2653 232 2687 1573
267 2653 303 2686 in
328 2652 437 2686 tertia
464 2652 612 2696 (Congr.
641 2652 662 2685 2
689 2652 785 2685 decr.
812 2652 833 2685 8
860 2655 943 2696 post
968 2650 1032 2692 el.;
1071 2650 1201 2694 Congr.
1221 2650 1241 2684 3
1268 2650 1363 2684 decr.
1385 2649 1427 2684 17
1455 2652 1491 2684 et
1517 2650 1562 2685 20
1589 2651 1671 2694 post
1697 2648 1760 2688 el.;
1802 2650 1863 2682 In-

75 2708 240 2740 stitutum
267 2705 300 2740 S.
319 2706 353 2740 J.
374 2706 407 2739 H
435 2706 625 2740 195—196
652 2704 871 2747 222—223).

201 2760 213 2780 ⁸
239 2759 391 2793 Ioannes
418 2758 570 2793 Iacobus
597 2758 726 2792 Khuen
754 2758 796 2792 de
816 2758 961 2802 Belasy.
1085 2758 1096 2777 ⁴
1124 2756 1346 2800 Ninguarda,
1375 2755 1416 2790 O.
1435 2755 1513 2797 Pr.;
1542 2768 1577 2790 v,
1596 2767 1706 2800 supra
1724 2767 1758 2800 p.
1778 2754 1861 2789 393.

200 2813 213 2832 ⁵
245 2813 417 2855 Hoffaeus
454 2811 681 2846 Me1··curiano
720 2810 896 2856 *scripsit
931 2810 1026 2845 Hala
1065 2811 1096 2845 3.
1125 2809 1206 2844 Iulii
1237 2811 1350 2844 1577:
1387 2809 1432 2844 Se
1470 2809 1513 2844 10
1549 2809 1625 2843 dies
1661 2808 1862 2852 Salisburgi

77 2865 203 2900 fuisse.
245 2865 329 2908 ,Fui
357 2877 423 2908 ego
449 2867 533 2899 ante
559 2876 765 2910 persuasus,
791 2876 861 2898 non
887 2864 1004 2898 solum
1031 2863 1384 2898 Reuerendissimum
1413 2863 1476 2897 sed
1503 2862 1610 2896 etiam
1636 2861 1863 2907 Capitulares

79 2918 296 2953 Societatem
323 2921 460 2963 optare.
513 2918 639 2952 Coram
666 2929 752 2952 vero
778 2917 954 2959 intellexi,
981 2917 1045 2951 vix
1072 2917 1160 2952 duos
1188 2915 1415 2961 Capitulares
1440 2927 1506 2950 nos
1532 2918 1668 2961 optare,
1701 2918 1864 2950 caeteros

83 2972 143 3006 vel
169 2974 294 3017 aperte
321 2971 560 3013 aduersarios,
587 2971 647 3005 vel
664 2982 791 3016 parum
810 2971 913 3005 nobis
931 2971 1066 3005 amicos
1093 2971 1191 3004 esse⁴⁴
1217 2970 1278 3013 (ex
1297 2972 1448 3013 autogr„
1469 2968 1588 3003 Germ.
1609 2969 1677 3004 133
1704 2969 1728 3003 f.
1751 2967 1863 3011 198³).

204 3026 217 3046 ⁶
244 3017 420 3068 Hoffaem}
445 3024 673 3059 Mercuriano
701 3024 820 3059 *Hala
849 3025 904 3059 13.
923 3024 1081 3067 Augusti
1111 3024 1221 3058 1577:
1263 3023 1387 3064 „Nunc
1412 3034 1492 3056 meo
1519 3025 1555 3057 et
1580 3022 1702 3056 Patris
1729 3021 1861 3065 Canisij

81 3078 223 3112 nomine
258 3077 457 3123 respondeo
489 3077 648 3111 breuiter
684 3077 725 3112 Ρ.
750 3078 947 3112 Martinum
974 3076 1226 3117 Leubenstein‚
1260 3075 1451 3110 Rectorem
1477 3075 1753 3116 Lucernensern,
1790 3085 1862 3108 cre-

78 3132 214 3166 andum
241 3131 357 3165 videri
382 3130 595 3165 Professum
631 3134 786 3175 quatuor
813 3131 997 3165 votorum“
1031 3130 1093 3171 (ex
1120 3131 1282 3169 autogr.;
1319 3127 1427 3163 Germ
1461 3128 1528 3163 138
1556 3129 1580 3162 f.
1602 3128 1720 3172 204b).
1771 3127 1863 3169 Quid

79 3184 124 3218 ad
153 3195 232 3219 eam
259 3183 519 3229 professionem
547 3184 764 3228 requiratur,
790 3196 824 3218 v.
848 3185 934 3218 Can.
955 3183 1003 3218 VI
1031 3183 1100 3217 266
1113 3184 1138 3216 ⁷.
