2051 3433
189 128 274 169 254

276 240 517 274 Ribadenesra
546 239 638 272 1572
648 249 659 270 .-

187 310 319 345 uisibili
354 309 388 343 id
424 306 652 350 significante
688 317 747 339 ex-

186 364 310 405 terius,
337 361 431 407 quod
458 359 609 395 interius
636 358 747 404 perci-

186 417 324 462 piebat,
367 416 541 455 cerneret,
561 440 568 447 .
589 440 596 448 .
617 440 624 447 .
668 411 748 445 Alio

186 471 272 504 item
316 471 478 514 tempore
504 495 509 500 .
537 493 544 500 .
571 493 578 501 .
621 465 748 500 modus

187 523 264 558 eius
282 523 392 557 menti
412 521 573 556 obiectus
592 522 658 559 est,
678 530 747 562 quo

186 577 359 611 mundum
386 575 484 610 Deus
507 572 674 608 condidit.
691 599 698 606 .
717 598 723 605 .
740 597 747 605 .

186 630 320 664 Mentis
355 628 466 663 oculis
502 626 655 672 quodam
692 625 748 659 die

187 684 283 718 clare
324 682 434 722 uidit,
478 681 632 724 augusto
675 678 746 720 illo,

187 739 296 781 atque
314 734 498 770 tremendo
516 733 748 768 Sacramento

187 790 378 824 Dominum
424 789 585 822 nostrum
629 785 747 819 Iesum

188 843 381 883 Christum,
408 852 533 875 uerum
552 839 677 880 Deum,
697 840 748 872 at-

189 908 256 941 que
271 895 451 930 hominem
466 893 654 928 uerissime
669 903 748 925 con-

188 950 306 984 tineri.
335 947 552 993 Saepissime
568 974 575 981 .
592 973 598 981 .
616 973 623 981 .
651 944 749 980 Chri-

191 1004 238 1038 sti
255 1030 261 1038 .
279 1031 286 1038 .
302 1029 310 1038 .
328 1001 589 1037 humanitatem
610 1000 750 1033 interno

189 1058 315 1091 obtutu
351 1055 452 1097 uidit,
488 1056 523 1088 et
557 1052 750 1097 aliquando

187 1109 432 1145 beatissimam
445 1108 553 1143 etiam
563 1106 750 1149 Virginem

187 1164 339 1198 Mariam
354 1175 361 1197 :
379 1189 386 1197 .
402 1189 408 1197 .
425 1189 433 1197 .
456 1161 587 1205 quibus
606 1159 749 1204 quidem

188 1217 287 1258 uisis,
315 1217 366 1250 ita
392 1215 428 1249 in
454 1215 534 1255 fide,
561 1225 603 1247 ac
621 1212 750 1257 spiritu

189 1271 433 1310 confirmatus,
464 1270 499 1302 et
526 1267 673 1302 coelesti
698 1266 746 1300 lu·

188 1324 282 1358 mine
294 1322 494 1368 completus
509 1324 574 1362 est,
588 1322 629 1355 ut
643 1331 750 1364 saepe

190 1377 278 1412 haec
305 1387 428 1412 secum
452 1377 634 1420 reputans,
661 1373 749 1408 illud

190 1431 297 1466 etiam
349 1430 549 1469 statueret,
607 1428 637 1462 si
688 1430 750 1461 aut

188 1495 374 1520 sacrarum
399 1483 601 1517 litterarum
629 1492 749 1514 monu-

189 1538 321 1572 mentis
344 1538 557 1579 consignata
575 1535 750 1579 mysteria

190 1592 273 1626 fidei
299 1603 368 1625 non
397 1592 528 1631 essent,
564 1592 627 1622 aut
654 1589 750 1621 certe

190 1645 221 1680 si
269 1656 373 1679 sacra
417 1642 597 1687 scriptura
641 1640 750 1685 (quod

189 1699 265 1733 fieri
275 1710 343 1732 non
354 1696 488 1742 potest)
499 1695 751 1735 intercidisset,

190 1752 257 1787 sibi
290 1754 413 1786 tamen
450 1750 501 1784 ita
528 1760 607 1783 esse
642 1749 751 1788 certa,

191 1805 406 1851 penitusque
448 1803 577 1844 infixa,
625 1804 665 1836 ut
707 1813 753 1835 ex

191 1859 263 1894 illis
298 1860 449 1899 tantum,
484 1867 575 1900 quae
601 1855 752 1897 uiderat,

191 1925 261 1947 non
297 1911 487 1951 dubitaret,
526 1911 562 1943 et
586 1910 684 1943 recte
711 1919 753 1942 ea

192 1965 405 2009 intelligere,
433 1966 469 1998 et
492 1962 574 2008 alijs
600 1961 752 2003 tradere,

194 2022 231 2054 et
268 2031 332 2064 pro
368 2017 511 2052 illorum
546 2015 753 2050 defensione

192 2072 299 2108 etiam
327 2073 477 2107 mortem
505 2071 752 2115 oppetere.

192 2127 232 2161 In
243 2126 312 2167 uia,
329 2136 435 2170 quam
450 2123 582 2158 fluuius
597 2124 753 2167 praeter-

193 2179 337 2221 labitur,
356 2206 363 2213 .
385 2206 391 2212 .
413 2205 420 2212 .
448 2177 579 2211 mentis
603 2177 635 2210 ei
661 2175 754 2210 oculi

193 2233 319 2279 aperti,
335 2234 443 2276 atque
455 2230 646 2264 illuminati
659 2232 754 2271 sunt,

195 2314 202 2322 .
218 2313 225 2321 .
246 2314 253 2321 .
273 2288 312 2320 ut
338 2284 527 2330 permulta,
558 2285 635 2317 tum
663 2294 754 2327 quae

193 2340 238 2375 ad
257 2338 340 2374 fidei
366 2338 541 2383 mysteria
560 2336 752 2382 pertinent,

193 2396 270 2428 tum
309 2404 401 2437 quae
436 2391 480 2425 ad
519 2390 753 2425 scientiarum

194 2446 445 2490 cognitionem,
471 2445 604 2489 optime
625 2442 753 2477 intelli-

194 2503 315 2544 geret:
342 2501 455 2539 tanta,
483 2499 630 2541 tamque
657 2496 754 2530 clara

194 2553 295 2594 luce,
331 2555 370 2586 ut
403 2552 447 2585 ab
483 2562 522 2584 eo
557 2561 616 2584 res
654 2549 754 2594 ipsae

195 2618 287 2640 nouo
311 2604 463 2650 quodam
482 2604 615 2638 lumine
634 2614 754 2638 cerne·
778 2630 780 2646 ,

195 2662 319 2694 rentur
346 2664 406 2692 etc.

317 2741 345 2771 a)
366 2741 413 2764 Sit·
434 2741 461 2764 (f.
485 2740 544 2771 ipse
564 2739 692 2763 core-mit
713 2746 748 2763 θα·
768 2736 835 2763 Sibi.

988 234 1156 268 Canisms
1166 244 1177 264 .-

803 305 896 342 alibi
942 305 1042 353 lego,
1090 302 1258 352 Accepit
1303 301 1357 338 in-

803 365 936 413 signes
974 367 1014 401 et
1048 363 1191 400 multas
1230 361 1276 399 de
1306 360 1358 398 di-

803 424 905 461 uinis
944 424 1059 461 rebus
1099 421 1358 470 cognitiones.

803 483 954 521 Nollem
994 481 1095 519 enim
1135 479 1358 518 confirmari

803 543 957 580 illorum
988 541 1214 582 calumnias,
1256 539 1358 589 apud
1384 567 1385 573 ,

803 614 900 650 quos
920 601 1021 638 male
1045 600 1222 638 audimus
1246 611 1358 648 prop-

802 665 863 699 ter
900 659 1206 698 illuminationes
1223 661 1244 696 ¹.
1310 658 1360 696 Et

802 721 973 758 fortasse
993 719 1183 769 profuerit
1204 718 1360 767 aliquod

805 780 893 818 addi
909 779 1118 817 discrimen
1129 778 1232 816 inter
1243 791 1358 816 ueras

804 843 843 878 et
856 833 986 878 >falsas
1013 839 1120 876 siue¹¹
1152 840 1358 887 suspectas

804 898 1123 943 illuminationes,
1147 898 1193 935 ad
1207 910 1358 935 omnem

806 959 1062 1009 suspitionem
1077 956 1090 976 ¹²
1112 960 1150 995 et
1174 956 1359 994 obiectio-

805 1032 894 1057 nem
921 1017 1146 1056 illusionum
1176 1016 1360 1065 effugien-
1383 1039 1385 1074 ἶ

806 1079 904 1116 dam.

629 118 732 154 1912.
760 117 927 153 Canisius
953 116 992 151 P.
1014 115 1122 150 Petro
1149 112 1410 149 Ribadeneirae
1436 111 1470 146 S.
1489 112 1522 146 J.

1496 228 1736 262 Rlbadeneira
1766 230 1876 261 1586.-

1406 297 1517 341 igitur
1555 298 1624 331 iam
1664 297 1872 338 decoratus,
1912 297 1961 330 in-

1406 353 1548 394 tegrum
1576 351 1660 385 anni
1686 351 1843 395 spatium
1863 350 1906 384 ad
1923 361 1963 384 se

1406 404 1704 449 praeparandum,
1735 404 1963 447 animumque

1407 459 1524 501 magis
1539 457 1791 501 colligendum,
1810 456 1963 501 sumpsit

1408 515 1469 545 etc.

1459 565 1595 597 Addita
1631 569 1746 597 (cutem
1783 567 1830 596 est
1856 563 1964 606 capiti

1408 618 1552 660 septimo
1604 618 1689 650 libri
1725 618 1841 660 primi
1881 617 1965 649 llaec

1407 672 1621 712 ymni-§sima
1641 671 1829 713 explicatio
1846 671 1892 711 (f.
1905 672 1965 703 18¹²

1409 724 1457 756 ad
1483 725 1589 765 20¹9:
1619 723 1866 766 „Incredibilia
1894 722 1964 756 cui-

1409 779 1505 821 piam
1547 777 1702 811 fortasse
1743 776 1833 810 haec
1869 776 1964 810 vide-

1408 830 1552 872 buntur,
1589 832 1625 864 et
1659 841 1769 875 supra
1805 829 1965 863 ordinem

1409 883 1558 917 rationis
1594 886 1703 927 atque
1736 894 1890 924 cursum,
1929 881 1965 915 in

1409 947 1450 970 eo
1465 936 1691 981 potissimum
1705 937 1793 978 viro,
1809 936 1869 980 qui
1883 938 1965 980 tyro

1409 992 1446 1024 et
1487 991 1587 1024 rudis
1629 990 1771 1024 omnino
1814 989 1965 1023 miles

1410 1042 1602 1078 Christi²
1637 1043 1754 1078 adhuc
1781 1045 1869 1083 erat,
1905 1042 1965 1087 qui

1409 1097 1471 1131 vix
1489 1109 1617 1131 nomen
1637 1097 1794 1139 dederat,
1822 1096 1886 1130 vix
1905 1095 1965 1130 mi-

1409 1150 1506 1184 litari
1558 1153 1785 1186 sacramento
1827 1161 1866 1184 se
1908 1149 1965 1184 ob-

1409 1205 1620 1246 strinxerat,
1648 1205 1711 1238 vix
1740 1204 1783 1238 ab
1810 1203 1966 1237 hostium

1409 1258 1541 1292 castris
1579 1258 1622 1292 ad
1663 1257 1798 1292 Christi
1836 1256 1967 1291 domini

1409 1312 1522 1345 nostri
1565 1311 1670 1355 signa
1707 1310 1965 1353 transfugerat.

1384 1364 1478 1398 eSed
1514 1367 1555 1398 vt
1589 1364 1679 1399 haec
1713 1375 1846 1406 magna
1887 1375 1966 1408 pro-

1410 1418 1516 1460 fecto,
1530 1418 1726 1463 praeclara,
1743 1415 1966 1451 admirabilia

1410 1471 1477 1505 Dei
1512 1472 1603 1505 dona
1635 1483 1715 1505 esse
1742 1471 1778 1504 in
1805 1470 1967 1504 confesso

1410 1525 1504 1570 apud
1532 1536 1655 1559 omnes
1691 1524 1875 1569 sapientes
1902 1525 1966 1561 est,

1410 1578 1461 1612 ita
1496 1578 1718 1613 incredibilia
1748 1577 1863 1611 videri
1897 1588 1967 1610 non

1411 1632 1552 1674 debent,
1589 1632 1657 1666 nisi
1693 1631 1737 1676 ijs
1777 1630 1869 1664 forte
1905 1629 1965 1674 qui

1410 1685 1502 1719 dona
1520 1685 1674 1731 Spiritus
1700 1684 1828 1725 sancti,
1855 1686 1891 1718 et
1915 1683 1965 1716 in-

1409 1739 1655 1774 aestimabiles
1734 1736 1967 1781 benignitatis

1410 1794 1553 1827 diuinae
1588 1793 1789 1832 thesauros,
1824 1802 1867 1825 ne
1904 1801 1966 1835 per

1384 1848 1587 1881 *somnium
1630 1847 1774 1892 quidem
1823 1844 1966 1878 audiue-

1409 1903 1501 1936 runt.
1571 1900 1637 1943 Qui
1679 1910 1796 1944 neque
1846 1898 1966 1932 lumen

1410 1955 1498 1989 coeli
1515 1955 1681 1989 viderunt
1696 1963 1853 1996 vnquam
1866 1952 1888 1992 ³,
1907 1962 1965 1984 ne-

1410 2020 1478 2053 que
1522 2008 1722 2043 diuinarum
1759 2005 1966 2040 illustratio-

1409 2074 1493 2097 num
1529 2061 1724 2107 participes
1759 2058 1845 2093 facti
1872 2060 1965 2099 sunt,

1410 2117 1471 2160 qui
1496 2115 1631 2150 nullam
1660 2124 1816 2158 vnquam
1844 2111 1966 2156 volup-

1409 2172 1521 2204 tatem
1546 2168 1731 2213 liquidam,
1758 2168 1794 2200 et
1815 2165 1967 2200 solidam

1410 2225 1610 2258 animorum
1629 2233 1708 2256 esse
1729 2222 1877 2266 putant:
1904 2219 1966 2254 sed
1991 2242 1995 2246 -

1410 2288 1534 2311 omnes
1565 2275 1774 2320 voluptates
1810 2272 1968 2318 corporis

1410 2325 1967 2371 sensudefiniunt‚easquevnde-

1411 2394 1553 2429 quaque
1581 2382 1797 2426 conquirunt
1823 2382 1859 2414 et
1885 2390 1964 2424 cap-

1409 2440 1499 2478 tant,
1535 2439 1572 2471 et
1602 2446 1715 2469 nouas
1741 2445 1883 2478 semper
1908 2444 1966 2466 ve-

1410 2491 1548 2526 teribus
1565 2489 1712 2529 addunt,
1739 2486 1968 2532 turpissimas

1410 2544 1491 2579 illas
1527 2544 1682 2588 quidem,
1718 2544 1754 2575 et
1788 2539 1967 2575 honestati

1411 2597 1621 2637 contrarias,
1657 2598 1694 2630 et
1722 2594 1865 2629 homine
1890 2593 1967 2638 ipso

1412 2651 1593 2694 indignas.
1636 2649 1702 2691 Qui
1729 2648 1798 2682 hac
1824 2647 1967 2692 quidem

921 2736 951 2768 b)
974 2737 1037 2761 Duo
1060 2744 1100 2761 rr.
1120 2744 1177 2768 sqq.
1198 2736 1233 2760 (ιὸ
1255 2736 1316 2767 ipso
1337 2737 1365 2759 C.
1386 2742 1479 2766 supra
1502 2740 1615 2758 versum
1635 2732 1745 2762 scripta
1766 2732 1842 2754 sunt.

319 2857 329 2877 ¹
356 2856 515 2891 Maxime
543 2856 578 2890 in
605 2855 781 2900 Hispania
807 2854 876 2888 viri
903 2853 1048 2898 quidam
1075 2851 1181 2893 docti,
1216 2853 1257 2885 ut
1283 2849 1457 2885 Melehior
1484 2848 1615 2888 Canus,
1651 2846 1808 2881 Thomas
1835 2845 1877 2879 de
1904 2844 1967 2879 Pe-

198 2910 339 2952 droche,
375 2909 582 2954 Alphonsus
608 2909 651 2943 de
678 2909 713 2942 la
739 2908 886 2949 Fuente,
913 2908 1139 2947 censuerant,
1173 2904 1295 2939 Socios
1320 2914 1459 2938 errores
1485 2902 1658 2947 quosdam
1694 2899 1966 2937 haereticorum,

198 2964 257 3008 qui
280 2962 559 3007 „Alumbmdos‘
586 2962 664 2996 sive
693 2961 886 2995 illuminati
912 2960 1147 3000 vocabantur,
1175 2958 1318 2998 fovere;
1344 2969 1378 2991 v.
1398 2958 1483 2991 Ant.
1503 2956 1656 2990 Astraia
1682 2953 1715 2989 S.
1737 2954 1782 2994 J.‚
1808 2950 1967 2986 Historia

199 3018 241 3051 de
272 3017 307 3051 la
334 3016 528 3061 Compafiia
555 3015 597 3049 de
625 3015 733 3050 Jesus
768 3026 812 3048 en
847 3014 881 3048 la
907 3012 1113 3048 Asistencia
1151 3012 1194 3046 de
1221 3011 1366 3055 Espasia
1402 3010 1427 3050 1,
1463 3008 1602 3043 Madrid
1642 3007 1742 3049 1892,
1779 3004 1965 3041 326—327

199 3070 407 3110 371—372;
436 3069 495 3110 111,
523 3068 664 3102 Madrid
694 3069 796 3109 1909,
822 3067 974 3102 58—60.

318 3123 331 3144 ²
356 3124 377 3156 2
403 3122 482 3156 Tim
509 3123 541 3163 2,
569 3122 600 3156 3.

746 3122 759 3141 ⁸
786 3120 839 3156 Cf.
858 3120 933 3155 'rob
959 3121 991 3162 5,
1020 3119 1083 3161 12;
1113 3118 1166 3160 11,
1193 3118 1233 3156 8;
1263 3117 1317 3158 12,
1344 3116 1377 3152 3.
