2051 3433
1038 725 1112 768 VI.

877 816 1277 873 EXPLIGATIO

534 924 767 974 signorum
800 926 843 961 et
874 924 1082 961 notarum
1113 920 1619 972 (‚‚abbreviationum“).

336 1030 455 1065 Sicubi
482 1030 669 1073 signum
697 1030 713 1047 *
740 1029 773 1062 in
799 1027 1088 1061 adnotationibus
1114 1030 1150 1061 et
1176 1026 1476 1071 explicationibus
1503 1026 1733 1071 comparebit,
1761 1037 1801 1060 eo
1826 1025 1958 1061 indica—

196 1085 301 1126 bitur,
339 1084 508 1118 editorem
542 1083 641 1116 fonte
668 1082 718 1116 uti
753 1082 908 1115 nondum
936 1081 1044 1125 (quod
1072 1081 1149 1125 ipse
1175 1080 1284 1124 norit)
1315 1080 1420 1115 edito.
1472 1080 1508 1114 Si
1535 1091 1626 1124 quae
1653 1083 1774 1114 autem
1800 1091 1844 1113 ex
1872 1080 1960 1124 ipsis

195 1137 359 1183 epistulis
386 1136 695 1179 monumentisque
719 1135 912 1169 canisianis
938 1146 1031 1168 nunc
1058 1134 1209 1178 primum
1236 1134 1271 1167 in
1298 1133 1414 1167 lucem
1442 1136 1547 1167 erunt
1572 1134 1734 1175 emissae,
1762 1133 1797 1167 id
1823 1145 1868 1167 ex
1894 1133 1960 1167 hoc

196 1193 270 1236 ipso
306 1190 466 1233 intellegi
503 1190 643 1234 poterit,
679 1188 770 1232 quod
798 1188 842 1222 iis
877 1190 959 1233 post
993 1187 1158 1232 exempla
1196 1199 1301 1221 manu
1331 1187 1476 1231 scripta,
1513 1199 1558 1221 ex
1585 1186 1714 1231 quibus
1749 1189 1834 1220 sunt
1862 1187 1961 1232 typis

194 1245 421 1288 transcripta,
449 1254 517 1276 non
538 1242 603 1276 erit
631 1242 811 1286 ascriptus
837 1241 935 1283 liber,
963 1241 998 1275 in
1018 1253 1086 1286 quo
1104 1240 1174 1275 iam
1196 1240 1253 1275 vel
1279 1241 1420 1284 integra
1438 1241 1497 1275 vel
1517 1252 1562 1275 ex
1588 1242 1689 1285 parte
1709 1240 1859 1284 vulgata
1877 1241 1959 1276 sint.

337 1314 546 1349 Notabitur:

338 1381 483 1423 Signo
509 1398 555 1402 ——
582 1398 636 1418 -—,
664 1377 799 1422 aliquid
827 1379 860 1411 in
888 1377 965 1422 ipso
991 1377 1089 1411 fonte
1116 1377 1260 1417 deesse;

339 1433 535 1479 punctis
561 1432 734 1476 appositis
763 1431 787 1473 (.
809 1459 814 1464 .
837 1431 872 1471 .),
900 1431 1032 1475 aliquid
1060 1431 1104 1465 ab
1130 1431 1266 1464 editore
1292 1430 1427 1471 omitti;

338 1486 481 1521 uncis
509 1485 766 1530 quadratis
795 1484 847 1529 [],
875 1485 1009 1528 aliquid
1037 1484 1081 1518 ab
1109 1484 1244 1518 editore
1270 1483 1476 1529 suppletum
1504 1483 1563 1518 vel
1590 1483 1749 1518 additum
1777 1495 1874 1524 esse;

340 1540 438 1585 typis
473 1539 630 1573 latius
666 1538 950 1583 dispositis,
987 1537 1169 1572 Canisium
1206 1537 1343 1572 aliosve
1379 1549 1447 1571 non
1474 1538 1560 1578 suis,
1595 1538 1658 1572 sed
1693 1537 1807 1583 ipsius
1833 1537 1964 1573 Sacrae

197 1595 405 1640 Scripturae
431 1593 552 1627 verbis
578 1592 684 1637 loqui.

203 1687 517 1732 „Autographum“
541 1701 585 1716 Ξ
604 1686 696 1731 quod
724 1688 849 1720 auctor
874 1697 940 1720 sua
965 1697 1073 1719 manu
1100 1685 1264 1729 scripsit.-

203 1741 489 1786 „Archetypum“
513 1755 555 1770 Ξ
576 1741 667 1785 quod
696 1743 842 1774 auctore
868 1739 1028 1773 dictante
1056 1739 1112 1772 vel
1140 1739 1332 1772 mandante
1359 1738 1531 1783 scriptum
1559 1740 1625 1772 est.

203 1794 543 1838 „commentarium
570 1808 610 1822 Ξ
630 1793 815 1838 scriptum,
851 1804 920 1837 quo
947 1791 1101 1837 epistula
1128 1792 1185 1826 vel
1220 1792 1334 1826 oratio
1367 1803 1471 1826 sacra
1497 1794 1563 1826 etc.
1592 1791 1746 1836 primum
1783 1794 1838 1826 est
1863 1803 1965 1837 prae·

340 1850 466 1893 parata
493 1847 550 1881 vel
578 1847 790 1881 adumbrata
818 1847 1007 1891 (Konzept,
1035 1845 1222 1887 brouillon,
1249 1846 1416 1886 minuta).

205 1902 426 1944 „Librarius“
447 1901 502 1935 vel
524 1901 713 1945 „scriptor“
735 1915 776 1929 Ξ
797 1900 858 1945 qui
877 1899 1068 1944 epistulam
1088 1901 1155 1933 etc.
1176 1898 1234 1933 vel
1253 1899 1410 1933 auctoris
1429 1899 1600 1933 mandatu
1620 1898 1790 1933 eodemve
1809 1898 1967 1933 dictante

341 1955 496 2000 scripsit,
530 1954 588 1988 vel
622 1966 667 1988 ex
702 1953 937 1998 autographo,
974 1953 1171 1998 archetypo
1198 1956 1265 1987 etc.
1292 1952 1522 1997 transcripsit
1558 1951 1802 1996 (secretarius,
1838 1952 1967 1993 scriba,

342 2009 510 2053 copista).

201 2063 238 2096 20
258 2076 300 2092 Ξ
320 2063 355 2096 in
382 2061 485 2102 folio;
523 2062 601 2103 5⁰l0
622 2075 664 2090 Ξ
685 2060 841 2105 quinque
868 2072 931 2106 pro
957 2063 1112 2101 centum,
1148 2060 1247 2104 quini
1277 2072 1339 2105 pro
1366 2059 1528 2094 centenis
1555 2059 1716 2102 (florenis
1742 2060 1846 2103 etc.);
1875 2060 1894 2100 †
1923 2073 1966 2089 Ξ

344 2117 525 2155 mortuus;
554 2116 594 2156 ὣ,
622 2117 664 2146 612*
684 2129 725 2143 Ξ
747 2117 792 2148 et.

344 2191 459 2226 Notae
485 2192 662 2236 quaedam
689 2202 709 2225 a
737 2183 881 2225 Canisio
907 2189 1058 2234 aliisque
1085 2190 1129 2224 ad
1156 2189 1339 2235 complura
1366 2201 1480 2234 eaque
1510 2189 1600 2224 satis
1627 2189 1770 2224 diversa
1796 2188 1971 2223 vocabula.

201 2245 438 2288 significanda
464 2247 662 2290 ponuntur;
699 2247 868 2285 attamen,
897 2243 980 2288 quid
1008 2243 1162 2287 singulis
1189 2243 1276 2278 locis
1303 2243 1537 2287 significetur,
1574 2255 1619 2277 ex
1647 2244 1725 2288 ipsa
1751 2243 1910 2277 oratione
1936 2244 1973 2276 et

202 2298 356 2332 maxime
375 2310 419 2332 ex
440 2298 570 2340 verbis,
598 2309 690 2342 quae
710 2301 814 2332 notas
840 2297 922 2332 illas
948 2297 1110 2342 proxime
1128 2300 1203 2331 tum
1224 2296 1447 2337 antecedent,
1474 2298 1548 2330 tum
1576 2298 1782 2340 sequentur,
1810 2295 1971 2340 dignosci

202 2351 341 2395 poterit.
372 2351 543 2386 Similiter
563 2351 803 2395 intellegetur,
823 2354 943 2385 utrum
960 2363 989 2384 v.
1005 2362 1038 2394 g.
1055 2352 1138 2384 uota
1157 2350 1236 2392 „P.“
1255 2350 1479 2393 significetur
1496 2350 1642 2392 „Pater“
1662 2361 1706 2383 an
1726 2349 1886 2391 „Patris“
1903 2351 1971 2384 etc.

204 2404 281 2439 Hoc
307 2408 425 2439 autem
455 2405 530 2439 loco
552 2405 727 2439 vocabula
754 2404 829 2439 fere
855 2404 930 2439 solo
957 2415 1053 2445 casu,
1082 2415 1187 2448 quem
1210 2414 1392 2443 vocamuS‚
1419 2405 1517 2437 recto
1544 2406 1730 2447 ponentur.

204 2510 244 2544 A.
266 2524 307 2538 Ξ
327 2510 483 2552 Altezza,
511 2513 647 2544 Annus.
1085 2511 1087 2524 ¹
1107 2511 1206 2545 Arm.
1226 2523 1269 2538 Ξ
1289 2509 1505 2543 Armarium.

206 2575 236 2597 a.
257 2578 299 2592 Ξ
319 2575 443 2605 annus,
471 2564 655 2598 articulus.
1108 2567 1174 2599 art.
1195 2578 1237 2592 Ξ
1258 2562 1443 2597 articulus.

205 2615 286 2649 Abt.
307 2631 349 2645 Ξ
369 2617 575 2660 Abteilung.
1110 2617 1201 2651 Aufl.
1221 2630 1264 2645 Ξ
1286 2615 1441 2659 Auflage

205 2670 274 2703 Act
293 2684 335 2698 Ξ
356 2670 470 2703 Actus
489 2670 752 2714 Apostolorum.
1109 2674 1191 2712 aut„
1211 2672 1352 2713 autogr.
1371 2683 1413 2698 Ξ
1430 2668 1704 2714 autographum,
1717 2668 1972 2714 autographus.

205 2722 296 2763 adn„
324 2723 442 2757 adnot.
462 2737 504 2750 Ξ
523 2724 704 2758 adnotatio

208 2775 297 2809 Λᾶν.
319 2790 361 2804 Ξ
381 2776 580 2811 Adventus.
1087 2791 1088 2794 ¹
1111 2777 1160 2818 B„
1188 2777 1219 2812 b.
1241 2791 1283 2806 Ξ
1303 2777 1440 2811 beatus.

207 2829 297 2863 Ann.
319 2843 360 2857 Ξ
383 2828 549 2863 Annales.
1087 2825 1089 2835 .
1110 2831 1148 2864 B.
1169 2830 1216 2864 M.
1239 2830 1279 2865 V.
1301 2844 1342 2859 Ξ
1365 2830 1477 2864 Beata
1503 2829 1619 2863 Maria
1640 2828 1762 2873 Virgo.

208 2893 262 2926 ap.
285 2897 325 2911 Ξ
346 2883 601 2927 apographum,
629 2883 856 2928 apostolicus.
1111 2884 1149 2918 B.
1169 2883 1210 2917 V.
1233 2898 1275 2913 Ξ
1297 2884 1408 2917 Beata
1426 2883 1548 2926 Virgo,
1578 2883 1767 2917 Beatitudo
1786 2882 1928 2918 Vestra.

209 2935 296 2979 Ape,
330 2936 439 2980 Apoc.
466 2951 507 2965 Ξ
535 2936 773 2982 Apocalypsis
800 2937 900 2972 Beati
932 2937 1091 2982 loannisJ
1113 2938 1213 2982 Bapt.
1236 2951 1278 2966 Ξ
1300 2936 1496 2981 Bapstlich.

256 2988 429 3033 Apostoli.
1090 3028 1091 3039 ¹
1112 2991 1173 3025 Bd.
1196 3005 1238 3019 Ξ
1258 2990 1369 3024 Band.

211 3053 330 3086 apogr.
353 3057 394 3071 Ξ
414 3042 669 3086 apographum
1090 3050 1091 3065 l
1114 3044 1196 3079 Bde.
1217 3058 1258 3073 Ξ
1280 3043 1411 3077 Βὲὶηάθ.

212 3097 300 3139 App.
322 3110 363 3124 Ξ
384 3095 585 3140 Appendix.
1111 3097 1229 3132 bearb.
1250 3111 1293 3126 Ξ
1312 3096 1521 3131 bearbeitet.

213 3148 320 3189 areli„
347 3149 480 3183 archet.
502 3163 543 3178 Ξ
566 3149 812 3195 archetypum.
1114 3150 1202 3184 bibl.
1223 3165 1266 3179 Ξ
1286 3149 1546 3194 Bibliotheque.
