<?xml version="1.0" encoding="UTF-8"?>
<!DOCTYPE html PUBLIC "-//W3C//DTD XHTML 1.0 Transitional//EN"
    "http://www.w3.org/TR/xhtml1/DTD/xhtml1-transitional.dtd">
<html xmlns="http://www.w3.org/1999/xhtml" xml:lang="en" lang="en">
 <head>
  <title>
</title>
<meta http-equiv="Content-Type" content="text/html;charset=utf-8" />
  <meta name='ocr-system' content='tesseract 3.04.00' />
  <meta name='ocr-capabilities' content='ocr_page ocr_carea ocr_par ocr_line ocrx_word'/>
</head>
<body>
  <div class='ocr_page' id='page_1' title='image "beatipetricanisi07cani_0886.png"; bbox 0 0 2051 3433; ppageno 0'>
   <div class='ocr_carea' id='block_1_1' title="bbox 202 144 1508 189">
    <p class='ocr_par' dir='ltr' id='par_1_1' title="bbox 202 144 1508 189">
     <span class='ocr_line' id='line_1_1' title="bbox 202 144 1508 189; baseline -0.004 -4"><span class='ocrx_word' id='word_1_1' title='bbox 202 145 285 185; x_wconf 82' lang='grc'>792</span> <span class='ocrx_word' id='word_1_2' title='bbox 661 144 756 177; x_wconf 81' lang='lat' dir='ltr'>Mon.</span> <span class='ocrx_word' id='word_1_3' title='bbox 783 144 886 178; x_wconf 76' lang='lat'>1227.</span> <span class='ocrx_word' id='word_1_4' title='bbox 929 144 961 178; x_wconf 85' lang='lat'>8.</span> <span class='ocrx_word' id='word_1_5' title='bbox 981 144 1104 178; x_wconf 81' lang='lat' dir='ltr'>Martii</span> <span class='ocrx_word' id='word_1_6' title='bbox 1131 146 1167 178; x_wconf 86' lang='lat' dir='ltr'>et</span> <span class='ocrx_word' id='word_1_7' title='bbox 1194 146 1225 179; x_wconf 89' lang='lat'>5.</span> <span class='ocrx_word' id='word_1_8' title='bbox 1244 145 1379 189; x_wconf 86' lang='lat' dir='ltr'>Aprilis</span> <span class='ocrx_word' id='word_1_9' title='bbox 1407 146 1508 180; x_wconf 82' lang='lat'>1578.</span> 
     </span>
    </p>
   </div>
   <div class='ocr_carea' id='block_1_2' title="bbox 198 260 1973 892">
    <p class='ocr_par' dir='ltr' id='par_1_2' title="bbox 198 260 1973 892">
     <span class='ocr_line' id='line_1_2' title="bbox 198 260 1968 318; baseline 0.003 -16"><span class='ocrx_word' id='word_1_10' title='bbox 198 260 398 304; x_wconf 88' lang='lat' dir='ltr'>lasticum</span> <span class='ocrx_word' id='word_1_11' title='bbox 415 263 428 288; x_wconf 85' lang='lat'><strong>1</strong></span> <span class='ocrx_word' id='word_1_12' title='bbox 460 261 579 302; x_wconf 88' lang='lat' dir='ltr'>illum</span> <span class='ocrx_word' id='word_1_13' title='bbox 602 260 919 314; x_wconf 76' lang='lat' dir='ltr'>improbissime</span> <span class='ocrx_word' id='word_1_14' title='bbox 940 262 1120 312; x_wconf 89' lang='lat' dir='ltr'>uersari,</span> <span class='ocrx_word' id='word_1_15' title='bbox 1155 262 1383 315; x_wconf 82' lang='lat' dir='ltr'>omniaque</span> <span class='ocrx_word' id='word_1_16' title='bbox 1405 263 1599 314; x_wconf 86' lang='lat' dir='ltr'>miscere,</span> <span class='ocrx_word' id='word_1_17' title='bbox 1634 267 1679 306; x_wconf 89' lang='lat' dir='ltr'>et</span> <span class='ocrx_word' id='word_1_18' title='bbox 1700 265 1968 318; x_wconf 86' lang='lat' dir='ltr'>perturbare,</span> 
     </span>
     <span class='ocr_line' id='line_1_3' title="bbox 200 326 1968 381; baseline 0.002 -14"><span class='ocrx_word' id='word_1_19' title='bbox 200 326 527 379; x_wconf 75' lang='lat' dir='ltr'>ostendistique,</span> <span class='ocrx_word' id='word_1_20' title='bbox 562 328 832 379; x_wconf 80' lang='lat' dir='ltr'>quantopere</span> <span class='ocrx_word' id='word_1_21' title='bbox 855 327 1085 368; x_wconf 89' lang='lat' dir='ltr'>conueniat</span> <span class='ocrx_word' id='word_1_22' title='bbox 1117 327 1349 381; x_wconf 88' lang='lat' dir='ltr'>prouideri,</span> <span class='ocrx_word' id='word_1_23' title='bbox 1384 331 1516 381; x_wconf 88' lang='lat' dir='ltr'>atque</span> <span class='ocrx_word' id='word_1_24' title='bbox 1538 329 1722 371; x_wconf 89' lang='lat' dir='ltr'>hominis</span> <span class='ocrx_word' id='word_1_25' title='bbox 1746 330 1968 372; x_wconf 79' lang='lat' dir='ltr'>audaciam</span> 
     </span>
     <span class='ocr_line' id='line_1_4' title="bbox 198 390 1973 447; baseline 0.002 -15"><span class='ocrx_word' id='word_1_26' title='bbox 198 391 356 444; x_wconf 85' lang='lat' dir='ltr'>frangi,</span> <span class='ocrx_word' id='word_1_27' title='bbox 390 391 691 432; x_wconf 85' lang='lat' dir='ltr'>mandauimus</span> <span class='ocrx_word' id='word_1_28' title='bbox 714 390 898 442; x_wconf 87' lang='lat' dir='ltr'>CanisiO,</span> <span class='ocrx_word' id='word_1_29' title='bbox 933 391 1034 445; x_wconf 90' lang='lat' dir='ltr'>quid</span> <span class='ocrx_word' id='word_1_30' title='bbox 1067 405 1198 445; x_wconf 90' lang='lat' dir='ltr'>agere</span> <span class='ocrx_word' id='word_1_31' title='bbox 1232 392 1401 435; x_wconf 88' lang='lat' dir='ltr'>debeat.</span> <span class='ocrx_word' id='word_1_32' title='bbox 1455 394 1608 447; x_wconf 71' lang='lat' dir='ltr'>‚Jpsum</span> <span class='ocrx_word' id='word_1_33' title='bbox 1632 393 1765 447; x_wconf 89' lang='lat' dir='ltr'>igitur</span> <span class='ocrx_word' id='word_1_34' title='bbox 1786 395 1973 438; x_wconf 83' lang='lat' dir='ltr'>libenter</span> 
     </span>
     <span class='ocr_line' id='line_1_5' title="bbox 200 455 1970 512; baseline 0.002 -15"><span class='ocrx_word' id='word_1_35' title='bbox 200 455 377 506; x_wconf 91' lang='lat' dir='ltr'>uidebis,</span> <span class='ocrx_word' id='word_1_36' title='bbox 412 458 545 509; x_wconf 86' lang='lat' dir='ltr'>atque</span> <span class='ocrx_word' id='word_1_37' title='bbox 578 455 741 506; x_wconf 90' lang='lat' dir='ltr'>audies,</span> <span class='ocrx_word' id='word_1_38' title='bbox 777 470 1034 510; x_wconf 88' lang='lat' dir='ltr'>omnemque</span> <span class='ocrx_word' id='word_1_39' title='bbox 1062 457 1102 498; x_wconf 90' lang='lat' dir='ltr'>ei</span> <span class='ocrx_word' id='word_1_40' title='bbox 1133 458 1259 499; x_wconf 91' lang='lat' dir='ltr'>fidem</span> <span class='ocrx_word' id='word_1_41' title='bbox 1293 458 1480 508; x_wconf 76' lang='lat' dir='ltr'>tribues3</span> <span class='ocrx_word' id='word_1_42' title='bbox 1515 463 1767 512; x_wconf 86' lang='lat' dir='ltr'>certumque</span> <span class='ocrx_word' id='word_1_43' title='bbox 1799 459 1970 510; x_wconf 88' lang='lat' dir='ltr'>habeto,</span> 
     </span>
     <span class='ocr_line' id='line_1_6' title="bbox 198 521 1970 578; baseline 0.002 -15"><span class='ocrx_word' id='word_1_44' title='bbox 198 523 256 571; x_wconf 87' lang='lat' dir='ltr'>te,</span> <span class='ocrx_word' id='word_1_45' title='bbox 291 521 583 574; x_wconf 81' lang='lat' dir='ltr'>ditionemque</span> <span class='ocrx_word' id='word_1_46' title='bbox 615 524 737 564; x_wconf 90' lang='lat' dir='ltr'>tuam</span> <span class='ocrx_word' id='word_1_47' title='bbox 772 535 941 564; x_wconf 92' lang='lat' dir='ltr'>omnem</span> <span class='ocrx_word' id='word_1_48' title='bbox 975 522 1113 564; x_wconf 88' lang='lat' dir='ltr'>Nobis</span> <span class='ocrx_word' id='word_1_49' title='bbox 1146 536 1419 577; x_wconf 85' lang='lat' dir='ltr'>summopere</span> <span class='ocrx_word' id='word_1_50' title='bbox 1453 524 1571 565; x_wconf 90' lang='lat' dir='ltr'>cordi</span> <span class='ocrx_word' id='word_1_51' title='bbox 1594 538 1702 575; x_wconf 87' lang='lat' dir='ltr'>esse,</span> <span class='ocrx_word' id='word_1_52' title='bbox 1737 538 1815 566; x_wconf 89' lang='lat' dir='ltr'>nec</span> <span class='ocrx_word' id='word_1_53' title='bbox 1848 525 1970 578; x_wconf 92' lang='lat' dir='ltr'>quid-</span> 
     </span>
     <span class='ocr_line' id='line_1_7' title="bbox 199 586 1972 643; baseline 0.003 -16"><span class='ocrx_word' id='word_1_54' title='bbox 199 600 326 639; x_wconf 90' lang='lat' dir='ltr'>quam</span> <span class='ocrx_word' id='word_1_55' title='bbox 368 586 508 640; x_wconf 90' lang='lat' dir='ltr'>magis</span> <span class='ocrx_word' id='word_1_56' title='bbox 550 601 706 640; x_wconf 91' lang='lat' dir='ltr'>cupere</span> <span class='ocrx_word' id='word_1_57' title='bbox 739 587 845 637; x_wconf 90' lang='lat' dir='ltr'>Nos,</span> <span class='ocrx_word' id='word_1_58' title='bbox 889 601 1018 640; x_wconf 90' lang='lat' dir='ltr'>quam</span> <span class='ocrx_word' id='word_1_59' title='bbox 1052 590 1246 630; x_wconf 88' lang='lat' dir='ltr'>nostram</span> <span class='ocrx_word' id='word_1_60' title='bbox 1287 589 1651 642; x_wconf 84' lang='lat' dir='ltr'>perfectissimam</span> <span class='ocrx_word' id='word_1_61' title='bbox 1685 603 1791 643; x_wconf 90' lang='lat' dir='ltr'>erga</span> <span class='ocrx_word' id='word_1_62' title='bbox 1823 604 1972 632; x_wconf 89' lang='lat' dir='ltr'>omnes</span> 
     </span>
     <span class='ocr_line' id='line_1_8' title="bbox 198 651 1972 706; baseline 0.003 -14"><span class='ocrx_word' id='word_1_63' title='bbox 198 651 469 693; x_wconf 88' lang='lat' dir='ltr'>uoluntatem</span> <span class='ocrx_word' id='word_1_64' title='bbox 504 652 830 705; x_wconf 84' lang='lat' dir='ltr'>quibuscunque</span> <span class='ocrx_word' id='word_1_65' title='bbox 863 653 992 694; x_wconf 90' lang='lat' dir='ltr'>rebus</span> <span class='ocrx_word' id='word_1_66' title='bbox 1024 667 1266 706; x_wconf 82' lang='lat' dir='ltr'>possumuS‚</span> <span class='ocrx_word' id='word_1_67' title='bbox 1310 653 1546 697; x_wconf 87' lang='lat' dir='ltr'>declarare.</span> <span class='ocrx_word' id='word_1_68' title='bbox 1611 655 1772 696; x_wconf 87' lang='lat' dir='ltr'>Datum</span> <span class='ocrx_word' id='word_1_69' title='bbox 1806 655 1972 697; x_wconf 86' lang='lat' dir='ltr'>Romae</span> 
     </span>
     <span class='ocr_line' id='line_1_9' title="bbox 199 716 1972 774; baseline 0.002 -16"><span class='ocrx_word' id='word_1_70' title='bbox 199 716 311 770; x_wconf 90' lang='lat' dir='ltr'>apud</span> <span class='ocrx_word' id='word_1_71' title='bbox 361 716 567 759; x_wconf 87' lang='lat' dir='ltr'>Sanctum</span> <span class='ocrx_word' id='word_1_72' title='bbox 616 717 793 759; x_wconf 87' lang='lat' dir='ltr'>Petrum</span> <span class='ocrx_word' id='word_1_73' title='bbox 848 718 926 759; x_wconf 86' lang='lat' dir='ltr'>sub</span> <span class='ocrx_word' id='word_1_74' title='bbox 975 718 1147 759; x_wconf 89' lang='lat' dir='ltr'>Annulo</span> <span class='ocrx_word' id='word_1_75' title='bbox 1202 718 1438 761; x_wconf 89' lang='lat' dir='ltr'>Piscatoris</span> <span class='ocrx_word' id='word_1_76' title='bbox 1492 719 1560 761; x_wconf 92' lang='lat' dir='ltr'>die</span> <span class='ocrx_word' id='word_1_77' title='bbox 1612 719 1764 773; x_wconf 89' lang='lat' dir='ltr'>quinta</span> <span class='ocrx_word' id='word_1_78' title='bbox 1810 719 1972 774; x_wconf 87' lang='lat' dir='ltr'>Aprilis</span> 
     </span>
     <span class='ocr_line' id='line_1_10' title="bbox 198 782 1399 834; baseline 0.002 -11"><span class='ocrx_word' id='word_1_79' title='bbox 198 782 520 834; x_wconf 88' lang='lat' dir='ltr'>MDLXXVIIJ.</span> <span class='ocrx_word' id='word_1_80' title='bbox 585 782 869 826; x_wconf 88' lang='lat' dir='ltr'>Pontificatus</span> <span class='ocrx_word' id='word_1_81' title='bbox 902 783 1057 826; x_wconf 83' lang='lat' dir='ltr'>Nostri</span> <span class='ocrx_word' id='word_1_82' title='bbox 1089 783 1216 824; x_wconf 90' lang='lat' dir='ltr'>Anno</span> <span class='ocrx_word' id='word_1_83' title='bbox 1251 784 1399 826; x_wconf 84' lang='lat' dir='ltr'>Sexto.</span> 
     </span>
     <span class='ocr_line' id='line_1_11' title="bbox 317 846 1705 892; baseline 0.002 -4"><span class='ocrx_word' id='word_1_84' title='bbox 317 846 484 889; x_wconf 89' lang='lat' dir='ltr'>Dilecto</span> <span class='ocrx_word' id='word_1_85' title='bbox 518 847 604 888; x_wconf 90' lang='lat' dir='ltr'>filio</span> <span class='ocrx_word' id='word_1_86' title='bbox 637 847 785 889; x_wconf 89' lang='lat' dir='ltr'>Nobili</span> <span class='ocrx_word' id='word_1_87' title='bbox 818 848 910 890; x_wconf 91' lang='lat' dir='ltr'>uiro</span> <span class='ocrx_word' id='word_1_88' title='bbox 946 848 1158 890; x_wconf 84' lang='lat' dir='ltr'>Gulielmo</span> <span class='ocrx_word' id='word_1_89' title='bbox 1191 848 1335 890; x_wconf 85' lang='lat' dir='ltr'>Juliae</span> <span class='ocrx_word' id='word_1_90' title='bbox 1368 848 1529 891; x_wconf 87' lang='lat' dir='ltr'>Cliuiae</span> <span class='ocrx_word' id='word_1_91' title='bbox 1562 849 1705 892; x_wconf 54' lang='lat' dir='ltr'>Ducia.</span> 
     </span>
    </p>
   </div>
   <div class='ocr_carea' id='block_1_3' title="bbox 199 930 1331 984">
    <p class='ocr_par' dir='ltr' id='par_1_3' title="bbox 199 930 1331 984">
     <span class='ocr_line' id='line_1_12' title="bbox 199 930 1331 984; baseline 0.003 -15"><span class='ocrx_word' id='word_1_92' title='bbox 199 930 237 970; x_wconf 81' lang='lat'>2.</span> <span class='ocrx_word' id='word_1_93' title='bbox 840 930 1076 984; x_wconf 84' lang='lat' dir='ltr'>Gregorius</span> <span class='ocrx_word' id='word_1_94' title='bbox 1109 930 1191 974; x_wconf 85' lang='lat' dir='ltr'>PP.</span> <span class='ocrx_word' id='word_1_95' title='bbox 1216 930 1331 983; x_wconf 85' lang='lat' dir='ltr'>XIIJ.</span> 
     </span>
    </p>
   </div>
   <div class='ocr_carea' id='block_1_4' title="bbox 197 999 1975 2551">
    <p class='ocr_par' dir='ltr' id='par_1_4' title="bbox 197 999 1975 1839">
     <span class='ocr_line' id='line_1_13' title="bbox 316 999 1971 1056; baseline 0.002 -15"><span class='ocrx_word' id='word_1_96' title='bbox 316 999 486 1043; x_wconf 89' lang='lat' dir='ltr'>Dilecte</span> <span class='ocrx_word' id='word_1_97' title='bbox 526 1001 586 1042; x_wconf 92' lang='lat' dir='ltr'>fili</span> <span class='ocrx_word' id='word_1_98' title='bbox 617 1000 788 1043; x_wconf 89' lang='lat' dir='ltr'>Nobilis</span> <span class='ocrx_word' id='word_1_99' title='bbox 829 1001 895 1043; x_wconf 91' lang='lat' dir='ltr'>uir</span> <span class='ocrx_word' id='word_1_100' title='bbox 938 1002 1145 1052; x_wconf 84' lang='lat' dir='ltr'>Salutem,</span> <span class='ocrx_word' id='word_1_101' title='bbox 1190 1005 1234 1044; x_wconf 90' lang='lat' dir='ltr'>et</span> <span class='ocrx_word' id='word_1_102' title='bbox 1271 1002 1570 1056; x_wconf 87' lang='lat' dir='ltr'>Apostolicam</span> <span class='ocrx_word' id='word_1_103' title='bbox 1614 1002 1971 1045; x_wconf 83' lang='lat' dir='ltr'>benedictionem.</span> 
     </span>
     <span class='ocr_line' id='line_1_14' title="bbox 197 1064 1975 1121; baseline 0.002 -15"><span class='ocrx_word' id='word_1_104' title='bbox 197 1064 406 1107; x_wconf 86' lang='lat' dir='ltr'>Nostram</span> <span class='ocrx_word' id='word_1_105' title='bbox 439 1065 492 1107; x_wconf 91' lang='lat' dir='ltr'>de</span> <span class='ocrx_word' id='word_1_106' title='bbox 523 1068 601 1108; x_wconf 89' lang='lat' dir='ltr'>tua</span> <span class='ocrx_word' id='word_1_107' title='bbox 632 1066 797 1109; x_wconf 89' lang='lat' dir='ltr'>uirtute</span> <span class='ocrx_word' id='word_1_108' title='bbox 829 1080 951 1121; x_wconf 89' lang='lat' dir='ltr'>spem</span> <span class='ocrx_word' id='word_1_109' title='bbox 983 1066 1340 1120; x_wconf 87' lang='lat' dir='ltr'>grauissimorum</span> <span class='ocrx_word' id='word_1_110' title='bbox 1374 1067 1593 1109; x_wconf 91' lang='lat' dir='ltr'>hominum</span> <span class='ocrx_word' id='word_1_111' title='bbox 1626 1067 1889 1118; x_wconf 89' lang='lat' dir='ltr'>testimonio,</span> <span class='ocrx_word' id='word_1_112' title='bbox 1928 1071 1975 1111; x_wconf 89' lang='lat' dir='ltr'>et</span> 
     </span>
     <span class='ocr_line' id='line_1_15' title="bbox 198 1130 1970 1186; baseline 0.002 -15"><span class='ocrx_word' id='word_1_113' title='bbox 198 1130 521 1183; x_wconf 87' lang='lat' dir='ltr'>praedicatione</span> <span class='ocrx_word' id='word_1_114' title='bbox 543 1130 586 1172; x_wconf 91' lang='lat' dir='ltr'>in</span> <span class='ocrx_word' id='word_1_115' title='bbox 605 1131 696 1173; x_wconf 90' lang='lat' dir='ltr'>dies</span> <span class='ocrx_word' id='word_1_116' title='bbox 714 1131 867 1185; x_wconf 82' lang='lat' dir='ltr'>magis,</span> <span class='ocrx_word' id='word_1_117' title='bbox 891 1146 942 1174; x_wconf 90' lang='lat' dir='ltr'>ac</span> <span class='ocrx_word' id='word_1_118' title='bbox 964 1131 1104 1185; x_wconf 91' lang='lat' dir='ltr'>magis</span> <span class='ocrx_word' id='word_1_119' title='bbox 1123 1132 1369 1174; x_wconf 88' lang='lat' dir='ltr'>confirmari</span> <span class='ocrx_word' id='word_1_120' title='bbox 1386 1131 1697 1175; x_wconf 85' lang='lat' dir='ltr'>incredibiliter</span> <span class='ocrx_word' id='word_1_121' title='bbox 1718 1133 1970 1186; x_wconf 84' lang='lat' dir='ltr'>gaudemus.</span> 
     </span>
     <span class='ocr_line' id='line_1_16' title="bbox 197 1195 1973 1251; baseline 0.002 -16"><span class='ocrx_word' id='word_1_122' title='bbox 197 1195 359 1248; x_wconf 83' lang='lat' dir='ltr'>Jtaque</span> <span class='ocrx_word' id='word_1_123' title='bbox 399 1196 683 1239; x_wconf 87' lang='lat' dir='ltr'>libentissime</span> <span class='ocrx_word' id='word_1_124' title='bbox 726 1197 916 1251; x_wconf 83' lang='lat' dir='ltr'>amplexi</span> <span class='ocrx_word' id='word_1_125' title='bbox 958 1211 1106 1239; x_wconf 89' lang='lat' dir='ltr'>sumus</span> <span class='ocrx_word' id='word_1_126' title='bbox 1146 1197 1258 1239; x_wconf 89' lang='lat' dir='ltr'>hanc</span> <span class='ocrx_word' id='word_1_127' title='bbox 1291 1197 1632 1251; x_wconf 90' lang='lat' dir='ltr'>oportunitatem</span> <span class='ocrx_word' id='word_1_128' title='bbox 1666 1198 1885 1239; x_wconf 85' lang='lat' dir='ltr'>&#39;scribendi</span> <span class='ocrx_word' id='word_1_129' title='bbox 1918 1198 1973 1240; x_wconf 89' lang='lat' dir='ltr'>ad</span> 
     </span>
     <span class='ocr_line' id='line_1_17' title="bbox 197 1259 1972 1316; baseline 0.002 -14"><span class='ocrx_word' id='word_1_130' title='bbox 197 1259 484 1303; x_wconf 87' lang='lat' dir='ltr'>Nobilitatem</span> <span class='ocrx_word' id='word_1_131' title='bbox 529 1262 667 1304; x_wconf 87' lang='lat' dir='ltr'>Tuam</span> <span class='ocrx_word' id='word_1_132' title='bbox 709 1276 787 1316; x_wconf 92' lang='lat' dir='ltr'>per</span> <span class='ocrx_word' id='word_1_133' title='bbox 828 1263 1033 1305; x_wconf 89' lang='lat' dir='ltr'>dilectum</span> <span class='ocrx_word' id='word_1_134' title='bbox 1078 1262 1211 1304; x_wconf 91' lang='lat' dir='ltr'>filium</span> <span class='ocrx_word' id='word_1_135' title='bbox 1258 1262 1433 1305; x_wconf 88' lang='lat' dir='ltr'>Petrum</span> <span class='ocrx_word' id='word_1_136' title='bbox 1479 1262 1695 1304; x_wconf 87' lang='lat' dir='ltr'>Canisium</span> <span class='ocrx_word' id='word_1_137' title='bbox 1741 1263 1972 1314; x_wconf 86' lang='lat' dir='ltr'>Jesuitam,</span> 
     </span>
     <span class='ocr_line' id='line_1_18' title="bbox 198 1325 1972 1382; baseline 0.002 -16"><span class='ocrx_word' id='word_1_138' title='bbox 198 1325 337 1367; x_wconf 92' lang='lat' dir='ltr'>uirum</span> <span class='ocrx_word' id='word_1_139' title='bbox 380 1326 590 1377; x_wconf 89' lang='lat' dir='ltr'>doctrina,</span> <span class='ocrx_word' id='word_1_140' title='bbox 635 1328 733 1378; x_wconf 88' lang='lat' dir='ltr'>fide,</span> <span class='ocrx_word' id='word_1_141' title='bbox 778 1328 1035 1381; x_wconf 86' lang='lat' dir='ltr'>integritate</span> <span class='ocrx_word' id='word_1_142' title='bbox 1077 1328 1413 1382; x_wconf 88' lang='lat' dir='ltr'>spectatissima.</span> <span class='ocrx_word' id='word_1_143' title='bbox 1487 1327 1608 1377; x_wconf 85' lang='lat' dir='ltr'>Quod</span> <span class='ocrx_word' id='word_1_144' title='bbox 1649 1332 1694 1371; x_wconf 89' lang='lat' dir='ltr'>te</span> <span class='ocrx_word' id='word_1_145' title='bbox 1735 1328 1972 1378; x_wconf 88' lang='lat' dir='ltr'>hortemur,</span> 
     </span>
     <span class='ocr_line' id='line_1_19' title="bbox 198 1391 1972 1447; baseline 0.002 -15"><span class='ocrx_word' id='word_1_146' title='bbox 198 1392 246 1433; x_wconf 86' lang='lat' dir='ltr'>ut</span> <span class='ocrx_word' id='word_1_147' title='bbox 278 1391 464 1434; x_wconf 90' lang='lat' dir='ltr'>maiores</span> <span class='ocrx_word' id='word_1_148' title='bbox 495 1392 538 1434; x_wconf 92' lang='lat' dir='ltr'>in</span> <span class='ocrx_word' id='word_1_149' title='bbox 572 1392 662 1434; x_wconf 87' lang='lat' dir='ltr'>dies</span> <span class='ocrx_word' id='word_1_150' title='bbox 694 1393 738 1434; x_wconf 91' lang='lat' dir='ltr'>in</span> <span class='ocrx_word' id='word_1_151' title='bbox 770 1393 1005 1436; x_wconf 86' lang='lat' dir='ltr'>uirtutibus</span> <span class='ocrx_word' id='word_1_152' title='bbox 1046 1407 1275 1447; x_wconf 89' lang='lat' dir='ltr'>processus</span> <span class='ocrx_word' id='word_1_153' title='bbox 1308 1393 1487 1443; x_wconf 76' lang='lat' dir='ltr'>efficias,</span> <span class='ocrx_word' id='word_1_154' title='bbox 1530 1393 1636 1435; x_wconf 89' lang='lat' dir='ltr'>nihil</span> <span class='ocrx_word' id='word_1_155' title='bbox 1669 1396 1749 1444; x_wconf 88' lang='lat' dir='ltr'>est,</span> <span class='ocrx_word' id='word_1_156' title='bbox 1783 1393 1826 1435; x_wconf 85' lang='lat' dir='ltr'>id</span> <span class='ocrx_word' id='word_1_157' title='bbox 1860 1394 1972 1435; x_wconf 90' lang='lat' dir='ltr'>enim</span> 
     </span>
     <span class='ocr_line' id='line_1_20' title="bbox 198 1456 1975 1513; baseline 0.002 -16"><span class='ocrx_word' id='word_1_158' title='bbox 198 1456 401 1500; x_wconf 78' lang='lat' dir='ltr'>conuenit</span> <span class='ocrx_word' id='word_1_159' title='bbox 426 1458 716 1511; x_wconf 86' lang='lat' dir='ltr'>magnitudini</span> <span class='ocrx_word' id='word_1_160' title='bbox 748 1459 879 1500; x_wconf 89' lang='lat' dir='ltr'>animi</span> <span class='ocrx_word' id='word_1_161' title='bbox 912 1459 989 1509; x_wconf 89' lang='lat' dir='ltr'>tui,</span> <span class='ocrx_word' id='word_1_162' title='bbox 1023 1461 1348 1513; x_wconf 89' lang='lat' dir='ltr'>perpetuaeque</span> <span class='ocrx_word' id='word_1_163' title='bbox 1382 1458 1650 1500; x_wconf 88' lang='lat' dir='ltr'>clarissimae</span> <span class='ocrx_word' id='word_1_164' title='bbox 1674 1459 1837 1500; x_wconf 90' lang='lat' dir='ltr'>Domus</span> <span class='ocrx_word' id='word_1_165' title='bbox 1870 1462 1975 1501; x_wconf 89' lang='lat' dir='ltr'>tuae</span> 
     </span>
     <span class='ocr_line' id='line_1_21' title="bbox 197 1521 1975 1578; baseline 0.002 -15"><span class='ocrx_word' id='word_1_166' title='bbox 197 1521 327 1564; x_wconf 87' lang='lat' dir='ltr'>laudi.</span> <span class='ocrx_word' id='word_1_167' title='bbox 391 1522 530 1577; x_wconf 85' lang='lat' dir='ltr'>Super</span> <span class='ocrx_word' id='word_1_168' title='bbox 570 1523 624 1578; x_wconf 86' lang='lat' dir='ltr'>ijs</span> <span class='ocrx_word' id='word_1_169' title='bbox 665 1537 782 1575; x_wconf 90' lang='lat' dir='ltr'>uero,</span> <span class='ocrx_word' id='word_1_170' title='bbox 826 1524 878 1566; x_wconf 90' lang='lat' dir='ltr'>de</span> <span class='ocrx_word' id='word_1_171' title='bbox 921 1524 1074 1577; x_wconf 90' lang='lat' dir='ltr'>quibus</span> <span class='ocrx_word' id='word_1_172' title='bbox 1108 1523 1304 1566; x_wconf 86' lang='lat' dir='ltr'>Canisius</span> <span class='ocrx_word' id='word_1_173' title='bbox 1337 1538 1432 1565; x_wconf 88' lang='lat' dir='ltr'>cum</span> <span class='ocrx_word' id='word_1_174' title='bbox 1467 1524 1559 1565; x_wconf 88' lang='lat' dir='ltr'>Tua</span> <span class='ocrx_word' id='word_1_175' title='bbox 1591 1523 1833 1566; x_wconf 90' lang='lat' dir='ltr'>Nobilitate</span> <span class='ocrx_word' id='word_1_176' title='bbox 1870 1527 1975 1578; x_wconf 88' lang='lat' dir='ltr'>aget</span> 
     </span>
     <span class='ocr_line' id='line_1_22' title="bbox 197 1587 1972 1642; baseline 0.001 -14"><span class='ocrx_word' id='word_1_177' title='bbox 197 1587 358 1629; x_wconf 89' lang='lat' dir='ltr'>nostris</span> <span class='ocrx_word' id='word_1_178' title='bbox 380 1588 537 1636; x_wconf 88' lang='lat' dir='ltr'>uerbis,</span> <span class='ocrx_word' id='word_1_179' title='bbox 572 1602 742 1630; x_wconf 91' lang='lat' dir='ltr'>omnem</span> <span class='ocrx_word' id='word_1_180' title='bbox 767 1589 805 1631; x_wconf 89' lang='lat' dir='ltr'>ei</span> <span class='ocrx_word' id='word_1_181' title='bbox 835 1589 963 1631; x_wconf 89' lang='lat' dir='ltr'>fidem</span> <span class='ocrx_word' id='word_1_182' title='bbox 996 1589 1161 1631; x_wconf 88' lang='lat' dir='ltr'>tribues</span> <span class='ocrx_word' id='word_1_183' title='bbox 1174 1591 1202 1632; x_wconf 85' lang='lat'>2.</span> <span class='ocrx_word' id='word_1_184' title='bbox 1256 1589 1418 1631; x_wconf 90' lang='lat' dir='ltr'>Datum</span> <span class='ocrx_word' id='word_1_185' title='bbox 1442 1589 1606 1630; x_wconf 82' lang='lat' dir='ltr'>Romae</span> <span class='ocrx_word' id='word_1_186' title='bbox 1630 1589 1743 1642; x_wconf 87' lang='lat' dir='ltr'>apud</span> <span class='ocrx_word' id='word_1_187' title='bbox 1768 1588 1972 1631; x_wconf 89' lang='lat' dir='ltr'>Sanctum</span> 
     </span>
     <span class='ocr_line' id='line_1_23' title="bbox 198 1651 1972 1708; baseline 0.002 -15"><span class='ocrx_word' id='word_1_188' title='bbox 198 1651 373 1694; x_wconf 89' lang='lat' dir='ltr'>Petrum</span> <span class='ocrx_word' id='word_1_189' title='bbox 407 1654 486 1695; x_wconf 91' lang='lat' dir='ltr'>sub</span> <span class='ocrx_word' id='word_1_190' title='bbox 519 1654 693 1696; x_wconf 92' lang='lat' dir='ltr'>Annulo</span> <span class='ocrx_word' id='word_1_191' title='bbox 726 1654 963 1697; x_wconf 88' lang='lat' dir='ltr'>Piscatoris</span> <span class='ocrx_word' id='word_1_192' title='bbox 995 1654 1064 1697; x_wconf 92' lang='lat' dir='ltr'>die</span> <span class='ocrx_word' id='word_1_193' title='bbox 1096 1654 1248 1708; x_wconf 90' lang='lat' dir='ltr'>quinta</span> <span class='ocrx_word' id='word_1_194' title='bbox 1270 1654 1445 1708; x_wconf 88' lang='lat' dir='ltr'>Aprilis.</span> <span class='ocrx_word' id='word_1_195' title='bbox 1470 1653 1793 1706; x_wconf 80' lang='lat' dir='ltr'>MDLXXVIIJ.</span> <span class='ocrx_word' id='word_1_196' title='bbox 1824 1654 1972 1697; x_wconf 89' lang='lat' dir='ltr'>Ponti-</span> 
     </span>
     <span class='ocr_line' id='line_1_24' title="bbox 197 1718 1974 1762; baseline 0.001 -4"><span class='ocrx_word' id='word_1_197' title='bbox 197 1718 352 1759; x_wconf 87' lang='lat' dir='ltr'>ficatus</span> <span class='ocrx_word' id='word_1_198' title='bbox 385 1718 537 1761; x_wconf 88' lang='lat' dir='ltr'>Nostri</span> <span class='ocrx_word' id='word_1_199' title='bbox 571 1721 696 1761; x_wconf 89' lang='lat' dir='ltr'>Anno</span> <span class='ocrx_word' id='word_1_200' title='bbox 731 1720 880 1762; x_wconf 83' lang='lat' dir='ltr'>Sexto.</span> <span class='ocrx_word' id='word_1_201' title='bbox 935 1719 1105 1762; x_wconf 86' lang='lat' dir='ltr'>Dilecto</span> <span class='ocrx_word' id='word_1_202' title='bbox 1138 1719 1225 1761; x_wconf 88' lang='lat' dir='ltr'>filio</span> <span class='ocrx_word' id='word_1_203' title='bbox 1258 1719 1405 1761; x_wconf 91' lang='lat' dir='ltr'>Nobili</span> <span class='ocrx_word' id='word_1_204' title='bbox 1437 1719 1530 1761; x_wconf 89' lang='lat' dir='ltr'>uiro</span> <span class='ocrx_word' id='word_1_205' title='bbox 1561 1719 1721 1761; x_wconf 83' lang='lat' dir='ltr'>Joanni</span> <span class='ocrx_word' id='word_1_206' title='bbox 1744 1718 1974 1761; x_wconf 90' lang='lat' dir='ltr'>Guilielmo</span> 
     </span>
     <span class='ocr_line' id='line_1_25' title="bbox 197 1782 774 1839; baseline 0.007 -16"><span class='ocrx_word' id='word_1_207' title='bbox 197 1782 342 1824; x_wconf 67' lang='lat' dir='ltr'>,Juliae</span> <span class='ocrx_word' id='word_1_208' title='bbox 376 1783 538 1826; x_wconf 84' lang='lat' dir='ltr'>Cliuiae</span> <span class='ocrx_word' id='word_1_209' title='bbox 571 1784 774 1839; x_wconf 88' lang='lat' dir='ltr'>Principi.</span> 
     </span>
    </p>

    <p class='ocr_par' dir='ltr' id='par_1_5' title="bbox 198 1858 1296 1903">
     <span class='ocr_line' id='line_1_26' title="bbox 198 1858 1296 1903; baseline 0.001 -11"><span class='ocrx_word' id='word_1_210' title='bbox 198 1858 230 1892; x_wconf 85' lang='lat'>3.</span> <span class='ocrx_word' id='word_1_211' title='bbox 878 1859 1076 1903; x_wconf 85' lang='lat' dir='ltr'>Gregorius</span> <span class='ocrx_word' id='word_1_212' title='bbox 1101 1859 1172 1894; x_wconf 84' lang='lat' dir='ltr'>PP.</span> <span class='ocrx_word' id='word_1_213' title='bbox 1200 1859 1296 1902; x_wconf 83' lang='lat' dir='ltr'>XHJ.</span> 
     </span>
    </p>

    <p class='ocr_par' dir='ltr' id='par_1_6' title="bbox 197 1917 1975 2551">
     <span class='ocr_line' id='line_1_27' title="bbox 318 1917 1972 1963; baseline -0.001 -11"><span class='ocrx_word' id='word_1_214' title='bbox 318 1918 457 1953; x_wconf 87' lang='lat' dir='ltr'>Dilecte</span> <span class='ocrx_word' id='word_1_215' title='bbox 482 1918 533 1952; x_wconf 88' lang='lat' dir='ltr'>fili</span> <span class='ocrx_word' id='word_1_216' title='bbox 560 1918 698 1953; x_wconf 87' lang='lat' dir='ltr'>Nobilis</span> <span class='ocrx_word' id='word_1_217' title='bbox 724 1920 781 1953; x_wconf 80' lang='lat' dir='ltr'>vir</span> <span class='ocrx_word' id='word_1_218' title='bbox 807 1918 979 1959; x_wconf 77' lang='lat' dir='ltr'>Salutem,</span> <span class='ocrx_word' id='word_1_219' title='bbox 1015 1921 1052 1952; x_wconf 89' lang='lat' dir='ltr'>et</span> <span class='ocrx_word' id='word_1_220' title='bbox 1078 1919 1323 1963; x_wconf 83' lang='lat' dir='ltr'>Apostolicani</span> <span class='ocrx_word' id='word_1_221' title='bbox 1350 1918 1646 1953; x_wconf 78' lang='lat' dir='ltr'>benedictionem.</span> <span class='ocrx_word' id='word_1_222' title='bbox 1699 1917 1972 1962; x_wconf 75' lang='lat' dir='ltr'>spectatissima</span> 
     </span>
     <span class='ocr_line' id='line_1_28' title="bbox 197 1971 1970 2017; baseline -0.001 -12"><span class='ocrx_word' id='word_1_223' title='bbox 197 1971 314 2016; x_wconf 86' lang='lat' dir='ltr'>pietas</span> <span class='ocrx_word' id='word_1_224' title='bbox 339 1974 413 2013; x_wconf 88' lang='lat' dir='ltr'>tua,</span> <span class='ocrx_word' id='word_1_225' title='bbox 450 1973 552 2007; x_wconf 83' lang='lat' dir='ltr'>cuius</span> <span class='ocrx_word' id='word_1_226' title='bbox 587 1972 699 2007; x_wconf 83' lang='lat' dir='ltr'>habes</span> <span class='ocrx_word' id='word_1_227' title='bbox 735 1972 952 2016; x_wconf 83' lang='lat' dir='ltr'>grauissima</span> <span class='ocrx_word' id='word_1_228' title='bbox 988 1973 1082 2017; x_wconf 89' lang='lat' dir='ltr'>apud</span> <span class='ocrx_word' id='word_1_229' title='bbox 1109 1972 1182 2007; x_wconf 87' lang='lat' dir='ltr'>Nos</span> <span class='ocrx_word' id='word_1_230' title='bbox 1217 1972 1434 2012; x_wconf 85' lang='lat' dir='ltr'>testimonia,</span> <span class='ocrx_word' id='word_1_231' title='bbox 1470 1971 1544 2006; x_wconf 89' lang='lat' dir='ltr'>Nos</span> <span class='ocrx_word' id='word_1_232' title='bbox 1571 1971 1735 2005; x_wconf 84' lang='lat' dir='ltr'>dubitare</span> <span class='ocrx_word' id='word_1_233' title='bbox 1770 1983 1840 2005; x_wconf 91' lang='lat' dir='ltr'>non</span> <span class='ocrx_word' id='word_1_234' title='bbox 1875 1971 1970 2009; x_wconf 81' lang='lat' dir='ltr'>sinit,</span> 
     </span>
     <span class='ocr_line' id='line_1_29' title="bbox 198 2024 1974 2071; baseline 0 -13"><span class='ocrx_word' id='word_1_235' title='bbox 198 2026 283 2069; x_wconf 93' lang='lat' dir='ltr'>quin</span> <span class='ocrx_word' id='word_1_236' title='bbox 309 2026 540 2070; x_wconf 88' lang='lat' dir='ltr'>cupidissime</span> <span class='ocrx_word' id='word_1_237' title='bbox 567 2026 800 2071; x_wconf 85' lang='lat' dir='ltr'>amplectaris</span> <span class='ocrx_word' id='word_1_238' title='bbox 825 2038 965 2060; x_wconf 91' lang='lat' dir='ltr'>omnem</span> <span class='ocrx_word' id='word_1_239' title='bbox 992 2026 1298 2071; x_wconf 86' lang='lat' dir='ltr'>opportunitatem</span> <span class='ocrx_word' id='word_1_240' title='bbox 1331 2025 1536 2060; x_wconf 84' lang='lat' dir='ltr'>conferendi</span> <span class='ocrx_word' id='word_1_241' title='bbox 1564 2024 1723 2064; x_wconf 89' lang='lat' dir='ltr'>consilia,</span> <span class='ocrx_word' id='word_1_242' title='bbox 1760 2027 1796 2058; x_wconf 89' lang='lat' dir='ltr'>et</span> <span class='ocrx_word' id='word_1_243' title='bbox 1822 2027 1974 2059; x_wconf 89' lang='lat' dir='ltr'>conatus</span> 
     </span>
     <span class='ocr_line' id='line_1_30' title="bbox 197 2078 1970 2124; baseline -0.001 -11"><span class='ocrx_word' id='word_1_244' title='bbox 197 2082 279 2113; x_wconf 89' lang='lat' dir='ltr'>tuos</span> <span class='ocrx_word' id='word_1_245' title='bbox 313 2091 436 2113; x_wconf 88' lang='lat' dir='ltr'>omnes</span> <span class='ocrx_word' id='word_1_246' title='bbox 467 2080 512 2113; x_wconf 91' lang='lat' dir='ltr'>ad</span> <span class='ocrx_word' id='word_1_247' title='bbox 539 2079 605 2113; x_wconf 89' lang='lat' dir='ltr'>Dei</span> <span class='ocrx_word' id='word_1_248' title='bbox 640 2079 804 2123; x_wconf 86' lang='lat' dir='ltr'>gloriam,</span> <span class='ocrx_word' id='word_1_249' title='bbox 841 2082 876 2113; x_wconf 85' lang='lat' dir='ltr'>et</span> <span class='ocrx_word' id='word_1_250' title='bbox 903 2079 1111 2114; x_wconf 85' lang='lat' dir='ltr'>Catholicae</span> <span class='ocrx_word' id='word_1_251' title='bbox 1139 2079 1338 2122; x_wconf 85' lang='lat' dir='ltr'>Religionis</span> <span class='ocrx_word' id='word_1_252' title='bbox 1373 2078 1664 2124; x_wconf 86' lang='lat' dir='ltr'>amplitudinem;</span> <span class='ocrx_word' id='word_1_253' title='bbox 1702 2090 1794 2122; x_wconf 82' lang='lat' dir='ltr'>quae</span> <span class='ocrx_word' id='word_1_254' title='bbox 1829 2078 1970 2122; x_wconf 89' lang='lat' dir='ltr'>quidem</span> 
     </span>
     <span class='ocr_line' id='line_1_31' title="bbox 198 2132 1974 2178; baseline -0.001 -11"><span class='ocrx_word' id='word_1_255' title='bbox 198 2144 329 2167; x_wconf 88' lang='lat' dir='ltr'>causae</span> <span class='ocrx_word' id='word_1_256' title='bbox 355 2144 436 2167; x_wconf 87' lang='lat' dir='ltr'>cum</span> <span class='ocrx_word' id='word_1_257' title='bbox 455 2133 647 2167; x_wconf 86' lang='lat' dir='ltr'>vniuersae</span> <span class='ocrx_word' id='word_1_258' title='bbox 674 2133 781 2167; x_wconf 89' lang='lat' dir='ltr'>istius</span> <span class='ocrx_word' id='word_1_259' title='bbox 807 2133 1013 2178; x_wconf 87' lang='lat' dir='ltr'>prouinciae</span> <span class='ocrx_word' id='word_1_260' title='bbox 1038 2132 1314 2177; x_wconf 84' lang='lat' dir='ltr'>tranquillitate,</span> <span class='ocrx_word' id='word_1_261' title='bbox 1341 2135 1378 2167; x_wconf 88' lang='lat' dir='ltr'>et</span> <span class='ocrx_word' id='word_1_262' title='bbox 1395 2133 1513 2166; x_wconf 87' lang='lat' dir='ltr'>salute</span> <span class='ocrx_word' id='word_1_263' title='bbox 1537 2132 1850 2166; x_wconf 83' lang='lat' dir='ltr'>coniunctissimae</span> <span class='ocrx_word' id='word_1_264' title='bbox 1869 2133 1974 2166; x_wconf 89' lang='lat' dir='ltr'>sunt:</span> 
     </span>
     <span class='ocr_line' id='line_1_32' title="bbox 198 2185 1972 2230; baseline -0.001 -10"><span class='ocrx_word' id='word_1_265' title='bbox 198 2186 379 2220; x_wconf 87' lang='lat' dir='ltr'>voluimus</span> <span class='ocrx_word' id='word_1_266' title='bbox 398 2187 520 2230; x_wconf 88' lang='lat' dir='ltr'>igitur,</span> <span class='ocrx_word' id='word_1_267' title='bbox 548 2186 614 2220; x_wconf 90' lang='lat' dir='ltr'>has</span> <span class='ocrx_word' id='word_1_268' title='bbox 633 2186 757 2221; x_wconf 83' lang='lat' dir='ltr'>literas</span> <span class='ocrx_word' id='word_1_269' title='bbox 775 2189 890 2221; x_wconf 87' lang='lat' dir='ltr'>testes</span> <span class='ocrx_word' id='word_1_270' title='bbox 909 2198 988 2221; x_wconf 87' lang='lat' dir='ltr'>esse</span> <span class='ocrx_word' id='word_1_271' title='bbox 1008 2189 1154 2221; x_wconf 83' lang='lat' dir='ltr'>nostrae</span> <span class='ocrx_word' id='word_1_272' title='bbox 1173 2187 1216 2220; x_wconf 91' lang='lat' dir='ltr'>de</span> <span class='ocrx_word' id='word_1_273' title='bbox 1234 2188 1297 2220; x_wconf 87' lang='lat' dir='ltr'>tua</span> <span class='ocrx_word' id='word_1_274' title='bbox 1315 2186 1450 2220; x_wconf 88' lang='lat' dir='ltr'>uirtute</span> <span class='ocrx_word' id='word_1_275' title='bbox 1470 2185 1758 2225; x_wconf 79' lang='lat' dir='ltr'>existimationis,</span> <span class='ocrx_word' id='word_1_276' title='bbox 1786 2188 1972 2230; x_wconf 84' lang='lat' dir='ltr'>paternae-</span> 
     </span>
     <span class='ocr_line' id='line_1_33' title="bbox 198 2238 1975 2284; baseline -0.002 -10"><span class='ocrx_word' id='word_1_277' title='bbox 198 2251 266 2284; x_wconf 87' lang='lat' dir='ltr'>que</span> <span class='ocrx_word' id='word_1_278' title='bbox 293 2251 379 2280; x_wconf 71' lang='lat' dir='ltr'>erga</span> <span class='ocrx_word' id='word_1_279' title='bbox 406 2242 441 2274; x_wconf 89' lang='lat' dir='ltr'>te</span> <span class='ocrx_word' id='word_1_280' title='bbox 468 2240 676 2280; x_wconf 77' lang='lat' dir='ltr'>charitatis;</span> <span class='ocrx_word' id='word_1_281' title='bbox 704 2251 765 2274; x_wconf 84' lang='lat' dir='ltr'>eas</span> <span class='ocrx_word' id='word_1_282' title='bbox 792 2240 918 2274; x_wconf 89' lang='lat' dir='ltr'>reddet</span> <span class='ocrx_word' id='word_1_283' title='bbox 943 2240 1098 2274; x_wconf 83' lang='lat' dir='ltr'>dilectus</span> <span class='ocrx_word' id='word_1_284' title='bbox 1123 2240 1220 2274; x_wconf 86' lang='lat' dir='ltr'>filius</span> <span class='ocrx_word' id='word_1_285' title='bbox 1246 2240 1376 2273; x_wconf 88' lang='lat' dir='ltr'>Petrus</span> <span class='ocrx_word' id='word_1_286' title='bbox 1403 2238 1570 2274; x_wconf 87' lang='lat' dir='ltr'>Canisius</span> <span class='ocrx_word' id='word_1_287' title='bbox 1596 2238 1756 2279; x_wconf 83' lang='lat' dir='ltr'>Jesuita;</span> <span class='ocrx_word' id='word_1_288' title='bbox 1783 2239 1840 2273; x_wconf 87' lang='lat' dir='ltr'>cui</span> <span class='ocrx_word' id='word_1_289' title='bbox 1866 2249 1975 2283; x_wconf 87' lang='lat' dir='ltr'>super</span> 
     </span>
     <span class='ocr_line' id='line_1_34' title="bbox 198 2292 1974 2344; baseline -0.002 -17"><span class='ocrx_word' id='word_1_290' title='bbox 198 2293 242 2338; x_wconf 85' lang='lat' dir='ltr'>ijs</span> <span class='ocrx_word' id='word_1_291' title='bbox 268 2293 386 2335; x_wconf 89' lang='lat' dir='ltr'>rebus,</span> <span class='ocrx_word' id='word_1_292' title='bbox 422 2293 465 2327; x_wconf 91' lang='lat' dir='ltr'>de</span> <span class='ocrx_word' id='word_1_293' title='bbox 492 2293 622 2337; x_wconf 88' lang='lat' dir='ltr'>quibus</span> <span class='ocrx_word' id='word_1_294' title='bbox 658 2296 779 2327; x_wconf 88' lang='lat' dir='ltr'>tecum</span> <span class='ocrx_word' id='word_1_295' title='bbox 807 2296 909 2344; x_wconf 82' lang='lat' dir='ltr'>aget,</span> <span class='ocrx_word' id='word_1_296' title='bbox 946 2305 1086 2328; x_wconf 90' lang='lat' dir='ltr'>omnem</span> <span class='ocrx_word' id='word_1_297' title='bbox 1112 2293 1218 2327; x_wconf 88' lang='lat' dir='ltr'>fidem</span> <span class='ocrx_word' id='word_1_298' title='bbox 1254 2293 1402 2334; x_wconf 84' lang='lat' dir='ltr'>tribues,</span> <span class='ocrx_word' id='word_1_299' title='bbox 1439 2292 1604 2336; x_wconf 83' lang='lat' dir='ltr'>quodque</span> <span class='ocrx_word' id='word_1_300' title='bbox 1630 2295 1703 2333; x_wconf 84' lang='lat' dir='ltr'>tua,</span> <span class='ocrx_word' id='word_1_301' title='bbox 1739 2294 1779 2325; x_wconf 89' lang='lat' dir='ltr'>ut</span> <span class='ocrx_word' id='word_1_302' title='bbox 1805 2292 1974 2333; x_wconf 83' lang='lat' dir='ltr'>diximus,</span> 
     </span>
     <span class='ocr_line' id='line_1_35' title="bbox 198 2344 1972 2392; baseline -0.003 -10"><span class='ocrx_word' id='word_1_303' title='bbox 198 2349 316 2392; x_wconf 85' lang='lat' dir='ltr'>pietas</span> <span class='ocrx_word' id='word_1_304' title='bbox 342 2347 543 2392; x_wconf 86' lang='lat' dir='ltr'>pollicetur,</span> <span class='ocrx_word' id='word_1_305' title='bbox 570 2346 705 2380; x_wconf 88' lang='lat' dir='ltr'>nullam</span> <span class='ocrx_word' id='word_1_306' title='bbox 733 2346 946 2380; x_wconf 79' lang='lat' dir='ltr'>facultatem</span> <span class='ocrx_word' id='word_1_307' title='bbox 973 2347 1119 2381; x_wconf 86' lang='lat' dir='ltr'>omittes</span> <span class='ocrx_word' id='word_1_308' title='bbox 1145 2346 1319 2380; x_wconf 85' lang='lat' dir='ltr'>maiorum</span> <span class='ocrx_word' id='word_1_309' title='bbox 1339 2347 1375 2380; x_wconf 90' lang='lat' dir='ltr'>in</span> <span class='ocrx_word' id='word_1_310' title='bbox 1393 2346 1469 2380; x_wconf 85' lang='lat' dir='ltr'>dies</span> <span class='ocrx_word' id='word_1_311' title='bbox 1495 2346 1703 2379; x_wconf 88' lang='lat' dir='ltr'>meritorum</span> <span class='ocrx_word' id='word_1_312' title='bbox 1730 2345 1824 2389; x_wconf 85' lang='lat' dir='ltr'>apud</span> <span class='ocrx_word' id='word_1_313' title='bbox 1845 2344 1972 2378; x_wconf 82' lang='lat' dir='ltr'>Catho-</span> 
     </span>
     <span class='ocr_line' id='line_1_36' title="bbox 198 2397 1972 2446; baseline -0.002 -11"><span class='ocrx_word' id='word_1_314' title='bbox 198 2402 304 2435; x_wconf 87' lang='lat' dir='ltr'>licam</span> <span class='ocrx_word' id='word_1_315' title='bbox 330 2400 612 2446; x_wconf 86' lang='lat' dir='ltr'>Rempublicam,</span> <span class='ocrx_word' id='word_1_316' title='bbox 646 2403 755 2444; x_wconf 87' lang='lat' dir='ltr'>atque</span> <span class='ocrx_word' id='word_1_317' title='bbox 782 2401 876 2444; x_wconf 87' lang='lat' dir='ltr'>apud</span> <span class='ocrx_word' id='word_1_318' title='bbox 904 2401 1018 2434; x_wconf 89' lang='lat' dir='ltr'>Deum</span> <span class='ocrx_word' id='word_1_319' title='bbox 1045 2400 1354 2445; x_wconf 83' lang='lat' dir='ltr'>acquirendorum.</span> <span class='ocrx_word' id='word_1_320' title='bbox 1407 2398 1540 2433; x_wconf 82' lang='lat' dir='ltr'>Datum</span> <span class='ocrx_word' id='word_1_321' title='bbox 1569 2397 1717 2442; x_wconf 81' lang='lat' dir='ltr'>[Romae</span> <span class='ocrx_word' id='word_1_322' title='bbox 1743 2398 1836 2443; x_wconf 81' lang='lat' dir='ltr'>apud</span> <span class='ocrx_word' id='word_1_323' title='bbox 1866 2397 1972 2431; x_wconf 80' lang='lat' dir='ltr'>Sanc-</span> 
     </span>
     <span class='ocr_line' id='line_1_37' title="bbox 198 2451 1974 2498; baseline -0.002 -10"><span class='ocrx_word' id='word_1_324' title='bbox 198 2459 273 2489; x_wconf 87' lang='lat' dir='ltr'>tum</span> <span class='ocrx_word' id='word_1_325' title='bbox 310 2454 458 2488; x_wconf 79' lang='lat' dir='ltr'>Petrum</span> <span class='ocrx_word' id='word_1_326' title='bbox 493 2454 560 2488; x_wconf 90' lang='lat' dir='ltr'>sub</span> <span class='ocrx_word' id='word_1_327' title='bbox 596 2453 754 2487; x_wconf 87' lang='lat' dir='ltr'>Annullo</span> <span class='ocrx_word' id='word_1_328' title='bbox 790 2453 989 2488; x_wconf 80' lang='lat' dir='ltr'>Piscatoris</span> <span class='ocrx_word' id='word_1_329' title='bbox 1025 2454 1082 2488; x_wconf 87' lang='lat' dir='ltr'>die</span> <span class='ocrx_word' id='word_1_330' title='bbox 1118 2453 1243 2498; x_wconf 86' lang='lat' dir='ltr'>quinta</span> <span class='ocrx_word' id='word_1_331' title='bbox 1269 2452 1406 2498; x_wconf 88' lang='lat' dir='ltr'>Aprilis</span> <span class='ocrx_word' id='word_1_332' title='bbox 1442 2451 1710 2493; x_wconf 77' lang='lat' dir='ltr'>MDLXXVHJ.</span> <span class='ocrx_word' id='word_1_333' title='bbox 1738 2451 1974 2485; x_wconf 74' lang='lat' dir='ltr'>pontificatus</span> 
     </span>
     <span class='ocr_line' id='line_1_38' title="bbox 199 2506 640 2551; baseline -0.002 -9"><span class='ocrx_word' id='word_1_334' title='bbox 199 2508 321 2542; x_wconf 83' lang='lat' dir='ltr'>Nostri</span> <span class='ocrx_word' id='word_1_335' title='bbox 348 2508 451 2541; x_wconf 90' lang='lat' dir='ltr'>Anno</span> <span class='ocrx_word' id='word_1_336' title='bbox 478 2506 602 2551; x_wconf 80' lang='lat' dir='ltr'>Sexto]</span> <span class='ocrx_word' id='word_1_337' title='bbox 616 2507 640 2541; x_wconf 71' lang='lat' dir='ltr'>b.</span> 
     </span>
    </p>
   </div>
   <div class='ocr_carea' id='block_1_5' title="bbox 317 2559 1258 2657">
    <p class='ocr_par' dir='ltr' id='par_1_7' title="bbox 317 2559 1258 2657">
     <span class='ocr_line' id='line_1_39' title="bbox 317 2559 1258 2595; baseline -0.001 -1"><span class='ocrx_word' id='word_1_338' title='bbox 317 2561 458 2595; x_wconf 87' lang='lat' dir='ltr'>Dilecto</span> <span class='ocrx_word' id='word_1_339' title='bbox 485 2560 558 2594; x_wconf 85' lang='lat' dir='ltr'>filio</span> <span class='ocrx_word' id='word_1_340' title='bbox 583 2560 701 2595; x_wconf 88' lang='lat' dir='ltr'>Nobili</span> <span class='ocrx_word' id='word_1_341' title='bbox 730 2560 807 2594; x_wconf 88' lang='lat' dir='ltr'>viro</span> <span class='ocrx_word' id='word_1_342' title='bbox 1010 2559 1222 2594; x_wconf 86' lang='lat' dir='ltr'>Consiliario</span> <span class='ocrx_word' id='word_1_343' title='bbox 1235 2560 1258 2594; x_wconf 76' lang='lat'>3.</span> 
     </span>
     <span class='ocr_line' id='line_1_40' title="bbox 321 2615 950 2657; baseline 0 -9"><span class='ocrx_word' id='word_1_344' title='bbox 321 2615 539 2648; x_wconf 69' lang='lat' dir='ltr'>Consiliario</span> <span class='ocrx_word' id='word_1_345' title='bbox 567 2615 584 2655; x_wconf 84' lang='lat'>&gt;</span> <span class='ocrx_word' id='word_1_346' title='bbox 613 2615 729 2647; x_wconf 77' lang='lat' dir='ltr'>eodem</span> <span class='ocrx_word' id='word_1_347' title='bbox 756 2616 950 2657; x_wconf 45' lang='lat' dir='ltr'>exempl&amp;⁴</span> 
     </span>
    </p>
   </div>
   <div class='ocr_carea' id='block_1_6' title="bbox 199 2694 1977 2812">
    <p class='ocr_par' dir='ltr' id='par_1_8' title="bbox 199 2694 1977 2812">
     <span class='ocr_line' id='line_1_41' title="bbox 319 2694 1960 2728; baseline -0.006 -4"><span class='ocrx_word' id='word_1_348' title='bbox 319 2699 346 2724; x_wconf 73' lang='lat' dir='ltr'>a)</span> <span class='ocrx_word' id='word_1_349' title='bbox 372 2698 439 2720; x_wconf 78' lang='lat' dir='ltr'>Tum</span> <span class='ocrx_word' id='word_1_350' title='bbox 461 2698 531 2721; x_wconf 76' lang='lat' dir='ltr'>haec</span> <span class='ocrx_word' id='word_1_351' title='bbox 552 2697 715 2728; x_wconf 71' lang='lat' dir='ltr'>inscriptio,</span> <span class='ocrx_word' id='word_1_352' title='bbox 739 2701 798 2721; x_wconf 80' lang='lat' dir='ltr'>tum</span> <span class='ocrx_word' id='word_1_353' title='bbox 820 2697 909 2721; x_wconf 77' lang='lat' dir='ltr'>trium</span> <span class='ocrx_word' id='word_1_354' title='bbox 932 2697 1112 2728; x_wconf 64' lang='lat' dir='ltr'>sequentinm</span> <span class='ocrx_word' id='word_1_355' title='bbox 1135 2696 1275 2720; x_wconf 71' lang='lat' dir='ltr'>Brerium</span> <span class='ocrx_word' id='word_1_356' title='bbox 1306 2695 1513 2726; x_wconf 67' lang='lat' dir='ltr'>1&#39;11.s·‹·e·.·&#39;p!1&#39;0›ws</span> <span class='ocrx_word' id='word_1_357' title='bbox 1535 2695 1561 2718; x_wconf 76' lang='lat' dir='ltr'>iu</span> <span class='ocrx_word' id='word_1_358' title='bbox 1583 2694 1818 2725; x_wconf 64' lang='lat' dir='ltr'>‹1111)y›·‹1pho›·um</span> <span class='ocrx_word' id='word_1_359' title='bbox 1842 2701 1960 2716; x_wconf 69' lang='lat' dir='ltr'>ramum·</span> 
     </span>
     <span class='ocr_line' id='line_1_42' title="bbox 219 2735 1977 2769; baseline -0.002 -8"><span class='ocrx_word' id='word_1_360' title='bbox 219 2746 263 2761; x_wconf 79' lang='lat' dir='ltr'>um</span> <span class='ocrx_word' id='word_1_361' title='bbox 286 2738 430 2768; x_wconf 65' lang='lat' dir='ltr'>capitibus</span> <span class='ocrx_word' id='word_1_362' title='bbox 446 2739 560 2768; x_wconf 51' lang='lat' dir='ltr'>pas-ime</span> <span class='ocrx_word' id='word_1_363' title='bbox 581 2742 656 2762; x_wconf 74' lang='lat' dir='ltr'>sunt.</span> <span class='ocrx_word' id='word_1_364' title='bbox 751 2737 779 2769; x_wconf 87' lang='lat' dir='ltr'>b)</span> <span class='ocrx_word' id='word_1_365' title='bbox 802 2740 880 2763; x_wconf 72' lang='lat' dir='ltr'>Haec</span> <span class='ocrx_word' id='word_1_366' title='bbox 900 2746 935 2762; x_wconf 68' lang='lat' dir='ltr'>est</span> <span class='ocrx_word' id='word_1_367' title='bbox 955 2738 1161 2769; x_wconf 64' lang='lat' dir='ltr'>siwerirwibus</span> <span class='ocrx_word' id='word_1_368' title='bbox 1181 2737 1327 2762; x_wconf 69' lang='lat' dir='ltr'>Brevibus</span> <span class='ocrx_word' id='word_1_369' title='bbox 1346 2737 1481 2767; x_wconf 65' lang='lat' dir='ltr'>suppletu</span> <span class='ocrx_word' id='word_1_370' title='bbox 1503 2739 1589 2762; x_wconf 72' lang='lat' dir='ltr'>sunt:</span> <span class='ocrx_word' id='word_1_371' title='bbox 1615 2735 1815 2767; x_wconf 71' lang='lat' dir='ltr'>‹tpoyraplmm</span> <span class='ocrx_word' id='word_1_372' title='bbox 1837 2735 1912 2758; x_wconf 68' lang='lat' dir='ltr'>enim</span> <span class='ocrx_word' id='word_1_373' title='bbox 1933 2735 1977 2758; x_wconf 72' lang='lat' dir='ltr'>sic</span> 
     </span>
     <span class='ocr_line' id='line_1_43' title="bbox 199 2778 606 2812; baseline 0.005 -10"><span class='ocrx_word' id='word_1_374' title='bbox 199 2780 300 2803; x_wconf 61' lang='lat' dir='ltr'>hulme.-</span> <span class='ocrx_word' id='word_1_375' title='bbox 321 2778 430 2803; x_wconf 75' lang='lat' dir='ltr'>Datum</span> <span class='ocrx_word' id='word_1_376' title='bbox 452 2782 485 2803; x_wconf 79' lang='lat' dir='ltr'>ut</span> <span class='ocrx_word' id='word_1_377' title='bbox 505 2786 606 2812; x_wconf 73' lang='lat' dir='ltr'>supra.</span> 
     </span>
    </p>
   </div>
   <div class='ocr_carea' id='block_1_7' title="bbox 214 2841 323 2842">
    <p class='ocr_par' dir='ltr' id='par_1_9' title="bbox 214 2841 323 2842">
     <span class='ocr_line' id='line_1_44' title="bbox 214 2841 323 2842; baseline 0 0"><span class='ocrx_word' id='word_1_378' title='bbox 214 2841 323 2842; x_wconf 95' lang='lat' dir='ltr'> </span> 
     </span>
    </p>
   </div>
   <div class='ocr_carea' id='block_1_8' title="bbox 200 2868 1975 3183">
    <p class='ocr_par' dir='ltr' id='par_1_10' title="bbox 200 2868 1972 2970">
     <span class='ocr_line' id='line_1_45' title="bbox 324 2868 1972 2918; baseline -0.003 -11"><span class='ocrx_word' id='word_1_379' title='bbox 324 2874 333 2892; x_wconf 89' lang='lat'>¹</span> <span class='ocrx_word' id='word_1_380' title='bbox 360 2873 562 2907; x_wconf 80' lang='lat' dir='ltr'>Conradum</span> <span class='ocrx_word' id='word_1_381' title='bbox 589 2885 609 2907; x_wconf 85' lang='lat' dir='ltr'>a</span> <span class='ocrx_word' id='word_1_382' title='bbox 630 2873 864 2914; x_wconf 87' lang='lat' dir='ltr'>Westerholt,</span> <span class='ocrx_word' id='word_1_383' title='bbox 900 2872 1049 2918; x_wconf 87' lang='lat' dir='ltr'>capituli</span> <span class='ocrx_word' id='word_1_384' title='bbox 1085 2871 1304 2907; x_wconf 86' lang='lat' dir='ltr'>cathedralis</span> <span class='ocrx_word' id='word_1_385' title='bbox 1341 2871 1550 2905; x_wconf 86' lang='lat' dir='ltr'>canonicum</span> <span class='ocrx_word' id='word_1_386' title='bbox 1577 2869 1853 2904; x_wconf 81' lang='lat' dir='ltr'>scholasticum:</span> <span class='ocrx_word' id='word_1_387' title='bbox 1892 2868 1972 2902; x_wconf 81' lang='lat' dir='ltr'>vide</span> 
     </span>
     <span class='ocr_line' id='line_1_46' title="bbox 200 2926 507 2970; baseline 0 -10"><span class='ocrx_word' id='word_1_388' title='bbox 200 2937 310 2970; x_wconf 84' lang='lat' dir='ltr'>supra</span> <span class='ocrx_word' id='word_1_389' title='bbox 337 2938 369 2970; x_wconf 90' lang='lat' dir='ltr'>p.</span> <span class='ocrx_word' id='word_1_390' title='bbox 393 2926 471 2960; x_wconf 73' lang='lat'>790.</span> <span class='ocrx_word' id='word_1_391' title='bbox 504 2951 507 2954; x_wconf 53' lang='lat'>&lt;</span> 
     </span>
    </p>

    <p class='ocr_par' dir='ltr' id='par_1_11' title="bbox 200 2975 1975 3183">
     <span class='ocr_line' id='line_1_47' title="bbox 322 2975 1975 3021; baseline -0.002 -10"><span class='ocrx_word' id='word_1_392' title='bbox 322 2980 333 2999; x_wconf 71' lang='lat'><strong>⁹</strong></span> <span class='ocrx_word' id='word_1_393' title='bbox 362 2979 413 3012; x_wconf 82' lang='lat' dir='ltr'>Ex</span> <span class='ocrx_word' id='word_1_394' title='bbox 442 2979 548 3013; x_wconf 81' lang='lat' dir='ltr'>Brevi</span> <span class='ocrx_word' id='word_1_395' title='bbox 584 2980 697 3014; x_wconf 81' lang='lat' dir='ltr'>Roma</span> <span class='ocrx_word' id='word_1_396' title='bbox 732 2980 788 3014; x_wconf 85' lang='lat'>21.</span> <span class='ocrx_word' id='word_1_397' title='bbox 813 2980 934 3014; x_wconf 86' lang='lat' dir='ltr'>Martii</span> <span class='ocrx_word' id='word_1_398' title='bbox 964 2979 1054 3013; x_wconf 75' lang='lat'>1579</span> <span class='ocrx_word' id='word_1_399' title='bbox 1090 2990 1110 3012; x_wconf 85' lang='lat' dir='ltr'>a</span> <span class='ocrx_word' id='word_1_400' title='bbox 1137 2977 1311 3021; x_wconf 82' lang='lat' dir='ltr'>Gregorio</span> <span class='ocrx_word' id='word_1_401' title='bbox 1347 2977 1391 3011; x_wconf 87' lang='lat' dir='ltr'>ad</span> <span class='ocrx_word' id='word_1_402' title='bbox 1428 2977 1596 3012; x_wconf 86' lang='lat' dir='ltr'>Ioannem</span> <span class='ocrx_word' id='word_1_403' title='bbox 1624 2975 1854 3010; x_wconf 88' lang='lat' dir='ltr'>Guilielmum</span> <span class='ocrx_word' id='word_1_404' title='bbox 1890 2975 1975 3009; x_wconf 82' lang='lat' dir='ltr'>dato</span> 
     </span>
     <span class='ocr_line' id='line_1_48' title="bbox 204 3027 1971 3076; baseline -0.002 -10"><span class='ocrx_word' id='word_1_405' title='bbox 204 3032 312 3076; x_wconf 83' lang='lat' dir='ltr'>(apud</span> <span class='ocrx_word' id='word_1_406' title='bbox 346 3033 507 3076; x_wconf 66' lang='grc' dir='ltr'>ΤΙιεῖηνν,</span> <span class='ocrx_word' id='word_1_407' title='bbox 535 3034 625 3067; x_wconf 90' lang='lat' dir='ltr'>Ann.</span> <span class='ocrx_word' id='word_1_408' title='bbox 653 3034 701 3067; x_wconf 84' lang='grc' dir='ltr'>ΠΙ</span> <span class='ocrx_word' id='word_1_409' title='bbox 729 3034 764 3066; x_wconf 92' lang='lat' dir='ltr'>in</span> <span class='ocrx_word' id='word_1_410' title='bbox 792 3045 823 3068; x_wconf 84' lang='lat' dir='ltr'>a.</span> <span class='ocrx_word' id='word_1_411' title='bbox 854 3034 943 3068; x_wconf 77' lang='lat'>1579</span> <span class='ocrx_word' id='word_1_412' title='bbox 971 3045 1003 3067; x_wconf 88' lang='lat' dir='ltr'>n.</span> <span class='ocrx_word' id='word_1_413' title='bbox 1026 3033 1108 3075; x_wconf 83' lang='lat' dir='ltr'>xlv)</span> <span class='ocrx_word' id='word_1_414' title='bbox 1137 3031 1329 3075; x_wconf 83' lang='lat' dir='ltr'>colligitur,</span> <span class='ocrx_word' id='word_1_415' title='bbox 1356 3030 1516 3075; x_wconf 84' lang='lat' dir='ltr'>pontifici</span> <span class='ocrx_word' id='word_1_416' title='bbox 1544 3030 1699 3064; x_wconf 82' lang='lat' dir='ltr'>maxime</span> <span class='ocrx_word' id='word_1_417' title='bbox 1726 3029 1824 3063; x_wconf 91' lang='lat' dir='ltr'>cordi</span> <span class='ocrx_word' id='word_1_418' title='bbox 1851 3027 1971 3067; x_wconf 79' lang='lat' dir='ltr'>fuisse,</span> 
     </span>
     <span class='ocr_line' id='line_1_49' title="bbox 201 3080 1974 3127; baseline -0.002 -9"><span class='ocrx_word' id='word_1_419' title='bbox 201 3087 240 3118; x_wconf 87' lang='lat' dir='ltr'>ut</span> <span class='ocrx_word' id='word_1_420' title='bbox 267 3085 416 3119; x_wconf 81' lang='lat' dir='ltr'>loannes</span> <span class='ocrx_word' id='word_1_421' title='bbox 444 3086 658 3120; x_wconf 74' lang='lat' dir='ltr'>Guilielmus</span> <span class='ocrx_word' id='word_1_422' title='bbox 693 3098 834 3120; x_wconf 85' lang='lat' dir='ltr'>sacram</span> <span class='ocrx_word' id='word_1_423' title='bbox 870 3086 1124 3120; x_wconf 83' lang='lat' dir='ltr'>eucharistiam</span> <span class='ocrx_word' id='word_1_424' title='bbox 1160 3084 1227 3119; x_wconf 87' lang='lat' dir='ltr'>sub</span> <span class='ocrx_word' id='word_1_425' title='bbox 1253 3096 1324 3118; x_wconf 86' lang='lat' dir='ltr'>una</span> <span class='ocrx_word' id='word_1_426' title='bbox 1350 3086 1490 3117; x_wconf 79' lang='lat' dir='ltr'>tantum</span> <span class='ocrx_word' id='word_1_427' title='bbox 1525 3082 1645 3127; x_wconf 87' lang='lat' dir='ltr'>specie</span> <span class='ocrx_word' id='word_1_428' title='bbox 1677 3084 1854 3117; x_wconf 84' lang='lat' dir='ltr'>sumeret:</span> <span class='ocrx_word' id='word_1_429' title='bbox 1891 3080 1974 3114; x_wconf 88' lang='lat' dir='ltr'>vide</span> 
     </span>
     <span class='ocr_line' id='line_1_50' title="bbox 200 3137 1590 3183; baseline -0.001 -12"><span class='ocrx_word' id='word_1_430' title='bbox 200 3149 310 3182; x_wconf 85' lang='lat' dir='ltr'>supra</span> <span class='ocrx_word' id='word_1_431' title='bbox 336 3149 367 3182; x_wconf 87' lang='lat' dir='ltr'>p.</span> <span class='ocrx_word' id='word_1_432' title='bbox 393 3138 472 3173; x_wconf 83' lang='lat'>790.</span> <span class='ocrx_word' id='word_1_433' title='bbox 619 3141 631 3160; x_wconf 80' lang='lat'>³</span> <span class='ocrx_word' id='word_1_434' title='bbox 659 3141 670 3159; x_wconf 87' lang='lat'><strong>⁴</strong></span> <span class='ocrx_word' id='word_1_435' title='bbox 698 3139 800 3180; x_wconf 90' lang='lat' dir='ltr'>Vide,</span> <span class='ocrx_word' id='word_1_436' title='bbox 828 3150 919 3183; x_wconf 85' lang='lat' dir='ltr'>quae</span> <span class='ocrx_word' id='word_1_437' title='bbox 945 3139 1011 3173; x_wconf 88' lang='lat' dir='ltr'>sub</span> <span class='ocrx_word' id='word_1_438' title='bbox 1038 3139 1117 3183; x_wconf 88' lang='lat' dir='ltr'>ipsa</span> <span class='ocrx_word' id='word_1_439' title='bbox 1142 3137 1230 3171; x_wconf 84' lang='lat' dir='ltr'>haec</span> <span class='ocrx_word' id='word_1_440' title='bbox 1258 3137 1389 3171; x_wconf 84' lang='lat' dir='ltr'>Brevia</span> <span class='ocrx_word' id='word_1_441' title='bbox 1416 3137 1590 3170; x_wconf 87' lang='lat' dir='ltr'>dicentur.</span> 
     </span>
    </p>
   </div>
   <div class='ocr_carea' id='block_1_9' title="bbox 2017 0 2051 2876">
    <p class='ocr_par' dir='ltr' id='par_1_12' title="bbox 2017 0 2051 2876">
     <span class='ocr_line' id='line_1_51' title="bbox 2017 0 2051 2876; baseline 0 0"><span class='ocrx_word' id='word_1_442' title='bbox 2017 0 2051 2876; x_wconf 95' lang='lat' dir='ltr'> </span> 
     </span>
    </p>
   </div>
  </div>
 </body>
</html>
