2062 3443
604 132 699 165 Mon.
724 132 823 167 1229.
862 132 909 165 Μ.
931 130 1046 176 Aprili
1073 134 1109 164 et
1136 131 1230 165 Maio
1260 132 1360 166 1578.
1786 136 1869 175 795

96 248 317 293 erstehung“
344 261 460 293 gegen
489 250 544 283 ein
571 249 727 283 anderen
750 249 883 289 halten,
911 248 982 282 vnd
1011 248 1170 283 nutzlich
1199 249 1431 293 vei-gleichen
1458 249 1582 284 sollen.
1626 250 1710 283 Zum
1740 249 1870 284 letsten

95 313 215 336 warzu
241 303 335 336 vnsb
362 303 463 336 dieue
500 303 555 336 die
583 302 706 336 rechte
733 303 974 336 erkantnussc
1009 301 1087 335 lelir
1114 302 1185 336 vnd
1212 303 1465 347 betiachtung,
1503 303 1568 337 das
1595 304 1659 336 wir
1686 314 1741 337 am
1765 303 1870 347 jung-

95 357 175 389 sten
201 358 265 398 tag
291 355 361 389 alle
390 356 422 389 in
450 356 529 389 dem
557 355 682 389 flaisch
710 355 950 389 aufferstehen
978 355 1132 388 werden.

214 407 270 442 Ex
297 407 352 442 his
379 409 499 442 verbis
526 409 759 452 intellegitur,
787 408 969 442 Canisium
997 407 1089 442 hanc
1117 408 1391 453 indulgentiam,
1429 421 1519 453 quae
1551 408 1750 453 „plenaria“
1784 413 1871 446 erat.

95 461 308 495 Landishuti
335 462 588 506 promulgasse
616 462 649 495 in
678 461 812 507 templo
839 462 950 496 totius
977 462 1076 496 urbis
1103 463 1261 496 maximo
1288 465 1323 496 et
1350 463 1583 502 nobilissimo,
1612 463 1705 506 quod
1732 465 1810 496 erat
1836 470 1870 496 et

94 525 189 548 nunc
216 526 358 559 quoque
384 518 440 549 est
465 515 638 559 templum
666 515 871 560 parochiale
890 515 924 549 S.
945 515 1111 555 Martini;
1140 520 1262 550 exstat
1286 516 1320 549 in
1340 528 1380 550 eo
1408 528 1521 559 usque
1548 516 1664 550 adhuc
1691 527 1793 550 sacer
1812 515 1871 549 ille

94 572 292 612 suggestus
319 568 431 611 (circa
459 580 491 602 a.
514 569 603 602 1422
630 580 674 602 ex
701 581 771 603 uno
797 580 886 603 saxo
912 569 1087 612 excisus).
1132 568 1232 610 Quod
1260 573 1379 603 autem
1404 570 1602 604 Sacc-hinne·
1628 569 1754 603 scribit
1782 569 1820 612 (l.
1840 582 1869 603 c.

94 621 193 664 295),
219 621 478 665 indulgentiam
508 622 605 655 illam
634 622 811 666 baptismo
830 622 967 656 'Furcae
995 622 1136 656 cuidam
1166 634 1228 667 per
1246 622 1430 657 Canisium
1457 622 1588 656 collato
1620 622 1865 664 „adiunctanr

94 685 185 715 esse,
222 676 331 718 atque
357 676 474 720 ipsum
502 676 684 709 Canisium
713 687 790 709 eam
819 688 839 709 a
865 677 989 710 nuntio
1026 676 1223 720 apostolico
1252 675 1543 719 (Bartholomaeo
1571 676 1612 709 de
1640 676 1778 720 Fortia)
1808 677 1869 710 im-

95 730 268 772 petrasse,
295 728 427 770 nesci0,
454 731 574 762 utrum
603 728 663 762 ille
690 729 825 763 Canisii
851 729 993 764 litteras
1020 730 1068 772 (v.
1089 741 1199 774 supra
1226 742 1257 774 p.
1277 731 1362 772 445)
1393 729 1486 763 haud
1513 732 1612 763 recte
1638 729 1868 764 intellexerit.

95 791 140 814 an
167 780 311 815 aliunde
336 781 426 816 haec
461 784 662 825 acceperit;
698 795 814 827 neque
841 783 932 817 enim
962 783 995 817 in
1023 783 1289 823 commentario,
1325 783 1417 827 quod
1450 782 1553 817 modo
1580 783 1664 823 dixi,
1700 783 1869 828 baptismi

95 833 192 868 illius
218 834 292 869 ulla
318 839 501 880 comparet
528 837 671 870 mentio.

0 898 1 927 ³
56 958 60 964 ,
96 921 247 957 1229.
347 922 389 958 11.
413 922 531 969 Aprili
559 925 595 959 et
623 922 714 959 Maio
741 923 834 959 1578.

216 987 268 1021 Ex
296 988 460 1034 exemplo
487 990 694 1035 archetypo,
721 1002 751 1024 a.
776 991 864 1025 1578
887 991 1030 1024 Romam
1059 991 1102 1025 ad
1122 990 1389 1025 Mercurianuni
1408 990 1598 1025 Societatis
1625 991 1867 1035 praepositum

94 1040 298 1084 generalem
327 1042 447 1076 misso.
499 1042 618 1077 Germ.
651 1044 714 1078 118
741 1044 766 1078 f.
788 1044 1016 1079 1072—109b.
1069 1044 1203 1078 Eadem
1230 1044 1305 1078 fere
1332 1046 1525 1078 narrantur
1551 1044 1586 1077 in
1613 1045 1868 1078 commentario

94 1093 239 1128 saeculo
263 1094 377 1129 XVII.
406 1097 602 1139 composito
638 1100 674 1130 et
700 1097 752 1131 sic
778 1097 970 1142 inscripto:
1012 1097 1231 1141 „Collegium
1259 1100 1294 1132 et
1322 1097 1454 1131 Domus
1482 1098 1709 1132 Probationis
1736 1098 1869 1132 Lands-

94 1158 238 1191 pergae.
281 1148 336 1182 Ad
364 1149 453 1183 2³⁰¹&
491 1149 542 1184 De
570 1150 778 1185 fundatione
798 1151 966 1195 Collegii“
990 1155 1057 1186 etc.
1078 1151 1127 1196 (p.
1146 1152 1240 1185 2-4
1270 1151 1435 1194 11-12),
1463 1151 1524 1195 qui
1549 1153 1671 1185 exstat
1690 1152 1868 1186 Monachii

95 1199 130 1233 in
166 1200 313 1235 archivo
349 1202 567 1247 reipublicae
605 1204 805 1243 bavaricae,
845 1205 1044 1247 „Iesuitica‚
1081 1204 1298 1248 Landsberg,
1335 1204 1436 1238 Fasc.
1464 1205 1506 1239 81
1545 1204 1606 1237 Nr.
1636 1205 1766 1245 1600“;
1803 1205 1868 1239 hoc

94 1256 351 1289 commentario
377 1267 464 1290 usus
491 1260 547 1290 est
574 1258 691 1300 Dulir,
721 1258 795 1292 Jes.
824 1259 838 1291 Ι
867 1258 1065 1293 5530—531.

214 1315 468 1359 Landsberyae
489 1317 656 1351 Cmn'sins
676 1319 777 1351 Socio
806 1320 971 1351 morienti
989 1319 1096 1362 adest,
1125 1330 1247 1351 noram
1271 1319 1499 1361 probationis
1517 1319 1657 1351 domum
1679 1324 1867 1354 consecrat,

90 1368 231 1409 primos
255 1371 411 1402 novicios
436 1372 576 1413 excipit.

214 1435 341 1476 Auno
376 1438 491 1477 157&
536 1428 839 1491 Lamasba-yae
885 1438 936 1479 ab
981 1452 1064 1479 uno
1109 1452 1156 1478 ex
1191 1438 1324 1479 Sociis
1369 1439 1425 1479 ibi
1466 1436 1730 1479 morantibus
1772 1452 1867 1478 cou-

96 1500 296 1552 scriptum
324 1504 382 1541 est
406 1501 609 1551 „Initium
632 1502 834 1544 historiae
858 1508 892 1544 et
912 1517 1159 1557 proyressus
1178 1503 1340 1544 Domus
1357 1503 1627 1544 Noriciorum
1650 1503 1868 1544 Societatis

95 1563 202 1605 Jesu
224 1565 576 1620 Laudspet·9ae“.
624 1567 735 1608 Eam
770 1569 952 1619 domum,
988 1570 1047 1609 uit
1070 1570 1120 1619 is,
1154 1569 1438 1610 condiderunt
1459 1568 1705 1611 Swicardus
1737 1582 1867 1609 eomes

96 1629 150 1670 ab
194 1630 453 1682 Helfeusteiu
499 1633 689 1688 idemque
730 1634 883 1688 oppido
924 1634 1245 1688 lamlsberyensi
1284 1634 1335 1675 ab
1378 1635 1548 1675 Alherto
1582 1633 1625 1674 V.
1650 1633 1868 1674 Bavariae

97 1694 202 1736 duce
232 1696 472 1749 praefectus
507 1703 541 1738 et
564 1698 712 1739 Maria
749 1713 826 1750 „ex
858 1700 1014 1740 illustri
1042 1699 1214 1751 familia
1241 1699 1445 1740 Comitum
1470 1699 1519 1741 de
1543 1699 1867 1740 JJolzenzolnern

98 1764 133 1800 et
163 1760 461 1803 Marchionum
493 1763 759 1805 Baniensium
792 1765 969 1819 Zeqitime
1002 1764 1187 1816 creata“‚
1222 1765 1419 1806 Suieardi
1451 1779 1572 1807 uxor.
1636 1764 1865 1805 Pecuniam

96 1830 133 1866 et
174 1826 263 1867 alia
304 1829 568 1870 contuleruut
608 1830 741 1870 multi.
806 1830 873 1870 Ita
907 1831 1100 1871 Baroues
1136 1830 1390 1871 Octavianus
1433 1835 1467 1871 et
1501 1831 1713 1871 Antonius
1755 1829 1867 1883 Fuss-

91 1905 221 1945 qerus
253 1891 294 1933 S.
319 1892 553 1944 Augustini
587 1908 720 1948 opera
752 1908 836 1935 non
869 1894 932 1936 ita
964 1894 1130 1948 pridem
1164 1895 1433 1948 Antuerpiae
1465 1908 1543 1948 per
1574 1893 1869 1936 Louanienses

96 1955 214 1997 edita
259 1954 344 2011 [et]
388 1958 439 2001 D.
475 1957 668 2000 Thomae
711 1961 853 2001 tomos
895 1960 1060 2001 Romae
1104 1960 1332 2002 restitutos
1377 1962 1422 2002 et
1466 1973 1650 2001 excusos
1694 1962 1869 2001 nostrae

95 2020 393 2064 Bibliothecae
434 2024 837 2077 suppeditauerunt,
879 2025 1079 2066 nimirum
1124 2026 1169 2068 P.
1203 2024 1414 2078 Gregorio
1458 2023 1696 2079 [Rosephio
1731 2024 1771 2066 S.
1805 2022 1867 2077 J.]

96 2085 203 2127 haec
227 2120 235 2128 .
262 2121 270 2128 .
297 2121 304 2128 .
340 2092 616 2141 procurante.
643 2125 651 2133 .
676 2124 684 2132 .
712 2125 720 2133 .
770 2090 886 2132 Vicit
925 2092 1071 2132 autem
1105 2104 1253 2131 omnes
1285 2090 1451 2143 ingenti
1484 2104 1563 2131 sua
1604 2088 1869 2131 liberalitate

95 2151 306 2194 Dominus
328 2166 379 2194 ac
403 2157 613 2207 patronus
636 2158 784 2197 noster
801 2155 953 2197 Comes
970 2156 995 2204 ¹,
1015 2155 1086 2208 qui
1110 2157 1285 2209 praeter
1302 2155 1439 2197 multa
1456 2154 1591 2197 millia
1608 2155 1868 2196 florenorum

95 2216 138 2258 in
170 2215 380 2259 fabricam
405 2219 579 2270 collata,
614 2220 764 2273 paucis
790 2220 911 2262 libris
934 2220 1014 2262 sibi
1046 2221 1296 2271 reseruata,
1330 2234 1453 2261 suam
1474 2219 1780 2262 bibliothecam
1800 2255 1809 2264 .
1830 2254 1838 2262 .
1860 2254 1868 2262 .

94 2281 263 2324 tribuit.
299 2282 527 2325 Caeterum
548 2284 724 2327 difficile
744 2286 802 2328 sit
824 2286 954 2336 dictu,
977 2288 1186 2339 quantum
1210 2285 1348 2327 eidem
1369 2287 1554 2339 patrono
1573 2284 1750 2338 eiusque
1768 2299 1870 2326 con-

93 2346 184 2400 iugi
204 2350 439 2401 propterea
457 2349 701 2400 debeamus,
727 2351 840 2404 quod
863 2355 965 2393 ante
983 2354 1178 2392 nostrum
1198 2351 1433 2393 aduentum
1455 2352 1507 2391 14
1526 2350 1618 2392 fere
1636 2363 1806 2391 menses
1828 2350 1870 2392 in

95 2412 186 2453 suis
208 2412 388 2455 aedibus
409 2415 597 2458 aluei-int
620 2415 665 2458 P.
691 2416 923 2469 Georgium
949 2416 1214 2465 Schornium,
1240 2416 1422 2470 primum
1446 2429 1501 2457 ex
1523 2415 1684 2457 nostris
1706 2415 1871 2457 Lands-

95 2491 258 2532 pergae
281 2478 655 2530 Concionatorem,
690 2481 766 2522 sed
789 2495 873 2523 non
897 2482 1032 2523 multo
1055 2484 1155 2535 post
1178 2481 1285 2522 adeo
1308 2480 1505 2534 grauiter
1527 2480 1869 2529 decumbentem,

96 2546 145 2585 vt
176 2543 317 2586 tribus
349 2548 590 2597 quatuorue
623 2546 832 2588 ministris
859 2547 1009 2588 crebro
1042 2546 1272 2598 indigeret,
1306 2549 1352 2588 et
1383 2546 1466 2587 duo
1492 2545 1559 2587 vel
1593 2548 1684 2587 tres
1717 2546 1870 2587 medici

95 2609 275 2652 remotis
316 2624 339 2652 e
380 2610 486 2652 locis
527 2611 760 2664 aliquando
793 2612 848 2654 ad
880 2612 998 2653 illum
1042 2614 1383 2653 accerserentur.
1447 2611 1632 2664 Magnos
1673 2611 1870 2665 profecto

95 2677 294 2729 sumptus
334 2675 377 2716 in
419 2676 532 2718 hunc
573 2679 743 2730 patrem
786 2677 1064 2719 contulerunt
1106 2676 1358 2726 curandum,
1402 2675 1592 2729 nihilque
1625 2676 1717 2718 eius
1750 2676 1870 2718 vale-

95 2739 236 2782 tudini
268 2740 566 2783 restituendae
601 2742 751 2784 deesse
785 2742 904 2796 passi
937 2745 1050 2791 sunt,
1085 2741 1189 2784 licet
1211 2741 1247 2783 is
1270 2755 1356 2783 non
1388 2742 1521 2783 semel
1550 2743 1594 2783 in
1617 2741 1870 2796 epilepsiam

95 2805 325 2860 prolapsus
349 2806 419 2848 diu
438 2808 607 2861 jaceret
629 2807 826 2861 elinguis,
862 2807 1062 2860 omnique
1085 2807 1376 2848 membrorum
1399 2806 1611 2849 facultate
1635 2796 1894 2849 destitutus'

94 2874 226 2914 esset.
274 2872 401 2913 Hunc
442 2872 619 2914 tandem
662 2886 718 2914 ex
760 2873 841 2914 hac
882 2872 975 2914 vita
1016 2871 1277 2924 migrantem
1319 2871 1451 2924 (quod
1494 2873 1562 2915 22.
1597 2872 1760 2926 Aprilis
1803 2872 1871 2914 die

216 2959 244 2991 a)
264 2958 508 2991 ausserstehung
528 2961 596 2983 sau.
672 2958 702 2990 b)
724 2960 863 2991 Sequitur
881 2959 981 2990 nutze,
1001 2960 1091 2984 obliet.
1165 2963 1191 2989 cl
1212 2959 1339 2990 Sequens
1361 2967 1383 2982 c.
1406 2959 1433 2983 in
1456 2959 1589 2991 maryine
1612 2959 1745 2984 additum
1767 2964 1815 2984 est.

220 3045 230 3064 ¹
256 3045 421 3078 Joachz‘m
442 3044 635 3086 Dellinyer,
657 3041 876 3078 Geschichte
895 3043 956 3077 des
972 3041 1377 3084 Jesuiten-Collegiums
1396 3041 1430 3075 in
1445 3041 1666 3085 Landsberg,
1687 3042 1721 3075 in
1741 3041 1870 3084 „Ober-

96 3097 330 3142 bayerisches
372 3096 509 3131 Archiv
548 3098 606 3130 fiir
643 3096 935 3131 vaterlandische
975 3094 1211 3130 Geschicht&
1255 3094 1340 3129 XIV
1380 3094 1576 3137 (Miinchen
1618 3095 1868 3134 1853-1854)

99 3150 297 3186 115-145.
