2062 3443
422 165 588 208 Augusta
607 162 872 197 Vindelicorum
900 161 966 197 sub
994 160 1135 195 initium
1162 172 1207 194 m.
1228 159 1395 195 Octobris
1424 160 1525 195 1580.
1775 163 1858 203 573

88 286 256 338 potest,
302 295 427 336 quem
471 281 634 324 vtinam
678 282 725 324 P.
758 280 1080 329 Maldonatus⁸‚
1124 281 1200 321 aut
1243 279 1288 321 Ρ.
1322 277 1650 328 Εᾶη]ι]ῃ(1υε”1,
1694 277 1860 319 aliusue

89 348 335 402 Theologus
368 346 596 389 refutaret.
918 403 950 445 P
996 403 1030 444 T

1361 462 1578 515 Jndignus
1611 461 1723 503 filius

1343 527 1500 569 Petrus
1533 527 1741 570 Canisius.

208 614 236 665 †
268 596 510 655 Admodum
555 611 810 654 Reuerendo
852 610 895 652 in
937 609 1108 652 Christo
1151 609 1271 652 Patri
1313 612 1476 661 nostro,
1520 609 1641 652 Patri
1675 609 1864 652 Oliuerio

90 679 342 729 Manaraeo‚
378 677 611 720 Societatis
643 677 784 719 JESV
817 675 992 718 Vicario
1025 675 1233 728 generali.
1299 675 1475 717 Romae.

210 764 376 800 Canisius
411 764 446 798 in
474 764 574 797 initio
609 763 715 797 huius
742 762 918 808 epistulae
944 762 1005 804 ait,
1042 773 1080 796 se
1112 773 1225 804 „nunc
1252 762 1440 806 Augustae
1467 761 1608 805 degere,
1636 764 1673 796 et
1698 773 1781 795 mox
1808 762 1865 796 Di-

90 818 226 862 lingam
253 818 342 852 duce
360 817 562 852 obedientia
588 816 855 861 profecturum“
878 827 977 855 esse;
1005 818 1148 860 tempus
1166 826 1252 849 vero
1271 815 1450 849 ascribere
1469 815 1601 849 oblitus
1620 819 1686 849 est.
1719 814 1866 848 Verum-

90 874 211 906 tamen
248 882 328 905 cum
364 870 508 904 aliunde
534 870 701 913 cognosci
739 869 864 914 possit,
901 880 979 902 eum
1019 868 1072 902 19.
1101 868 1323 912 Septembris
1350 868 1539 909 Monachii,
1571 869 1627 903 27.
1647 868 1868 912 Septembris

95 925 293 967 Augustae,
321 925 353 958 6.
373 923 539 958 Octobris
558 923 724 967 Dilingae
742 923 855 956 fuisse
876 922 936 964 (cf.
956 933 1066 966 supra
1083 933 1116 966 p.
1135 922 1205 955 568
1232 921 1301 956 570
1328 924 1364 955 et
1380 921 1475 955 infra
1493 933 1525 966 p.
1545 922 1635 956 576⁴
1655 925 1691 955 et
1713 933 1867 956 monum.

94 978 215 1020 1261),
242 977 431 1012 dicendum
451 979 517 1019 est,
545 988 624 1010 eum
644 976 737 1010 hanc
755 976 799 1010 ad
818 976 1028 1010 Manareum
1055 974 1247 1019 epistulam
1275 974 1342 1009 sub
1364 975 1505 1009 initium
1526 987 1571 1009 m.
1592 975 1758 1010 Octobris
1778 975 1868 1010 1580

95 1031 248 1066 dedisse.

211 1084 335 1128 Magni
362 1085 532 1118 momenti
559 1086 653 1124 sunt,
689 1095 780 1127 quae
807 1083 842 1116 in
877 1082 933 1116 his
968 1082 1100 1116 litteris
1127 1093 1147 1116 a
1174 1081 1317 1116 Canisio
1344 1082 1512 1116 dicuntur
1538 1082 1580 1116 de
1607 1081 1755 1116 Hoffaeo
1791 1094 1869 1127 pro-

92 1137 248 1179 vinciali,
283 1149 364 1172 cum
392 1137 541 1171 Romam
568 1137 719 1177 venerit,
756 1136 940 1177 monendo,
977 1138 1089 1175 curet,
1125 1137 1165 1169 ut
1191 1146 1284 1179 quae
1307 1135 1350 1169 de
1377 1136 1430 1175 iis,
1466 1135 1526 1179 qui
1558 1136 1611 1177 „in
1640 1138 1763 1170 mutuo
1792 1136 1870 1179 5⁰s'0

92 1191 357 1236 paciscantur“‚
393 1190 506 1225 Sociis
541 1201 562 1224 a
597 1190 766 1235 pontifice
792 1192 828 1223 et
862 1189 1066 1234 praeposito
1102 1188 1263 1232 generali
1303 1188 1528 1233 praescripta
1562 1189 1646 1230 sint,
1686 1200 1808 1223 omnes
1835 1191 1871 1223 et

93 1244 356 1279 contionatores
392 1247 428 1278 et
462 1243 621 1287 theologi
647 1247 683 1277 et
709 1243 919 1277 confessarii
947 1242 1139 1277 Societatis
1175 1242 1387 1276 observent:
1425 1242 1496 1276 iam
1533 1242 1625 1276 enim
1653 1245 1778 1276 contra
1805 1243 1871 1277 hoc

92 1298 300 1332 mandatum
331 1297 410 1342 „agi
446 1300 611 1342 coeptum
639 1298 737 1331 esse“
769 1299 837 1331 etc.
889 1294 1026 1337 Quibus
1061 1295 1181 1330 verbis
1217 1295 1443 1338 significatur
1479 1295 1698 1339 gravissima
1733 1298 1871 1331 contro-

83 1352 223 1396 versia,
250 1363 352 1395 quae,
379 1363 459 1385 cum
486 1363 599 1396 paene
625 1350 744 1395 sopita
762 1361 841 1384 esse
861 1350 1055 1390 videretur,
1081 1349 1149 1383 hoc
1174 1351 1336 1393 tempore
1362 1350 1608 1394 proximisque
1635 1349 1738 1384 annis
1757 1350 1872 1384 denuo

93 1404 286 1439 multorum
312 1404 559 1448 theologorum
587 1407 621 1438 et
648 1404 934 1449 iurisperitorum
962 1403 1099 1437 animos
1126 1402 1361 1437 vehementer
1387 1405 1466 1437 erat
1491 1405 1720 1448 occupatura.
1769 1403 1872 1438 Anno

93 1458 237 1503 quidem
266 1458 356 1493 1573
392 1458 589 1492 doctissimi
617 1457 808 1491 Societatis
843 1456 1002 1500 theologi
1039 1456 1173 1490 Romae
1209 1458 1431 1490 statuerant:
1469 1457 1653 1491 Eiusmodi
1688 1457 1874 1501 pactiones

98 1524 164 1555 „ex
199 1523 329 1556 genere
355 1512 440 1545 suo‘
471 1522 550 1545 esse
586 1511 733 1545 illicitas
758 1522 874 1554 neque
910 1510 1029 1545 licitas
1056 1509 1151 1544 effici
1182 1521 1266 1554 „per
1301 1509 1414 1544 solam
1442 1509 1737 1544 consuetudinem
1764 1511 1873 1545 etiam

94 1566 175 1609 lege
210 1565 439 1610 probatam'‘;
476 1567 637 1599 attamen
672 1564 778 1599 iustis
813 1564 856 1598 de
891 1564 1010 1598 causis
1046 1563 1160 1608 accipi
1195 1574 1302 1608 posse
1342 1563 1500 1606 „lucrum
1536 1563 1633 1598 ultra
1667 1566 1801 1598 sortem
1838 1565 1872 1598 in

95 1622 228 1660 mutuo,
256 1619 424 1663 quamvis
449 1631 518 1652 non
546 1630 591 1652 ex
617 1620 784 1659 mutuo‘:
822 1618 923 1652 velut
953 1619 1007 1661 „in
1041 1617 1243 1661 quindecim
1271 1617 1423 1658 casibus,
1460 1617 1520 1661 qui
1546 1616 1665 1651 notari
1691 1617 1868 1652 solerent“

95 1685 116 1708 a
137 1672 383 1716 „Summistis‘
407 1675 475 1706 ete.
496 1671 605 1716 (quae
629 1672 905 1714 „resolutiones‘
928 1673 1090 1715 integrae
1117 1674 1294 1715 ponentur
1314 1671 1419 1711 infra,
1445 1682 1600 1705 monum.
1623 1671 1744 1714 1137).
1784 1671 1873 1705 Cum

97 1738 183 1760 vero
209 1737 253 1760 ne
278 1725 368 1760 haec
394 1726 536 1769 quidem
563 1725 775 1759 sufficerent
800 1726 843 1759 ad
871 1726 1070 1759 animorum
1097 1736 1222 1769 pacem
1249 1724 1285 1757 in
1312 1723 1506 1758 Germania
1532 1724 1745 1765 faciendam,
1782 1725 1874 1759 Mer-

96 1780 266 1814 curIanus
292 1779 519 1824 praepositus
543 1778 723 1822 generalis
743 1778 956 1822 Gregorium
976 1778 1072 1813 XIII.
1089 1777 1280 1821 consuluit,
1312 1789 1376 1819 „an
1395 1777 1502 1812 liceat
1521 1778 1555 1812 in
1575 1780 1699 1812 mutuo
1718 1778 1876 1822 quinque

96 1845 159 1878 pro
195 1835 338 1868 centum
373 1832 506 1877 paciscj
557 1833 619 1867 Js“
650 1833 772 1866 —ita
809 1834 1064 1866 Morem-ianus
1098 1831 1211 1866 Roma
1249 1832 1302 1866 16.
1331 1831 1453 1865 Martii
1493 1832 1583 1866 1576
1615 1832 1763 1866 Hoffaeo
1798 1844 1875 1877 pro-

96 1886 241 1921 vinciali
268 1886 444 1931 *scripsit
470 1906 512 1909 —
544 1886 749 1931 „respondit
782 1897 852 1920 non
879 1897 959 1920 esse
987 1898 1007 1919 a
1033 1886 1167 1920 nostris
1203 1885 1442 1919 absoluendos
1469 1885 1529 1929 qui
1555 1886 1608 1920 sic
1635 1886 1877 1930 paciscuntur,

96 1940 297 1974 cauendum
331 1943 451 1973 tamen
481 1939 587 1974 isthic
612 1951 656 1973 ne
683 1939 768 1983 quid
794 1940 908 1974 nostri
935 1939 977 1973 de
1012 1938 1078 1973 hoc
1114 1949 1246 1982 genere
1273 1937 1415 1982 publice
1442 1938 1627 1983 disputent
1652 1941 1715 1972 aut
1742 1939 1877 1973 concio-

96 1994 260 2027 nentur“.
303 1991 421 2027 Velim
457 1994 576 2026 autem
604 1996 746 2026 nostros
772 2004 895 2027 omnes
926 1992 996 2034 „ita
1022 2003 1103 2026 sese
1138 2003 1264 2035 gerere
1291 1994 1332 2024 vt
1357 1990 1446 2024 nihil
1472 1991 1591 2025 minus
1617 2003 1725 2035 quam
1752 1991 1878 2025 turbas

98 2049 160 2080 aut
195 2046 392 2080 discordias
427 2046 596 2080 affectare
628 2045 840 2080 videantur“
883 2046 943 2089 (ex
980 2045 1254 2085 commentari03
1294 2044 1335 2078 G.
1365 2043 1447 2089 Sup.
1480 2046 1495 2079 1
1525 2045 1550 2078 f.
1569 2045 1659 2088 40³).
1711 2045 1759 2078 At
1790 2044 1879 2079 haec

98 2100 252 2134 diversis
278 2100 450 2144 patebant
469 2099 849 2143 interpretationibus:
880 2098 1135 2142 „Contractum
1163 2098 1429 2141 germanicum“
1456 2097 1523 2139 (sic
1550 2098 1643 2132 enim
1663 2098 1876 2142 vocabatur)

98 2152 159 2187 alii
186 2153 256 2187 iam
284 2152 479 2187 censebant
504 2152 671 2186 illicitum
698 2153 900 2187 habendum
930 2164 1009 2187 esse
1027 2163 1190 2197 semper3
1219 2151 1290 2192 alii,
1315 2151 1430 2195 quoad
1451 2151 1665 2195 singillatim
1685 2154 1879 2192 constaret,

99 2206 131 2240 ei
154 2206 358 2240 adiunctam
379 2217 458 2240 esse
476 2205 634 2250 aliquam
662 2217 707 2240 ex
734 2206 839 2240 iustis
866 2206 996 2247 causis,
1025 2217 1115 2250 quas
1143 2204 1303 2249 theologi
1322 2204 1459 2238 romani
1479 2216 1509 2238 a.
1531 2204 1622 2238 1573
1640 2205 1877 2240 statuissent:

100 2259 161 2294 alii
195 2259 368 2294 eiusmodi
404 2270 550 2294 causam
588 2260 662 2293 fere
698 2271 842 2304 semper
877 2259 1003 2294 adesse
1030 2260 1180 2303 ideoque
1207 2258 1429 2299 sumendam,
1467 2270 1535 2292 non
1563 2258 1879 2292 demonstrandam

99 2324 189 2354 esse,
225 2315 262 2347 et
295 2315 486 2357 propterea
522 2315 729 2347 contractus
764 2313 1001 2356 germanicos,
1038 2313 1068 2346 si
1095 2324 1164 2346 non
1192 2315 1299 2352 certe,
1336 2311 1464 2346 saltem
1501 2311 1735 2356 probabiliter
1760 2311 1880 2346 licitos

100 2377 179 2402 esse
197 2377 312 2410 neque
330 2378 351 2401 a
370 2365 648 2409 magistratibus
666 2366 856 2400 universos
882 2366 1061 2411 prohiberi
1088 2377 1194 2410 posse
1218 2365 1495 2405 existimabant;
1523 2376 1588 2399 nec
1607 2376 1692 2398 vero
1719 2376 1880 2409 pugnare

102 2431 184 2454 cum
211 2430 252 2454 ea
289 2421 470 2454 sententia
505 2419 780 2464 prohibitionem
818 2419 1009 2464 pontificis,
1046 2421 1129 2463 quia
1156 2419 1291 2452 Rornae
1319 2430 1405 2452 vera
1440 2421 1648 2452 contractus
1684 2417 1880 2461 germanici

100 2473 191 2507 ratio
217 2484 399 2517 nunquam
427 2472 608 2517 explicata
635 2475 743 2507 esset.
795 2472 834 2507 P.
868 2475 1066 2517 Greyoriecs
1092 2472 1204 2516 igitur
1235 2472 1428 2514 Ifosephius
1461 2471 1680 2505 cathedralis
1706 2471 1880 2505 ecclesiae

100 2530 324 2570 augustanae
351 2527 575 2561 contionator
602 2526 786 2560 Everardo
814 2526 1039 2560 Mercuriano
1068 2525 1259 2560 Societatis
1287 2525 1367 2558 lesu
1395 2525 1599 2569 praeposito
1626 2524 1788 2568 generali
1809 2525 1882 2559 Au-

101 2582 209 2624 gusta
244 2579 512 2614 Vindelicorum
550 2579 606 2613 die
644 2580 698 2613 14.
728 2579 813 2613 Maii
855 2579 945 2614 1576
982 2580 1035 2614 sic
1070 2579 1268 2623 *scripsit:
1313 2577 1432 2619 „Quod
1469 2578 1602 2612 Romae
1642 2578 1881 2612 constitutum

100 2633 172 2667 fuit
205 2633 301 2667 circa
337 2635 560 2667 contractum
596 2632 639 2666 de
675 2633 695 2666 5
731 2644 794 2677 pro
838 2633 976 2673 cento“‚
1013 2633 1045 2666 id
1083 2632 1226 2676 quidem
1263 2630 1419 2664 fideliter
1453 2633 1489 2664 et
1523 2634 1672 2665 strenue
1708 2642 1883 2675 exequen-

101 2687 185 2720 dum
221 2697 287 2729 ego
325 2685 456 2720 curabo
483 2713 490 2720 .
521 2713 527 2720 .
558 2713 585 2726 .‚
626 2685 791 2727 „maioris
828 2686 921 2719 enim
957 2686 1050 2720 facio
1090 2684 1271 2730 pontificis
1307 2683 1530 2717 voluntatem
1571 2686 1606 2717 et
1642 2683 1882 2718 obedientiam

221 2769 248 2795 ai
271 2769 394 2793 Cori-eri
415 2776 450 2792 ez·
465 2766 669 2799 Marloratus;
692 2768 754 2792 ride
769 2776 870 2799 supra,
886 2776 918 2799 p.
939 2769 992 2792 572
1001 2768 1020 2792 ⁵.
1091 2765 1122 2798 b)
1146 2767 1269 2791 ‘orrea-i
1284 2774 1319 2791 ez
1333 2764 1529 2798 Egmundus;
1549 2766 1614 2790 vide
1628 2765 1722 2796 infra.
1744 2766 1843 2791 adnot.
1861 2767 1884 2790 1.

103 2891 158 2926 27.
179 2891 347 2925 Octobris
375 2890 467 2925 1580
501 2891 546 2924 ad
582 2890 675 2925 hanc
703 2890 837 2925 Canisii
865 2891 1057 2936 epistulam
1085 2890 1278 2935 respondit,
1314 2889 1596 2930 considerentur,
1633 2888 1789 2923 dubitari
1815 2899 1884 2921 non

102 2947 231 2990 potest,
268 2944 354 2988 quin
382 2943 548 2978 Canisius
573 2944 778 2987 significare
804 2943 960 2978 voluerit
994 2944 1218 2989 praeclarum
1254 2943 1354 2977 illum
1383 2942 1422 2977 P.
1442 2943 1611 2977 loannem
1637 2941 1884 2976 Maldonatum

105 2997 352 3041 (Maldonado)
371 2997 563 3042 hispanum
583 2997 866 3041 (1534—1583)‚
889 2997 1254 3040 „Commentariorum
1276 2997 1311 3030 in
1331 2998 1502 3040 quattuor
1516 2995 1791 3038 Evangelistas“
1816 2997 1885 3028 etc.

103 3053 298 3092 auctorem,
325 3050 386 3094 qui
413 3051 457 3084 ab
485 3061 577 3085 anno
597 3051 688 3085 1563
716 3062 831 3094 usque
854 3051 899 3085 ad
926 3050 993 3085 hoc
1018 3051 1094 3084 fere
1119 3053 1264 3094 tempus
1282 3049 1394 3084 variis
1413 3049 1553 3084 Galliae
1581 3048 1670 3083 locis
1698 3048 1886 3091 magister,

104 3103 269 3148 scriptor,
299 3103 465 3137 visitator
487 3103 618 3138 fuerat.

228 3158 238 3177 ¹
264 3155 476 3190 Edmundus
501 3156 702 3200 Augerius;
731 3157 776 3192 cf.
809 3158 894 3191 Can.
914 3156 946 3191 V
974 3157 1038 3195 942
1066 3156 1115 3190 VI
1143 3156 1223 3190 596.
