2051 3433
193 150 246 190 73
450 145 550 181 1810.
580 146 748 180 Canisius
775 145 926 181 Ernesto
955 147 1041 180 Bav.
1066 146 1186 191 princ„
1215 146 1322 191 episc.
1345 146 1485 190 frising.
1507 147 1705 182 administr.

311 263 395 305 Sed
428 263 669 318 blasphemi
702 267 803 307 sunt
835 265 962 319 plane
986 264 1324 315 CenturiatoreS,
1360 265 1427 317 qui
1453 268 1502 308 vt
1535 266 1692 309 nothos
1725 270 1768 309 et
1790 268 1960 322 spurios

194 329 438 370 EGCLESIAE
462 329 720 372 Germaniae
753 330 864 372 filios
890 344 936 372 se
960 344 1054 372 esse
1078 330 1392 381 demonstrant,
1427 331 1651 384 antiquum
1675 336 1718 375 ct
1741 334 1960 387 proprium

192 395 504 436 Germanorum
540 395 810 449 Apostolum,
854 399 898 438 et
931 396 1113 437 eundem
1157 398 1430 438 constantem
1464 396 1691 439 CHRISTI
1723 402 1960 452 martyrem

192 460 488 510 BouirAcwM,
523 474 607 502 non
631 461 771 502 minus
796 461 957 514 perfide
980 461 1214 514 abnegant,
1250 475 1379 514 quam
1402 462 1712 504 contumeliose
1744 462 1958 506 insectan-

190 529 283 567 tur:
317 525 442 567 huius
475 529 618 567 autem
654 527 747 568 loco
781 526 1029 567 adsciscunt
1060 529 1104 567 et
1128 526 1355 567 Germanis
1379 526 1628 578 obtrudunt,
1663 541 1747 569 non
1774 528 1960 578 Patrem,

191 590 267 632 sed
284 593 451 645 pestem
472 591 659 641 Patriae,
687 591 988 633 Germanicum
1007 590 1062 643 (si
1081 591 1256 645 Superis
1280 591 1441 646 placet)
1464 592 1721 646 prophetam
1740 593 1959 644 Luterum,

191 655 310 696 cuius
343 669 449 697 voce
482 670 532 697 ac
565 656 817 706 ministerio,
861 659 909 698 vt
941 656 1154 709 inquiunt,
1188 656 1262 698 lux
1297 657 1524 711 Euangelij
1560 658 1682 711 quasi
1715 672 1738 700 e
1770 659 1963 702 tenebris

194 720 478 774 Aegyptiacis
511 724 719 763 reuocata
752 723 830 764 est.

312 792 370 833 At
404 806 427 833 o
460 792 588 844 longe
622 792 858 834 beatiorem
892 792 936 834 in
970 795 1154 846 Vtroque
1187 796 1308 836 statu
1343 793 1632 845 Germaniam,
1679 794 1715 836 si
1746 794 1853 836 haec
1885 809 1962 837 suo

193 857 402 910 Apostolo
435 859 480 899 et
512 858 702 900 Doctore
735 858 872 912 primo
907 860 1126 909 contenta,
1168 858 1300 901 tertio
1336 859 1501 909 Heliae,
1543 873 1669 912 quem
1702 862 1876 911 vocant,
1920 864 1964 902 et

191 935 302 963 nouo
338 921 594 964 Germanico
628 924 880 977 prophetae,
928 923 1109 977 alijsque
1153 924 1681 978 pseudoapostolis1
1713 928 1757 967 et
1797 925 1963 967 falsis

191 987 514 1040 prophetis2
556 988 720 1031 aditum
763 992 808 1031 et
849 989 1081 1043 hospitium
1114 990 1278 1030 nullum
1314 989 1596 1043 praebuisset,
1643 1004 1783 1043 neque
1823 990 1962 1032 lucem

192 1052 419 1106 Euangelij
444 1053 514 1094 vel
537 1053 759 1096 doctrinae
782 1054 925 1105 aliam,
960 1054 1040 1096 nisi
1065 1068 1090 1096 a
1116 1055 1371 1105 Bommcm,
1396 1055 1573 1108 eiusque
1595 1055 1725 1110 socijs
1748 1058 1792 1098 et
1813 1055 1963 1110 primis

190 1117 232 1157 in
258 1117 491 1160 Germania,
515 1118 741 1173 Episcopis
764 1119 986 1170 traditam,
1022 1120 1143 1162 velut
1166 1121 1264 1174 dep
1280 1120 1481 1162 ositum
1505 1120 1817 1174 Apostolicum,
1852 1121 1964 1162 bona

192 1182 273 1223 fide
307 1184 760 1226 custodiuisset3.
810 1185 877 1227 Ita
900 1185 1096 1239 profecto
1119 1199 1203 1226 non
1227 1188 1317 1227 tam
1350 1186 1476 1228 tetris
1510 1189 1554 1228 et
1587 1185 1812 1228 horrendis
1845 1199 1963 1228 erro-

190 1260 285 1288 rum
319 1252 623 1302 sectarumque
657 1250 848 1291 tenebris
881 1250 1098 1301 immersa,
1144 1265 1229 1292 non
1262 1254 1329 1293 tot
1362 1251 1611 1293 exitialibus
1644 1252 1830 1293 motibus
1863 1265 1960 1293 con-

191 1325 330 1363 cussa,
366 1328 447 1355 non
482 1316 573 1356 tam
607 1315 804 1368 grauiter
836 1320 880 1357 et
913 1316 1068 1358 misere
1090 1316 1227 1358 scissa
1260 1316 1589 1369 deformataque
1623 1317 1788 1359 iaceret
1809 1317 1964 1359 nobilis

193 1378 437 1428 Germania,
473 1379 548 1421 sed
581 1394 688 1422 vera
719 1380 818 1422 fidei
852 1381 960 1431 luce,
996 1384 1041 1423 et
1073 1381 1247 1439 amabili
1281 1395 1399 1435 pace,
1435 1382 1736 1435 communique
1768 1381 1963 1424 florentis

192 1443 362 1497 Imperij
397 1444 614 1496 libertate,
658 1448 702 1487 et
735 1446 874 1489 veteri
906 1447 1226 1500 tranquillitate
1258 1446 1374 1489 laete
1407 1447 1545 1489 adhuc
1578 1449 1622 1489 et
1655 1447 1825 1501 integre
1866 1460 1962 1501 per-

191 1508 422 1551 frueretur.

311 1574 432 1626 Quid,
459 1575 572 1628 quod
596 1576 722 1629 ijdem
743 1573 1079 1628 Centuriatores,
1107 1591 1202 1619 cum
1227 1591 1374 1619 omnes
1394 1578 1639 1619 ECCLESIAE
1662 1577 1965 1632 peruestigant

193 1641 376 1690 aetates,
420 1641 582 1682 nullum
626 1642 818 1696 reperire
859 1644 1049 1685 seculum
1092 1645 1286 1697 possunt,
1331 1657 1413 1695 quo
1455 1644 1707 1697 incorrupta
1749 1643 1802 1685 de
1835 1642 1962 1685 Iusti-

193 1705 394 1747 ficatione
418 1706 626 1757 doctrina,
661 1707 844 1761 integre,
881 1708 960 1750 hoc
983 1712 1062 1756 est,
1097 1723 1152 1750 ex
1174 1709 1322 1750 Luteri
1349 1722 1539 1761 suaeque
1562 1713 1708 1751 sectae
1731 1708 1961 1754 sententia,

193 1769 250 1812 sit
282 1771 446 1814 tradita
479 1775 522 1814 et
555 1777 844 1817 conseruata?
892 1774 992 1816 Non
1022 1774 1108 1816 illis
1132 1777 1332 1828 quartum
1356 1774 1501 1827 placet
1533 1774 1724 1816 seculum
1760 1773 1898 1826 (Cent.
1923 1777 1960 1815 4.

193 1849 229 1878 c,
254 1835 327 1888 4.)‚
353 1837 465 1889 quod
489 1839 834 1892 spectatissimos
858 1840 958 1882 tulit
981 1840 1147 1890 Patres,
1174 1838 1474 1890 Athanasium,
1500 1838 1722 1889 Basilium,
1747 1841 1964 1892 vtrunque

196 1901 449 1954 Gregorium
466 1903 494 1953 4,
538 1903 840 1958 Epiphanium,
885 1905 1259 1958 Chrysostomum,
1304 1904 1593 1954 Ambrosium,
1638 1904 1962 1958 Hieronymum,

195 1966 308 2019 quod
341 1968 532 2009 seculum
565 1969 608 2010 in
633 1970 816 2011 articulo
842 1970 1166 2013 iustificationis
1190 1971 1241 2012 de
1264 1970 1571 2024 Apostolorum
1597 1969 1795 2011 doctrina
1818 1969 1965 2023 procul

194 2032 427 2074 desciuisse
460 2037 742 2086 querunturf'.
800 2035 898 2077 Non
931 2036 1073 2090 placet
1105 2036 1282 2079 tertium
1316 2034 1455 2088 (Ceut.
1481 2037 1520 2077 3.
1555 2049 1589 2077 c.
1614 2034 1688 2087 4.)‚
1723 2034 1836 2087 quod
1859 2034 1964 2076 Ter-

193 2097 414 2149 tullianus,
458 2099 721 2154 Cyprianus,
766 2100 977 2155 Origenes
1019 2104 1064 2144 et
1104 2101 1321 2143 Arnobius
1365 2099 1607 2155 praestanti
1648 2114 1725 2141 sua
1768 2099 1966 2142 doctrina

193 2162 482 2207 illustrarunt.
547 2164 662 2207 Nam
695 2168 798 2208 tunc
832 2166 963 2209 etiam
997 2167 1237 2209 doctrinam
1271 2167 1323 2208 de
1356 2165 1680 2215 Iustificatione,
1727 2165 1834 2207 adeo
1867 2178 1962 2219 per·

196 2228 322 2281 plexe
340 2231 384 2271 et
402 2229 579 2272 confuse
596 2234 834 2274 tractatam
855 2231 1014 2283 dicunt,
1040 2235 1088 2274 vt
1107 2245 1237 2274 verae
1257 2231 1477 2273 doctrinae
1499 2231 1637 2272 lucem
1658 2230 1964 2284 propemodum

195 2293 392 2336 amisisse
426 2295 669 2339 videaturss.
735 2297 834 2338 Non
867 2298 1099 2339 secundum
1144 2299 1188 2339 et
1219 2297 1527 2351 Apostolorum
1567 2296 1834 2350 temporibus
1865 2309 1964 2350 pro—

195 2450 424 2495 synagogam
453 2453 585 2487 auxit.“
642 2453 899 2488 Willibrordus
930 2454 1160 2497 „pontificios
1187 2466 1328 2489 errores
1353 2454 1543 2500 plerosque
1574 2453 1699 2488 habuit
1725 2453 1767 2487 de
1793 2453 1868 2487 uita
1895 2464 1964 2488 mo·
2029 2464 2031 2507 ᾖ

194 2505 344 2546 nastica,
372 2508 408 2539 et
426 2506 468 2540 (le
486 2507 740 2543 traditionibus
759 2508 936 2549 humanis,
956 2509 1000 2542 de
1019 2508 1175 2554 primatu
1195 2508 1346 2543 Romani
1367 2508 1562 2550 pontificis,
1582 2507 1624 2542 de
1643 2507 1742 2541 cultu
1760 2508 1965 2541 sanctorum
2029 2510 2031 2518 ¹

198 2561 429 2600 mortuorum,
466 2562 501 2594 et
527 2561 696 2596 similes.“
751 2561 938 2605 Ludgerus
969 2561 1179 2604 „Erroribus
1215 2561 1410 2607 pontificijs
1436 2561 1478 2595 de
1503 2560 1756 2595 traditionibus
1790 2559 1966 2600 humanis,

195 2613 231 2644 et
258 2612 333 2645 uita
360 2613 559 2647 monastica
586 2614 746 2649 imbutus
784 2615 863 2649 fuit.
915 2615 968 2649 Ac
994 2618 1186 2659 utrumque
1214 2615 1372 2659 gladium
1401 2615 1577 2659 episcopis
1604 2616 1817 2659 competere,
1853 2614 1967 2647 sensit

195 2666 320 2698 contra
358 2665 492 2700 Christi
531 2667 785 2703 interdictum:
824 2668 1011 2713 Principes
1047 2670 1208 2712 gentium
1245 2669 1492 2703 dominantur:
1533 2679 1598 2701 uos
1633 2670 1752 2701 autem
1789 2678 1858 2701 non
1893 2667 1964 2701 sic:

200 2718 369 2752 Centuria
392 2718 476 2753 VIlI
503 2732 580 2766 cap.
606 2722 647 2756 10
674 2721 711 2766 (l.
733 2734 773 2761 c,
801 2733 829 2756 c.
851 2722 895 2756 10
922 2721 987 2756 col.
1009 2722 1076 2756 787
1104 2722 1173 2757 810
1200 2722 1268 2757 813
1295 2722 1394 2764 815).

319 2778 328 2797 ¹
355 2778 376 2811 2
404 2778 472 2813 Cor
500 2780 552 2821 ll,
583 2781 634 2823 13,
782 2782 795 2802 ‘⁴'
821 2781 876 2815 Mt
894 2781 925 2822 7,
956 2781 1018 2822 l5;
1045 2782 1090 2815 cf.
1110 2780 1203 2815 Zach
1238 2781 1290 2822 13,
1319 2780 1358 2821 2;
1387 2780 1446 2814 Mc
1466 2779 1519 2822 13,
1547 2779 1611 2821 22;
1639 2779 1660 2813 2
1679 2779 1766 2813 Petr
1792 2778 1823 2820 2,
1853 2779 1867 2812 1
1898 2780 1964 2813 etc.

316 2831 329 2850 ³
358 2832 371 2864 1
402 2832 479 2866 Tim
508 2834 538 2874 6,
566 2834 629 2875 20;
659 2834 679 2868 2
706 2834 784 2868 Tim
813 2835 842 2876 1,
872 2834 926 2869 14.
1074 2837 1086 2855 ⁴
1113 2835 1378 2868 Nazianzenum
1406 2836 1442 2867 et
1469 2833 1686 2877 Nyssenum.

316 2884 329 2903 ⁵
359 2885 460 2926 „Jam
483 2887 616 2929 cogitet
642 2888 722 2931 pius
749 2888 871 2929 lector,
899 2899 1005 2932 quam
1025 2888 1148 2932 procul
1174 2887 1262 2921 haec
1281 2889 1392 2928 aetas,
1418 2886 1453 2920 in
1481 2886 1546 2920 hoc
1565 2884 1726 2926 articulo,
1753 2884 1796 2919 de
1814 2884 1964 2929 Aposto-

195 2936 310 2970 lorum
337 2938 499 2972 doctrina
525 2940 762 2976 desciuerit⁴⁴z
791 2940 925 2983 Quarta
953 2940 1123 2975 Centuria
1149 2940 1426 2975 Ecclesiasticus
1449 2938 1628 2974 Historiae
1646 2965 1653 2972 .
1673 2965 1680 2973 .
1702 2965 1709 2973 .
1740 2938 1806 2972 Per
1829 2938 1966 2981 aliquot

196 2990 376 3026 studiosos
403 2995 438 3026 et
463 2993 541 3037 pios
570 2996 669 3028 uiros
696 2996 733 3028 in
754 2995 839 3028 urbe
858 2996 1146 3038 Maydeburyicm
1174 2994 1337 3028 Basileae
1367 2994 1466 3035 1560,
1493 3004 1522 3027 c.
1541 2993 1573 3032 4,
1601 2992 1644 3026 de
1670 2991 1770 3026 bonis
1788 2992 1965 3037 operibus,
2025 3041 2027 3048 A

197 3044 262 3079 CO]-
283 3045 410 3134 223‘Ita
447 3099 481 3133 in
518 3101 689 3135 Centaria
726 3101 786 3143 Ill,
815 3113 843 3136 c.
871 3102 904 3141 4,
941 3101 992 3135 De
1027 3101 1128 3135 bonis
1163 3100 1331 3145 operibus
1359 3098 1653 3144 (Ecclesiasticae
1681 3097 1860 3133 Historiae
1895 3099 1962 3132 etc.

198 3152 282 3196 [vol.
302 3153 339 3192 1.,
366 3156 405 3187 ut
431 3165 540 3199 supra
567 3166 598 3199 p.
619 3155 713 3197 7οἾΙ
742 3156 842 3189 cent.
863 3155 923 3196 111,
951 3166 979 3189 c.
999 3156 1030 3195 4,
1059 3154 1124 3189 col.
1144 3154 1217 3198 53).
