<?xml version="1.0" encoding="UTF-8"?>
<!DOCTYPE html PUBLIC "-//W3C//DTD XHTML 1.0 Transitional//EN"
    "http://www.w3.org/TR/xhtml1/DTD/xhtml1-transitional.dtd">
<html xmlns="http://www.w3.org/1999/xhtml" xml:lang="en" lang="en">
 <head>
  <title>
</title>
<meta http-equiv="Content-Type" content="text/html;charset=utf-8" />
  <meta name='ocr-system' content='tesseract 3.04.00' />
  <meta name='ocr-capabilities' content='ocr_page ocr_carea ocr_par ocr_line ocrx_word'/>
</head>
<body>
  <div class='ocr_page' id='page_1' title='image "beatipetricanisi07cani_0440.png"; bbox 0 0 2051 3433; ppageno 0'>
   <div class='ocr_carea' id='block_1_1' title="bbox 235 159 1865 206">
    <p class='ocr_par' dir='ltr' id='par_1_1' title="bbox 235 159 1865 206">
     <span class='ocr_line' id='line_1_1' title="bbox 235 159 1865 206; baseline 0.002 -12"><span class='ocrx_word' id='word_1_1' title='bbox 235 164 319 205; x_wconf 82' lang='lat'>346</span> <span class='ocrx_word' id='word_1_2' title='bbox 376 159 479 195; x_wconf 82' lang='lat'>1952.</span> <span class='ocrx_word' id='word_1_3' title='bbox 507 159 673 195; x_wconf 87' lang='lat' dir='ltr'>Canisius</span> <span class='ocrx_word' id='word_1_4' title='bbox 700 160 795 194; x_wconf 84' lang='lat' dir='ltr'>card.</span> <span class='ocrx_word' id='word_1_5' title='bbox 823 160 945 195; x_wconf 86' lang='lat' dir='ltr'>Ioanni</span> <span class='ocrx_word' id='word_1_6' title='bbox 972 160 1131 195; x_wconf 90' lang='lat' dir='ltr'>Morono.</span> <span class='ocrx_word' id='word_1_7' title='bbox 1169 160 1371 206; x_wconf 85' lang='lat' dir='ltr'>Oeniponte</span> <span class='ocrx_word' id='word_1_8' title='bbox 1397 160 1492 196; x_wconf 89' lang='lat' dir='ltr'>circa</span> <span class='ocrx_word' id='word_1_9' title='bbox 1519 161 1551 196; x_wconf 91' lang='lat' dir='ltr'>d.</span> <span class='ocrx_word' id='word_1_10' title='bbox 1571 162 1627 197; x_wconf 85' lang='lat'>23.</span> <span class='ocrx_word' id='word_1_11' title='bbox 1646 162 1731 197; x_wconf 85' lang='lat' dir='ltr'>Maii</span> <span class='ocrx_word' id='word_1_12' title='bbox 1761 163 1865 198; x_wconf 97' lang='lat'>1576.</span> 
     </span>
    </p>
   </div>
   <div class='ocr_carea' id='block_1_2' title="bbox 231 277 2012 1124">
    <p class='ocr_par' dir='ltr' id='par_1_2' title="bbox 231 277 2012 1124">
     <span class='ocr_line' id='line_1_2' title="bbox 234 277 2010 325; baseline 0.002 -14"><span class='ocrx_word' id='word_1_13' title='bbox 234 288 339 321; x_wconf 87' lang='lat' dir='ltr'>posse</span> <span class='ocrx_word' id='word_1_14' title='bbox 376 278 573 317; x_wconf 87' lang='lat' dir='ltr'>censuerit;</span> <span class='ocrx_word' id='word_1_15' title='bbox 617 277 702 310; x_wconf 89' lang='lat' dir='ltr'>item</span> <span class='ocrx_word' id='word_1_16' title='bbox 739 277 984 321; x_wconf 81' lang='lat' dir='ltr'>intellegitur,</span> <span class='ocrx_word' id='word_1_17' title='bbox 1027 278 1112 322; x_wconf 92' lang='lat' dir='ltr'>quid</span> <span class='ocrx_word' id='word_1_18' title='bbox 1155 277 1299 312; x_wconf 86' lang='lat' dir='ltr'>nomina</span> <span class='ocrx_word' id='word_1_19' title='bbox 1342 277 1377 312; x_wconf 91' lang='lat' dir='ltr'>in</span> <span class='ocrx_word' id='word_1_20' title='bbox 1420 278 1533 313; x_wconf 85' lang='lat' dir='ltr'>altera</span> <span class='ocrx_word' id='word_1_21' title='bbox 1571 278 1678 314; x_wconf 89' lang='lat' dir='ltr'>huius</span> <span class='ocrx_word' id='word_1_22' title='bbox 1716 279 1842 324; x_wconf 84' lang='lat' dir='ltr'>scripti</span> <span class='ocrx_word' id='word_1_23' title='bbox 1879 280 2010 325; x_wconf 86' lang='lat' dir='ltr'>pagina</span> 
     </span>
     <span class='ocr_line' id='line_1_3' title="bbox 234 330 2010 376; baseline 0.002 -12"><span class='ocrx_word' id='word_1_24' title='bbox 234 341 341 365; x_wconf 83' lang='lat' dir='ltr'>manu</span> <span class='ocrx_word' id='word_1_25' title='bbox 384 331 508 374; x_wconf 85' lang='lat' dir='ltr'>ignota</span> <span class='ocrx_word' id='word_1_26' title='bbox 552 330 707 372; x_wconf 90' lang='lat' dir='ltr'>(Moroni</span> <span class='ocrx_word' id='word_1_27' title='bbox 749 330 911 375; x_wconf 68' lang='lat' dir='ltr'>ipsius52)</span> <span class='ocrx_word' id='word_1_28' title='bbox 966 333 1084 376; x_wconf 86' lang='lat' dir='ltr'>posita</span> <span class='ocrx_word' id='word_1_29' title='bbox 1134 331 1202 365; x_wconf 84' lang='lat' dir='ltr'>sibi</span> <span class='ocrx_word' id='word_1_30' title='bbox 1241 331 1375 366; x_wconf 85' lang='lat' dir='ltr'>velint:</span> <span class='ocrx_word' id='word_1_31' title='bbox 1436 332 1584 366; x_wconf 90' lang='lat' dir='ltr'>Morono</span> <span class='ocrx_word' id='word_1_32' title='bbox 1636 333 1671 366; x_wconf 90' lang='lat' dir='ltr'>in</span> <span class='ocrx_word' id='word_1_33' title='bbox 1717 334 2010 374; x_wconf 74' lang='grc' dir='ltr'>Ἰ111511110110110“,</span> 
     </span>
     <span class='ocr_line' id='line_1_4' title="bbox 233 383 2010 431; baseline 0.002 -15"><span class='ocrx_word' id='word_1_34' title='bbox 233 394 339 427; x_wconf 88' lang='lat' dir='ltr'>quam</span> <span class='ocrx_word' id='word_1_35' title='bbox 376 395 484 429; x_wconf 86' lang='lat' dir='ltr'>supra</span> <span class='ocrx_word' id='word_1_36' title='bbox 520 384 605 424; x_wconf 84' lang='lat' dir='ltr'><strong>dixi,</strong></span> <span class='ocrx_word' id='word_1_37' title='bbox 641 383 887 428; x_wconf 73' lang='lat' dir='ltr'>significatum</span> <span class='ocrx_word' id='word_1_38' title='bbox 923 388 1011 424; x_wconf 73' lang='lat' dir='ltr'>erat,</span> <span class='ocrx_word' id='word_1_39' title='bbox 1051 385 1232 430; x_wconf 85' lang='lat' dir='ltr'>expedire,</span> <span class='ocrx_word' id='word_1_40' title='bbox 1268 388 1309 419; x_wconf 87' lang='lat' dir='ltr'>ut</span> <span class='ocrx_word' id='word_1_41' title='bbox 1335 397 1404 418; x_wconf 89' lang='lat' dir='ltr'>non</span> <span class='ocrx_word' id='word_1_42' title='bbox 1431 385 1546 419; x_wconf 90' lang='lat' dir='ltr'>solum</span> <span class='ocrx_word' id='word_1_43' title='bbox 1574 397 1653 420; x_wconf 93' lang='lat' dir='ltr'>cum</span> <span class='ocrx_word' id='word_1_44' title='bbox 1681 386 1911 431; x_wconf 88' lang='lat' dir='ltr'>principibus,</span> <span class='ocrx_word' id='word_1_45' title='bbox 1947 386 2010 420; x_wconf 87' lang='lat' dir='ltr'>sed</span> 
     </span>
     <span class='ocr_line' id='line_1_5' title="bbox 233 437 2012 483; baseline 0.002 -13"><span class='ocrx_word' id='word_1_46' title='bbox 233 437 340 471; x_wconf 86' lang='lat' dir='ltr'>etiam</span> <span class='ocrx_word' id='word_1_47' title='bbox 368 449 449 471; x_wconf 89' lang='lat' dir='ltr'>cum</span> <span class='ocrx_word' id='word_1_48' title='bbox 485 449 606 471; x_wconf 86' lang='lat' dir='ltr'>eorum</span> <span class='ocrx_word' id='word_1_49' title='bbox 643 437 880 479; x_wconf 87' lang='lat' dir='ltr'>consiliariis,</span> <span class='ocrx_word' id='word_1_50' title='bbox 915 438 946 472; x_wconf 89' lang='lat' dir='ltr'>si</span> <span class='ocrx_word' id='word_1_51' title='bbox 981 439 1041 482; x_wconf 90' lang='lat' dir='ltr'>qui</span> <span class='ocrx_word' id='word_1_52' title='bbox 1077 438 1272 483; x_wconf 77' lang='lat' dir='ltr'>prudentes</span> <span class='ocrx_word' id='word_1_53' title='bbox 1308 441 1429 472; x_wconf 81' lang='lat' dir='ltr'><strong>essent</strong></span> <span class='ocrx_word' id='word_1_54' title='bbox 1466 443 1574 483; x_wconf 84' lang='lat' dir='ltr'>atque</span> <span class='ocrx_word' id='word_1_55' title='bbox 1600 439 1672 480; x_wconf 85' lang='lat' dir='ltr'>fidi,</span> <span class='ocrx_word' id='word_1_56' title='bbox 1707 438 1850 482; x_wconf 85' lang='lat' dir='ltr'>legatus</span> <span class='ocrx_word' id='word_1_57' title='bbox 1885 442 2012 483; x_wconf 77' lang='lat' dir='ltr'>ageret</span> 
     </span>
     <span class='ocr_line' id='line_1_6' title="bbox 232 491 2010 537; baseline 0.002 -13"><span class='ocrx_word' id='word_1_58' title='bbox 232 501 426 534; x_wconf 86' lang='lat' dir='ltr'>eorumque</span> <span class='ocrx_word' id='word_1_59' title='bbox 453 502 561 535; x_wconf 88' lang='lat' dir='ltr'>opera</span> <span class='ocrx_word' id='word_1_60' title='bbox 588 493 751 524; x_wconf 85' lang='lat' dir='ltr'>uteretur</span> <span class='ocrx_word' id='word_1_61' title='bbox 780 491 943 532; x_wconf 79' lang='lat' dir='ltr'>(Hansen</span> <span class='ocrx_word' id='word_1_62' title='bbox 972 491 993 525; x_wconf 91' lang='grc'>1.</span> <span class='ocrx_word' id='word_1_63' title='bbox 1017 503 1045 525; x_wconf 91' lang='grc'>0.</span> <span class='ocrx_word' id='word_1_64' title='bbox 1068 492 1139 535; x_wconf 90' lang='lat'>16).</span> <span class='ocrx_word' id='word_1_65' title='bbox 1184 491 1356 525; x_wconf 90' lang='lat' dir='ltr'>Moronus</span> <span class='ocrx_word' id='word_1_66' title='bbox 1388 491 1500 535; x_wconf 84' lang='lat' dir='ltr'>igitur</span> <span class='ocrx_word' id='word_1_67' title='bbox 1526 492 1842 537; x_wconf 88' lang='lat' dir='ltr'>oenipontanorum</span> <span class='ocrx_word' id='word_1_68' title='bbox 1869 504 2010 537; x_wconf 88' lang='lat' dir='ltr'>quoque</span> 
     </span>
     <span class='ocr_line' id='line_1_7' title="bbox 232 543 2010 590; baseline 0.001 -13"><span class='ocrx_word' id='word_1_69' title='bbox 232 543 515 578; x_wconf 81' lang='lat' dir='ltr'>consiliariorum</span> <span class='ocrx_word' id='word_1_70' title='bbox 541 544 685 577; x_wconf 85' lang='lat' dir='ltr'>nomina</span> <span class='ocrx_word' id='word_1_71' title='bbox 711 544 848 587; x_wconf 78' lang='lat' dir='ltr'>aliquot</span> <span class='ocrx_word' id='word_1_72' title='bbox 873 545 940 579; x_wconf 92' lang='lat' dir='ltr'>sibi</span> <span class='ocrx_word' id='word_1_73' title='bbox 967 545 1124 579; x_wconf 84' lang='lat' dir='ltr'>notanda</span> <span class='ocrx_word' id='word_1_74' title='bbox 1151 556 1230 579; x_wconf 87' lang='lat' dir='ltr'>esse</span> <span class='ocrx_word' id='word_1_75' title='bbox 1257 544 1499 587; x_wconf 83' lang='lat' dir='ltr'>existimabat,</span> <span class='ocrx_word' id='word_1_76' title='bbox 1527 545 1701 580; x_wconf 84' lang='lat' dir='ltr'>consultis</span> <span class='ocrx_word' id='word_1_77' title='bbox 1720 545 1920 590; x_wconf 85' lang='lat' dir='ltr'>Oeniponte</span> <span class='ocrx_word' id='word_1_78' title='bbox 1940 558 2010 580; x_wconf 94' lang='lat' dir='ltr'>uno</span> 
     </span>
     <span class='ocr_line' id='line_1_8' title="bbox 232 596 2010 644; baseline 0.002 -14"><span class='ocrx_word' id='word_1_79' title='bbox 232 596 291 630; x_wconf 86' lang='lat' dir='ltr'>vel</span> <span class='ocrx_word' id='word_1_80' title='bbox 318 616 361 620; x_wconf 91' lang='lat'><em>—</em></span> <span class='ocrx_word' id='word_1_81' title='bbox 391 597 422 631; x_wconf 89' lang='lat' dir='ltr'>id</span> <span class='ocrx_word' id='word_1_82' title='bbox 460 598 553 641; x_wconf 87' lang='lat' dir='ltr'>quod</span> <span class='ocrx_word' id='word_1_83' title='bbox 591 597 677 631; x_wconf 90' lang='lat' dir='ltr'>mihi</span> <span class='ocrx_word' id='word_1_84' title='bbox 713 598 830 641; x_wconf 84' lang='lat' dir='ltr'>magis</span> <span class='ocrx_word' id='word_1_85' title='bbox 867 598 1039 643; x_wconf 89' lang='lat' dir='ltr'>probatur</span> <span class='ocrx_word' id='word_1_86' title='bbox 1065 618 1109 621; x_wconf 97' lang='lat'><strong>—</strong></span> <span class='ocrx_word' id='word_1_87' title='bbox 1138 598 1275 632; x_wconf 83' lang='lat' dir='ltr'>duobus</span> <span class='ocrx_word' id='word_1_88' title='bbox 1310 598 1399 632; x_wconf 84' lang='lat' dir='ltr'>viris</span> <span class='ocrx_word' id='word_1_89' title='bbox 1433 599 1510 633; x_wconf 87' lang='lat' dir='ltr'>eius</span> <span class='ocrx_word' id='word_1_90' title='bbox 1545 599 1597 633; x_wconf 88' lang='lat' dir='ltr'>rei</span> <span class='ocrx_word' id='word_1_91' title='bbox 1633 599 1770 644; x_wconf 86' lang='lat' dir='ltr'>peritis,</span> <span class='ocrx_word' id='word_1_92' title='bbox 1805 611 1824 634; x_wconf 93' lang='lat' dir='ltr'>e</span> <span class='ocrx_word' id='word_1_93' title='bbox 1859 610 2010 643; x_wconf 87' lang='lat' dir='ltr'>quorum</span> 
     </span>
     <span class='ocr_line' id='line_1_9' title="bbox 231 650 2011 697; baseline 0.001 -13"><span class='ocrx_word' id='word_1_94' title='bbox 231 661 379 684; x_wconf 91' lang='lat' dir='ltr'>numero</span> <span class='ocrx_word' id='word_1_95' title='bbox 426 650 610 684; x_wconf 86' lang='lat' dir='ltr'>Canisium</span> <span class='ocrx_word' id='word_1_96' title='bbox 654 650 766 685; x_wconf 86' lang='lat' dir='ltr'>fuisse</span> <span class='ocrx_word' id='word_1_97' title='bbox 805 651 911 685; x_wconf 89' lang='lat' dir='ltr'>valde</span> <span class='ocrx_word' id='word_1_98' title='bbox 949 651 1146 686; x_wconf 90' lang='lat' dir='ltr'>verisimile</span> <span class='ocrx_word' id='word_1_99' title='bbox 1184 655 1257 691; x_wconf 86' lang='lat' dir='ltr'>est;</span> <span class='ocrx_word' id='word_1_100' title='bbox 1298 652 1350 686; x_wconf 88' lang='lat' dir='ltr'>sic</span> <span class='ocrx_word' id='word_1_101' title='bbox 1391 653 1514 697; x_wconf 87' lang='lat' dir='ltr'>itaque</span> <span class='ocrx_word' id='word_1_102' title='bbox 1550 653 1585 687; x_wconf 91' lang='lat' dir='ltr'>in</span> <span class='ocrx_word' id='word_1_103' title='bbox 1624 652 1757 697; x_wconf 82' lang='lat' dir='ltr'>pagina</span> <span class='ocrx_word' id='word_1_104' title='bbox 1795 652 1858 686; x_wconf 87' lang='lat' dir='ltr'>illa</span> <span class='ocrx_word' id='word_1_105' title='bbox 1896 653 2011 686; x_wconf 86' lang='lat' dir='ltr'>altera</span> 
     </span>
     <span class='ocr_line' id='line_1_10' title="bbox 232 702 2010 748; baseline 0.001 -11"><span class='ocrx_word' id='word_1_106' title='bbox 232 702 434 748; x_wconf 88' lang='lat' dir='ltr'>*scriptum</span> <span class='ocrx_word' id='word_1_107' title='bbox 463 707 537 738; x_wconf 83' lang='lat' dir='ltr'>est:</span> <span class='ocrx_word' id='word_1_108' title='bbox 569 704 802 746; x_wconf 84' lang='lat' dir='ltr'>„Franciscus</span> <span class='ocrx_word' id='word_1_109' title='bbox 829 716 849 738; x_wconf 92' lang='lat' dir='ltr'>a</span> <span class='ocrx_word' id='word_1_110' title='bbox 868 704 1093 748; x_wconf 60' lang='lat' dir='ltr'>WVeenghem</span> <span class='ocrx_word' id='word_1_111' title='bbox 1121 705 1357 740; x_wconf 76' lang='lat' dir='ltr'>consiliarius.</span> <span class='ocrx_word' id='word_1_112' title='bbox 1398 705 1524 740; x_wconf 88' lang='lat' dir='ltr'>Comes</span> <span class='ocrx_word' id='word_1_113' title='bbox 1552 705 1739 740; x_wconf 86' lang='lat' dir='ltr'>Giuelmus</span> <span class='ocrx_word' id='word_1_114' title='bbox 1766 706 1808 740; x_wconf 85' lang='lat' dir='ltr'>de</span> <span class='ocrx_word' id='word_1_115' title='bbox 1835 706 2010 739; x_wconf 88' lang='lat' dir='ltr'>Zimbrem</span> 
     </span>
     <span class='ocr_line' id='line_1_11' title="bbox 233 755 2010 803; baseline 0.002 -13"><span class='ocrx_word' id='word_1_116' title='bbox 233 755 454 800; x_wconf 51' lang='lat' dir='ltr'>[Zimmernf</span> <span class='ocrx_word' id='word_1_117' title='bbox 476 757 559 791; x_wconf 89' lang='lat' dir='ltr'>vide</span> <span class='ocrx_word' id='word_1_118' title='bbox 585 757 693 802; x_wconf 90' lang='lat' dir='ltr'>paulo</span> <span class='ocrx_word' id='word_1_119' title='bbox 720 756 828 801; x_wconf 89' lang='lat' dir='ltr'>infra]</span> <span class='ocrx_word' id='word_1_120' title='bbox 856 757 1086 792; x_wconf 87' lang='lat' dir='ltr'>Marchalcus</span> <span class='ocrx_word' id='word_1_121' title='bbox 1113 760 1180 792; x_wconf 81' lang='lat' dir='ltr'>etc.</span> <span class='ocrx_word' id='word_1_122' title='bbox 1232 759 1358 792; x_wconf 81' lang='lat' dir='ltr'>Frater</span> <span class='ocrx_word' id='word_1_123' title='bbox 1386 758 1564 803; x_wconf 82' lang='lat' dir='ltr'>Georgius</span> <span class='ocrx_word' id='word_1_124' title='bbox 1591 760 1767 803; x_wconf 84' lang='lat' dir='ltr'>benignus</span> <span class='ocrx_word' id='word_1_125' title='bbox 1794 759 1836 793; x_wconf 86' lang='lat' dir='ltr'>de</span> <span class='ocrx_word' id='word_1_126' title='bbox 1863 759 2010 793; x_wconf 90' lang='lat' dir='ltr'>Doionis</span> 
     </span>
     <span class='ocr_line' id='line_1_12' title="bbox 231 809 2011 857; baseline 0.001 -14"><span class='ocrx_word' id='word_1_127' title='bbox 231 810 446 844; x_wconf 77' lang='lat' dir='ltr'>Belunensis</span> <span class='ocrx_word' id='word_1_128' title='bbox 477 809 637 855; x_wconf 88' lang='lat' dir='ltr'>[Ordinis</span> <span class='ocrx_word' id='word_1_129' title='bbox 668 810 846 844; x_wconf 90' lang='lat' dir='ltr'>Minorum</span> <span class='ocrx_word' id='word_1_130' title='bbox 874 812 1184 853; x_wconf 85' lang='lat' dir='ltr'>Conventualium,</span> <span class='ocrx_word' id='word_1_131' title='bbox 1221 816 1433 857; x_wconf 84' lang='lat' dir='ltr'>praeceptor</span> <span class='ocrx_word' id='word_1_132' title='bbox 1467 813 1622 846; x_wconf 86' lang='lat' dir='ltr'>filiorum</span> <span class='ocrx_word' id='word_1_133' title='bbox 1651 812 1873 853; x_wconf 84' lang='lat' dir='ltr'>archiducis;</span> <span class='ocrx_word' id='word_1_134' title='bbox 1909 813 2011 846; x_wconf 78' lang='lat' dir='ltr'>Hirn</span> 
     </span>
     <span class='ocr_line' id='line_1_13' title="bbox 231 863 2010 910; baseline 0.001 -13"><span class='ocrx_word' id='word_1_135' title='bbox 231 863 255 898; x_wconf 94' lang='lat' dir='ltr'>l.</span> <span class='ocrx_word' id='word_1_136' title='bbox 274 875 303 897; x_wconf 92' lang='lat' dir='ltr'>c.</span> <span class='ocrx_word' id='word_1_137' title='bbox 323 863 355 897; x_wconf 90' lang='grc'>11</span> <span class='ocrx_word' id='word_1_138' title='bbox 375 864 462 904; x_wconf 84' lang='grc'><strong>369;</strong></span> <span class='ocrx_word' id='word_1_139' title='bbox 490 865 651 907; x_wconf 77' lang='lat' dir='ltr'>Hansen,</span> <span class='ocrx_word' id='word_1_140' title='bbox 670 864 780 898; x_wconf 82' lang='lat' dir='ltr'>Nunt.</span> <span class='ocrx_word' id='word_1_141' title='bbox 801 864 833 898; x_wconf 90' lang='grc' dir='ltr'>ΙΙ</span> <span class='ocrx_word' id='word_1_142' title='bbox 851 863 923 909; x_wconf 91' lang='grc'><strong>40].</strong></span> <span class='ocrx_word' id='word_1_143' title='bbox 958 865 1173 899; x_wconf 85' lang='lat' dir='ltr'>Franciscus</span> <span class='ocrx_word' id='word_1_144' title='bbox 1196 877 1216 899; x_wconf 89' lang='lat' dir='ltr'>a</span> <span class='ocrx_word' id='word_1_145' title='bbox 1234 865 1425 909; x_wconf 84' lang='lat' dir='ltr'>wahingen</span> <span class='ocrx_word' id='word_1_146' title='bbox 1445 865 1685 910; x_wconf 56' lang='lat' dir='ltr'>[WVahingen3</span> <span class='ocrx_word' id='word_1_147' title='bbox 1708 868 1807 900; x_wconf 78' lang='grc' dir='ltr'><em>Ηίνη</em></span> <span class='ocrx_word' id='word_1_148' title='bbox 1826 865 1848 900; x_wconf 89' lang='lat' dir='ltr'>l.</span> <span class='ocrx_word' id='word_1_149' title='bbox 1868 878 1896 900; x_wconf 89' lang='grc'>0.</span> <span class='ocrx_word' id='word_1_150' title='bbox 1919 866 1931 899; x_wconf 86' lang='grc'>1</span> <span class='ocrx_word' id='word_1_151' title='bbox 1951 864 2010 909; x_wconf 85' lang='grc'>56]</span> 
     </span>
     <span class='ocr_line' id='line_1_14' title="bbox 232 917 2010 963; baseline 0.001 -12"><span class='ocrx_word' id='word_1_152' title='bbox 232 917 460 951; x_wconf 81' lang='lat' dir='ltr'>consiliarius</span> <span class='ocrx_word' id='word_1_153' title='bbox 495 929 658 951; x_wconf 85' lang='lat' dir='ltr'>camerae</span> <span class='ocrx_word' id='word_1_154' title='bbox 685 917 905 963; x_wconf 73' lang='lat' dir='ltr'>Tyrolcnsis.</span> <span class='ocrx_word' id='word_1_155' title='bbox 958 918 1085 953; x_wconf 89' lang='lat' dir='ltr'>Comes</span> <span class='ocrx_word' id='word_1_156' title='bbox 1113 918 1339 953; x_wconf 88' lang='lat' dir='ltr'>Guilhelmus</span> <span class='ocrx_word' id='word_1_157' title='bbox 1366 919 1408 953; x_wconf 90' lang='lat' dir='ltr'>de</span> <span class='ocrx_word' id='word_1_158' title='bbox 1435 919 1610 953; x_wconf 91' lang='lat' dir='ltr'>Zimmern</span> <span class='ocrx_word' id='word_1_159' title='bbox 1635 918 1904 953; x_wconf 82' lang='lat' dir='ltr'>Mareschalcus</span> <span class='ocrx_word' id='word_1_160' title='bbox 1930 930 2010 952; x_wconf 90' lang='lat' dir='ltr'>con-</span> 
     </span>
     <span class='ocr_line' id='line_1_15' title="bbox 231 970 2011 1017; baseline 0.001 -13"><span class='ocrx_word' id='word_1_161' title='bbox 231 970 388 1004; x_wconf 85' lang='lat' dir='ltr'>siliarius</span> <span class='ocrx_word' id='word_1_162' title='bbox 415 970 543 1004; x_wconf 89' lang='lat' dir='ltr'>Curiae</span> <span class='ocrx_word' id='word_1_163' title='bbox 570 971 663 1006; x_wconf 89' lang='lat' dir='ltr'>Suae</span> <span class='ocrx_word' id='word_1_164' title='bbox 690 971 914 1006; x_wconf 83' lang='lat' dir='ltr'>Serenitatis.</span> <span class='ocrx_word' id='word_1_165' title='bbox 967 972 1123 1006; x_wconf 71' lang='grc' dir='ltr'>ι13001135</span> <span class='ocrx_word' id='word_1_166' title='bbox 1149 972 1366 1017; x_wconf 86' lang='lat' dir='ltr'>Holtzapffel</span> <span class='ocrx_word' id='word_1_167' title='bbox 1393 972 1457 1006; x_wconf 44' lang='lat' dir='ltr'>D.a</span> <span class='ocrx_word' id='word_1_168' title='bbox 1484 992 1528 996; x_wconf 97' lang='lat'><strong>—</strong></span> <span class='ocrx_word' id='word_1_169' title='bbox 1554 973 1780 1007; x_wconf 87' lang='lat' dir='ltr'>consiliarius</span> <span class='ocrx_word' id='word_1_170' title='bbox 1798 972 1948 1006; x_wconf 88' lang='lat' dir='ltr'>Aulicus</span> <span class='ocrx_word' id='word_1_171' title='bbox 1975 975 2011 1006; x_wconf 87' lang='lat' dir='ltr'>et</span> 
     </span>
     <span class='ocr_line' id='line_1_16' title="bbox 233 1023 2010 1070; baseline 0.001 -13"><span class='ocrx_word' id='word_1_172' title='bbox 233 1023 563 1059; x_wconf 87' lang='lat' dir='ltr'>vicecancellarius.</span> <span class='ocrx_word' id='word_1_173' title='bbox 604 1025 762 1059; x_wconf 86' lang='lat' dir='ltr'>Joannes</span> <span class='ocrx_word' id='word_1_174' title='bbox 788 1025 881 1058; x_wconf 86' lang='lat' dir='ltr'>Baro</span> <span class='ocrx_word' id='word_1_175' title='bbox 909 1025 943 1059; x_wconf 89' lang='lat' dir='ltr'>in</span> <span class='ocrx_word' id='word_1_176' title='bbox 970 1024 1209 1070; x_wconf 67' lang='lat' dir='ltr'>Schnaeperg,</span> <span class='ocrx_word' id='word_1_177' title='bbox 1237 1025 1410 1060; x_wconf 82' lang='lat' dir='ltr'>Dominus</span> <span class='ocrx_word' id='word_1_178' title='bbox 1437 1027 1473 1060; x_wconf 91' lang='lat' dir='ltr'>in</span> <span class='ocrx_word' id='word_1_179' title='bbox 1491 1026 1672 1067; x_wconf 89' lang='lat' dir='ltr'>Stainach,</span> <span class='ocrx_word' id='word_1_180' title='bbox 1699 1032 1735 1060; x_wconf 82' lang='lat' dir='ltr'>et</span> <span class='ocrx_word' id='word_1_181' title='bbox 1761 1025 1883 1060; x_wconf 84' lang='lat' dir='ltr'>Sancti</span> <span class='ocrx_word' id='word_1_182' title='bbox 1910 1024 2010 1070; x_wconf 77' lang='grc'><strong>[5101]</strong></span> 
     </span>
     <span class='ocr_line' id='line_1_17' title="bbox 235 1077 1924 1124; baseline 0.002 -14"><span class='ocrx_word' id='word_1_183' title='bbox 235 1077 517 1122; x_wconf 78' lang='lat' dir='ltr'>Michaelspnrg,</span> <span class='ocrx_word' id='word_1_184' title='bbox 546 1080 709 1112; x_wconf 88' lang='lat' dir='ltr'>Arcanus</span> <span class='ocrx_word' id='word_1_185' title='bbox 736 1078 988 1113; x_wconf 82' lang='lat' dir='ltr'>consiliariusb</span> <span class='ocrx_word' id='word_1_186' title='bbox 1014 1081 1050 1112; x_wconf 87' lang='lat' dir='ltr'>et</span> <span class='ocrx_word' id='word_1_187' title='bbox 1076 1090 1265 1124; x_wconf 87' lang='lat' dir='ltr'>supremus</span> <span class='ocrx_word' id='word_1_188' title='bbox 1292 1079 1530 1114; x_wconf 82' lang='lat' dir='ltr'>cancellarius</span> <span class='ocrx_word' id='word_1_189' title='bbox 1557 1080 1650 1114; x_wconf 87' lang='lat' dir='ltr'>Suae</span> <span class='ocrx_word' id='word_1_190' title='bbox 1676 1079 1924 1113; x_wconf 76' lang='lat' dir='ltr'>Se1·enitatis“.</span> 
     </span>
    </p>
   </div>
   <div class='ocr_carea' id='block_1_3' title="bbox 227 1137 2051 2308">
    <p class='ocr_par' dir='ltr' id='par_1_3' title="bbox 227 1137 2051 2308">
     <span class='ocr_line' id='line_1_18' title="bbox 351 1137 2010 1183; baseline 0.001 -12"><span class='ocrx_word' id='word_1_191' title='bbox 351 1137 417 1171; x_wconf 89' lang='lat' dir='ltr'>His</span> <span class='ocrx_word' id='word_1_192' title='bbox 433 1138 633 1172; x_wconf 87' lang='lat' dir='ltr'>rationibus</span> <span class='ocrx_word' id='word_1_193' title='bbox 648 1138 730 1180; x_wconf 82' lang='lat' dir='ltr'>iam,</span> <span class='ocrx_word' id='word_1_194' title='bbox 749 1140 846 1183; x_wconf 90' lang='lat' dir='ltr'>put0,</span> <span class='ocrx_word' id='word_1_195' title='bbox 863 1141 999 1172; x_wconf 86' lang='lat' dir='ltr'>certum</span> <span class='ocrx_word' id='word_1_196' title='bbox 1015 1139 1181 1180; x_wconf 84' lang='lat' dir='ltr'>efficitur,</span> <span class='ocrx_word' id='word_1_197' title='bbox 1200 1139 1348 1172; x_wconf 92' lang='lat' dir='ltr'>Morono</span> <span class='ocrx_word' id='word_1_198' title='bbox 1363 1151 1443 1173; x_wconf 89' lang='lat' dir='ltr'>cum</span> <span class='ocrx_word' id='word_1_199' title='bbox 1459 1139 1650 1174; x_wconf 88' lang='lat' dir='ltr'>archiduce</span> <span class='ocrx_word' id='word_1_200' title='bbox 1669 1143 1793 1173; x_wconf 87' lang='lat' dir='ltr'>acturo</span> <span class='ocrx_word' id='word_1_201' title='bbox 1808 1138 1903 1172; x_wconf 90' lang='lat' dir='ltr'>hunc</span> <span class='ocrx_word' id='word_1_202' title='bbox 1917 1149 2010 1173; x_wconf 92' lang='lat' dir='ltr'>com-</span> 
     </span>
     <span class='ocr_line' id='line_1_19' title="bbox 232 1190 2011 1237; baseline 0.001 -13"><span class='ocrx_word' id='word_1_203' title='bbox 232 1190 447 1225; x_wconf 85' lang='lat' dir='ltr'>mentarium</span> <span class='ocrx_word' id='word_1_204' title='bbox 483 1192 719 1236; x_wconf 88' lang='lat' dir='ltr'>compositum</span> <span class='ocrx_word' id='word_1_205' title='bbox 746 1203 845 1232; x_wconf 86' lang='lat' dir='ltr'>esse;</span> <span class='ocrx_word' id='word_1_206' title='bbox 882 1192 997 1226; x_wconf 87' lang='lat' dir='ltr'>omnis</span> <span class='ocrx_word' id='word_1_207' title='bbox 1024 1192 1177 1236; x_wconf 89' lang='lat' dir='ltr'>denique</span> <span class='ocrx_word' id='word_1_208' title='bbox 1203 1192 1380 1227; x_wconf 82' lang='lat' dir='ltr'>dubitatio</span> <span class='ocrx_word' id='word_1_209' title='bbox 1406 1192 1555 1233; x_wconf 86' lang='lat' dir='ltr'>tollitur,</span> <span class='ocrx_word' id='word_1_210' title='bbox 1590 1193 1621 1227; x_wconf 89' lang='lat' dir='ltr'>si</span> <span class='ocrx_word' id='word_1_211' title='bbox 1648 1193 1730 1237; x_wconf 90' lang='lat' dir='ltr'>quis</span> <span class='ocrx_word' id='word_1_212' title='bbox 1755 1204 1834 1226; x_wconf 87' lang='lat' dir='ltr'>cum</span> <span class='ocrx_word' id='word_1_213' title='bbox 1862 1204 1902 1226; x_wconf 93' lang='lat' dir='ltr'>eo</span> <span class='ocrx_word' id='word_1_214' title='bbox 1929 1203 2011 1226; x_wconf 88' lang='lat' dir='ltr'>con-</span> 
     </span>
     <span class='ocr_line' id='line_1_20' title="bbox 230 1244 2010 1291; baseline 0.001 -13"><span class='ocrx_word' id='word_1_215' title='bbox 230 1244 356 1278; x_wconf 83' lang='lat' dir='ltr'>tulerit</span> <span class='ocrx_word' id='word_1_216' title='bbox 390 1244 542 1286; x_wconf 81' lang='lat' dir='ltr'>litteras,</span> <span class='ocrx_word' id='word_1_217' title='bbox 580 1245 710 1289; x_wconf 91' lang='lat' dir='ltr'>quibus</span> <span class='ocrx_word' id='word_1_218' title='bbox 738 1247 914 1280; x_wconf 80' lang='lat' dir='ltr'>Moronus</span> <span class='ocrx_word' id='word_1_219' title='bbox 940 1245 1141 1291; x_wconf 87' lang='lat' dir='ltr'>Oeniponte</span> <span class='ocrx_word' id='word_1_220' title='bbox 1167 1247 1223 1280; x_wconf 65' lang='lat'>⁶25.</span> <span class='ocrx_word' id='word_1_221' title='bbox 1242 1246 1330 1280; x_wconf 81' lang='lat' dir='ltr'>Maii</span> <span class='ocrx_word' id='word_1_222' title='bbox 1359 1247 1460 1287; x_wconf 87' lang='lat'>1576,</span> <span class='ocrx_word' id='word_1_223' title='bbox 1496 1246 1581 1291; x_wconf 89' lang='lat' dir='ltr'>quid</span> <span class='ocrx_word' id='word_1_224' title='bbox 1616 1247 1653 1280; x_wconf 92' lang='lat' dir='ltr'>in</span> <span class='ocrx_word' id='word_1_225' title='bbox 1679 1246 1794 1280; x_wconf 86' lang='lat' dir='ltr'>altera</span> <span class='ocrx_word' id='word_1_226' title='bbox 1828 1257 1893 1280; x_wconf 91' lang='lat' dir='ltr'>sua</span> <span class='ocrx_word' id='word_1_227' title='bbox 1929 1256 2010 1279; x_wconf 89' lang='lat' dir='ltr'>cum</span> 
     </span>
     <span class='ocr_line' id='line_1_21' title="bbox 231 1297 2010 1344; baseline 0 -12"><span class='ocrx_word' id='word_1_228' title='bbox 231 1297 424 1332; x_wconf 85' lang='lat' dir='ltr'>archiduce</span> <span class='ocrx_word' id='word_1_229' title='bbox 460 1299 714 1343; x_wconf 85' lang='lat' dir='ltr'>congressione</span> <span class='ocrx_word' id='word_1_230' title='bbox 750 1299 966 1340; x_wconf 84' lang='lat' dir='ltr'>confecerit,</span> <span class='ocrx_word' id='word_1_231' title='bbox 1007 1299 1226 1333; x_wconf 87' lang='lat' dir='ltr'>cardinalem</span> <span class='ocrx_word' id='word_1_232' title='bbox 1267 1299 1478 1334; x_wconf 84' lang='lat' dir='ltr'>Comensem</span> <span class='ocrx_word' id='word_1_233' title='bbox 1514 1300 1703 1334; x_wconf 81' lang='lat' dir='ltr'>certiorem</span> <span class='ocrx_word' id='word_1_234' title='bbox 1742 1299 1861 1334; x_wconf 88' lang='lat' dir='ltr'>reddit</span> <span class='ocrx_word' id='word_1_235' title='bbox 1898 1299 2010 1344; x_wconf 89' lang='lat' dir='ltr'>(apud</span> 
     </span>
     <span class='ocr_line' id='line_1_22' title="bbox 232 1351 2010 1397; baseline 0.001 -13"><span class='ocrx_word' id='word_1_236' title='bbox 232 1351 393 1395; x_wconf 66' lang='lat' dir='ltr'>Han-sen,</span> <span class='ocrx_word' id='word_1_237' title='bbox 421 1351 583 1387; x_wconf 80' lang='lat' dir='ltr'>Nunt.11</span> <span class='ocrx_word' id='word_1_238' title='bbox 610 1352 788 1396; x_wconf 82' lang='lat'>38—40):</span> <span class='ocrx_word' id='word_1_239' title='bbox 815 1352 888 1387; x_wconf 83' lang='lat' dir='ltr'>Res</span> <span class='ocrx_word' id='word_1_240' title='bbox 915 1364 995 1386; x_wconf 91' lang='lat' dir='ltr'>cum</span> <span class='ocrx_word' id='word_1_241' title='bbox 1022 1353 1129 1387; x_wconf 89' lang='lat' dir='ltr'>rebus</span> <span class='ocrx_word' id='word_1_242' title='bbox 1155 1355 1264 1397; x_wconf 89' lang='lat' dir='ltr'>atque</span> <span class='ocrx_word' id='word_1_243' title='bbox 1292 1353 1397 1386; x_wconf 83' lang='lat' dir='ltr'>etiam</span> <span class='ocrx_word' id='word_1_244' title='bbox 1426 1353 1537 1388; x_wconf 85' lang='lat' dir='ltr'>verba</span> <span class='ocrx_word' id='word_1_245' title='bbox 1563 1365 1642 1387; x_wconf 88' lang='lat' dir='ltr'>cum</span> <span class='ocrx_word' id='word_1_246' title='bbox 1671 1353 1791 1388; x_wconf 87' lang='lat' dir='ltr'>verbis</span> <span class='ocrx_word' id='word_1_247' title='bbox 1817 1353 1905 1387; x_wconf 88' lang='lat' dir='ltr'>adeo</span> <span class='ocrx_word' id='word_1_248' title='bbox 1930 1363 2010 1386; x_wconf 89' lang='lat' dir='ltr'>con—</span> 
     </span>
     <span class='ocr_line' id='line_1_23' title="bbox 231 1405 2011 1451; baseline 0.001 -14"><span class='ocrx_word' id='word_1_249' title='bbox 231 1406 391 1447; x_wconf 83' lang='lat' dir='ltr'>veniunt,</span> <span class='ocrx_word' id='word_1_250' title='bbox 427 1409 468 1439; x_wconf 84' lang='lat' dir='ltr'>ut</span> <span class='ocrx_word' id='word_1_251' title='bbox 503 1406 733 1451; x_wconf 87' lang='lat' dir='ltr'>perspicuum</span> <span class='ocrx_word' id='word_1_252' title='bbox 760 1407 818 1447; x_wconf 84' lang='lat' dir='ltr'>sit,</span> <span class='ocrx_word' id='word_1_253' title='bbox 854 1406 1041 1440; x_wconf 86' lang='lat' dir='ltr'>Moronum</span> <span class='ocrx_word' id='word_1_254' title='bbox 1070 1406 1205 1441; x_wconf 87' lang='lat' dir='ltr'>Canisii</span> <span class='ocrx_word' id='word_1_255' title='bbox 1240 1407 1376 1451; x_wconf 86' lang='lat' dir='ltr'>scripto</span> <span class='ocrx_word' id='word_1_256' title='bbox 1402 1410 1570 1441; x_wconf 88' lang='lat' dir='ltr'>accurate</span> <span class='ocrx_word' id='word_1_257' title='bbox 1596 1419 1701 1441; x_wconf 84' lang='lat' dir='ltr'>usum</span> <span class='ocrx_word' id='word_1_258' title='bbox 1737 1418 1827 1441; x_wconf 88' lang='lat' dir='ltr'>esse.</span> <span class='ocrx_word' id='word_1_259' title='bbox 1877 1405 2011 1450; x_wconf 86' lang='lat' dir='ltr'>Aliqua</span> 
     </span>
     <span class='ocr_line' id='line_1_24' title="bbox 231 1458 2010 1504; baseline 0.001 -13"><span class='ocrx_word' id='word_1_260' title='bbox 231 1470 277 1492; x_wconf 85' lang='lat' dir='ltr'>ex</span> <span class='ocrx_word' id='word_1_261' title='bbox 303 1458 441 1492; x_wconf 92' lang='lat' dir='ltr'>Moroni</span> <span class='ocrx_word' id='word_1_262' title='bbox 477 1459 609 1493; x_wconf 84' lang='lat' dir='ltr'>litteris</span> <span class='ocrx_word' id='word_1_263' title='bbox 645 1471 849 1504; x_wconf 85' lang='lat' dir='ltr'>excerpam,</span> <span class='ocrx_word' id='word_1_264' title='bbox 885 1471 925 1493; x_wconf 88' lang='lat' dir='ltr'>eo</span> <span class='ocrx_word' id='word_1_265' title='bbox 952 1471 1097 1503; x_wconf 89' lang='lat' dir='ltr'>quoque</span> <span class='ocrx_word' id='word_1_266' title='bbox 1129 1460 1288 1501; x_wconf 84' lang='lat' dir='ltr'>consilio,</span> <span class='ocrx_word' id='word_1_267' title='bbox 1326 1462 1365 1494; x_wconf 88' lang='lat' dir='ltr'>ut</span> <span class='ocrx_word' id='word_1_268' title='bbox 1397 1462 1596 1502; x_wconf 88' lang='lat' dir='ltr'>ostendam,</span> <span class='ocrx_word' id='word_1_269' title='bbox 1631 1463 1806 1504; x_wconf 86' lang='lat' dir='ltr'>quantum</span> <span class='ocrx_word' id='word_1_270' title='bbox 1840 1458 2010 1493; x_wconf 83' lang='lat' dir='ltr'>utilitatis</span> 
     </span>
     <span class='ocr_line' id='line_1_25' title="bbox 232 1511 2010 1558; baseline -0.001 -12"><span class='ocrx_word' id='word_1_271' title='bbox 232 1511 398 1546; x_wconf 83' lang='lat' dir='ltr'>Canisius</span> <span class='ocrx_word' id='word_1_272' title='bbox 434 1513 607 1547; x_wconf 85' lang='lat' dir='ltr'>ecclesiae</span> <span class='ocrx_word' id='word_1_273' title='bbox 643 1525 684 1547; x_wconf 92' lang='lat' dir='ltr'>eo</span> <span class='ocrx_word' id='word_1_274' title='bbox 719 1513 855 1557; x_wconf 88' lang='lat' dir='ltr'>scripto</span> <span class='ocrx_word' id='word_1_275' title='bbox 890 1512 1065 1548; x_wconf 82' lang='lat' dir='ltr'>attulerit.</span> <span class='ocrx_word' id='word_1_276' title='bbox 1123 1513 1198 1555; x_wconf 87' lang='lat' dir='ltr'>„Ho</span> <span class='ocrx_word' id='word_1_277' title='bbox 1235 1515 1427 1554; x_wconf 83' lang='lat' dir='ltr'>esortat0“‚</span> <span class='ocrx_word' id='word_1_278' title='bbox 1464 1514 1580 1558; x_wconf 88' lang='lat' dir='ltr'>inquit</span> <span class='ocrx_word' id='word_1_279' title='bbox 1615 1515 1800 1557; x_wconf 57' lang='lat' dir='ltr'>Moy-onus,</span> <span class='ocrx_word' id='word_1_280' title='bbox 1841 1512 1894 1555; x_wconf 80' lang='lat' dir='ltr'>„S.</span> <span class='ocrx_word' id='word_1_281' title='bbox 1921 1513 1963 1546; x_wconf 85' lang='lat' dir='ltr'>A.</span> <span class='ocrx_word' id='word_1_282' title='bbox 1988 1522 2010 1545; x_wconf 86' lang='lat' dir='ltr'>a</span> 
     </span>
     <span class='ocr_line' id='line_1_26' title="bbox 232 1564 2009 1606; baseline 0.001 -9"><span class='ocrx_word' id='word_1_283' title='bbox 232 1564 364 1599; x_wconf 85' lang='lat' dir='ltr'>volersi</span> <span class='ocrx_word' id='word_1_284' title='bbox 405 1568 583 1600; x_wconf 84' lang='lat' dir='ltr'>trattener</span> <span class='ocrx_word' id='word_1_285' title='bbox 617 1567 708 1601; x_wconf 88' lang='lat' dir='ltr'>bene</span> <span class='ocrx_word' id='word_1_286' title='bbox 743 1578 809 1600; x_wconf 92' lang='lat' dir='ltr'>con</span> <span class='ocrx_word' id='word_1_287' title='bbox 846 1567 869 1600; x_wconf 88' lang='lat' dir='ltr'>li</span> <span class='ocrx_word' id='word_1_288' title='bbox 906 1567 1055 1600; x_wconf 88' lang='lat' dir='ltr'>vescovi</span> <span class='ocrx_word' id='word_1_289' title='bbox 1091 1567 1201 1601; x_wconf 90' lang='lat' dir='ltr'>vicini</span> <span class='ocrx_word' id='word_1_290' title='bbox 1237 1570 1274 1600; x_wconf 84' lang='lat' dir='ltr'>et</span> <span class='ocrx_word' id='word_1_291' title='bbox 1308 1579 1379 1601; x_wconf 91' lang='lat' dir='ltr'>non</span> <span class='ocrx_word' id='word_1_292' title='bbox 1415 1579 1514 1601; x_wconf 87' lang='lat' dir='ltr'>esser</span> <span class='ocrx_word' id='word_1_293' title='bbox 1549 1568 1711 1601; x_wconf 88' lang='lat' dir='ltr'>discorde</span> <span class='ocrx_word' id='word_1_294' title='bbox 1747 1578 1812 1600; x_wconf 91' lang='lat' dir='ltr'>con</span> <span class='ocrx_word' id='word_1_295' title='bbox 1846 1566 1932 1606; x_wconf 88' lang='lat' dir='ltr'>loro,</span> <span class='ocrx_word' id='word_1_296' title='bbox 1964 1576 2009 1599; x_wconf 89' lang='lat' dir='ltr'>ne</span> 
     </span>
     <span class='ocr_line' id='line_1_27' title="bbox 231 1617 2051 1665; baseline 0.001 -15"><span class='ocrx_word' id='word_1_297' title='bbox 231 1617 420 1653; x_wconf 87' lang='lat' dir='ltr'>debilitare</span> <span class='ocrx_word' id='word_1_298' title='bbox 447 1619 481 1653; x_wconf 98' lang='grc'>13</span> <span class='ocrx_word' id='word_1_299' title='bbox 509 1620 731 1654; x_wconf 87' lang='lat' dir='ltr'>iuridittione</span> <span class='ocrx_word' id='word_1_300' title='bbox 767 1619 1015 1654; x_wconf 84' lang='lat' dir='ltr'>ecclesiastica</span> <span class='ocrx_word' id='word_1_301' title='bbox 1051 1632 1114 1665; x_wconf 90' lang='lat' dir='ltr'>per</span> <span class='ocrx_word' id='word_1_302' title='bbox 1140 1622 1244 1654; x_wconf 88' lang='lat' dir='ltr'>conto</span> <span class='ocrx_word' id='word_1_303' title='bbox 1272 1621 1306 1654; x_wconf 91' lang='lat' dir='ltr'>di</span> <span class='ocrx_word' id='word_1_304' title='bbox 1342 1621 1430 1654; x_wconf 87' lang='lat' dir='ltr'>utile</span> <span class='ocrx_word' id='word_1_305' title='bbox 1457 1621 1500 1654; x_wconf 90' lang='lat' dir='ltr'>od</span> <span class='ocrx_word' id='word_1_306' title='bbox 1527 1621 1703 1654; x_wconf 85' lang='lat' dir='ltr'>interesse</span> <span class='ocrx_word' id='word_1_307' title='bbox 1737 1619 2008 1664; x_wconf 70' lang='lat' dir='ltr'>temporale...</span> <span class='ocrx_word' id='word_1_308' title='bbox 2050 1623 2051 1626; x_wconf 79' lang='grc'>’</span> 
     </span>
     <span class='ocr_line' id='line_1_28' title="bbox 231 1671 2010 1718; baseline 0.001 -13"><span class='ocrx_word' id='word_1_309' title='bbox 231 1671 286 1704; x_wconf 90' lang='grc' dir='ltr'>Ηο</span> <span class='ocrx_word' id='word_1_310' title='bbox 314 1671 490 1707; x_wconf 88' lang='lat' dir='ltr'>ricercata</span> <span class='ocrx_word' id='word_1_311' title='bbox 516 1673 552 1707; x_wconf 89' lang='lat' dir='ltr'>la</span> <span class='ocrx_word' id='word_1_312' title='bbox 580 1673 790 1708; x_wconf 86' lang='lat' dir='ltr'>risolutione</span> <span class='ocrx_word' id='word_1_313' title='bbox 817 1674 910 1708; x_wconf 89' lang='lat' dir='ltr'>delle</span> <span class='ocrx_word' id='word_1_314' title='bbox 946 1685 1027 1708; x_wconf 87' lang='lat' dir='ltr'>cose</span> <span class='ocrx_word' id='word_1_315' title='bbox 1064 1674 1099 1708; x_wconf 87' lang='lat' dir='ltr'>di</span> <span class='ocrx_word' id='word_1_316' title='bbox 1126 1673 1258 1708; x_wconf 90' lang='lat' dir='ltr'>Trento</span> <span class='ocrx_word' id='word_1_317' title='bbox 1286 1677 1321 1708; x_wconf 84' lang='lat' dir='ltr'>et</span> <span class='ocrx_word' id='word_1_318' title='bbox 1356 1674 1401 1708; x_wconf 90' lang='lat' dir='ltr'>ho</span> <span class='ocrx_word' id='word_1_319' title='bbox 1427 1677 1570 1708; x_wconf 77' lang='lat' dir='ltr'>trovato</span> <span class='ocrx_word' id='word_1_320' title='bbox 1597 1674 1630 1709; x_wconf 80' lang='lat' dir='ltr'>S.</span> <span class='ocrx_word' id='word_1_321' title='bbox 1652 1676 1694 1708; x_wconf 90' lang='lat' dir='ltr'>A.</span> <span class='ocrx_word' id='word_1_322' title='bbox 1714 1674 1824 1708; x_wconf 89' lang='lat' dir='ltr'>molto</span> <span class='ocrx_word' id='word_1_323' title='bbox 1851 1673 1912 1718; x_wconf 78' lang='lat' dir='ltr'>piu</span> <span class='ocrx_word' id='word_1_324' title='bbox 1937 1672 2010 1706; x_wconf 88' lang='lat' dir='ltr'>dis-</span> 
     </span>
     <span class='ocr_line' id='line_1_29' title="bbox 231 1726 2010 1772; baseline 0.001 -14"><span class='ocrx_word' id='word_1_325' title='bbox 231 1726 335 1768; x_wconf 83' lang='lat' dir='ltr'>posta</span> <span class='ocrx_word' id='word_1_326' title='bbox 362 1726 427 1760; x_wconf 90' lang='lat' dir='ltr'>che</span> <span class='ocrx_word' id='word_1_327' title='bbox 460 1726 494 1760; x_wconf 91' lang='grc'>13</span> <span class='ocrx_word' id='word_1_328' title='bbox 530 1727 645 1772; x_wconf 86' lang='lat' dir='ltr'>prima</span> <span class='ocrx_word' id='word_1_329' title='bbox 671 1727 771 1761; x_wconf 86' lang='lat' dir='ltr'>volta</span> <span class='ocrx_word' id='word_1_330' title='bbox 874 1730 910 1761; x_wconf 90' lang='lat' dir='ltr'>et</span> <span class='ocrx_word' id='word_1_331' title='bbox 937 1729 1011 1762; x_wconf 75' lang='grc'><strong>0051</strong></span> <span class='ocrx_word' id='word_1_332' title='bbox 1037 1739 1203 1772; x_wconf 87' lang='lat' dir='ltr'>speramo</span> <span class='ocrx_word' id='word_1_333' title='bbox 1230 1727 1296 1762; x_wconf 88' lang='lat' dir='ltr'>che</span> <span class='ocrx_word' id='word_1_334' title='bbox 1328 1730 1456 1772; x_wconf 87' lang='lat' dir='ltr'>questo</span> <span class='ocrx_word' id='word_1_335' title='bbox 1482 1727 1627 1771; x_wconf 78' lang='lat' dir='ltr'>negotio</span> <span class='ocrx_word' id='word_1_336' title='bbox 1662 1730 1782 1772; x_wconf 88' lang='lat' dir='ltr'>presto</span> <span class='ocrx_word' id='word_1_337' title='bbox 1809 1727 1839 1761; x_wconf 89' lang='lat' dir='ltr'>si</span> <span class='ocrx_word' id='word_1_338' title='bbox 1865 1726 2010 1771; x_wconf 78' lang='lat' dir='ltr'>spedira</span> 
     </span>
     <span class='ocr_line' id='line_1_30' title="bbox 231 1778 2010 1826; baseline 0.002 -15"><span class='ocrx_word' id='word_1_339' title='bbox 231 1778 267 1812; x_wconf 90' lang='lat' dir='ltr'>in</span> <span class='ocrx_word' id='word_1_340' title='bbox 294 1779 394 1819; x_wconf 88' lang='lat' dir='ltr'>bene,</span> <span class='ocrx_word' id='word_1_341' title='bbox 432 1783 468 1814; x_wconf 83' lang='lat' dir='ltr'>et</span> <span class='ocrx_word' id='word_1_342' title='bbox 503 1784 714 1815; x_wconf 86' lang='lat' dir='ltr'>veramente</span> <span class='ocrx_word' id='word_1_343' title='bbox 741 1781 776 1816; x_wconf 89' lang='lat' dir='ltr'>S.</span> <span class='ocrx_word' id='word_1_344' title='bbox 795 1782 836 1815; x_wconf 94' lang='lat' dir='ltr'>A.</span> <span class='ocrx_word' id='word_1_345' title='bbox 857 1793 1008 1815; x_wconf 88' lang='lat' dir='ltr'>conosce</span> <span class='ocrx_word' id='word_1_346' title='bbox 1034 1793 1134 1815; x_wconf 87' lang='lat' dir='ltr'>esser</span> <span class='ocrx_word' id='word_1_347' title='bbox 1160 1782 1364 1816; x_wconf 85' lang='lat' dir='ltr'>necessario</span> <span class='ocrx_word' id='word_1_348' title='bbox 1388 1781 1555 1826; x_wconf 87' lang='lat' dir='ltr'>spedirlo‚</span> <span class='ocrx_word' id='word_1_349' title='bbox 1582 1782 1713 1826; x_wconf 77' lang='lat' dir='ltr'>perche</span> <span class='ocrx_word' id='word_1_350' title='bbox 1740 1780 1861 1825; x_wconf 90' lang='lat' dir='ltr'>quella</span> <span class='ocrx_word' id='word_1_351' title='bbox 1887 1779 2010 1814; x_wconf 83' lang='lat' dir='ltr'>chiesa</span> 
     </span>
     <span class='ocr_line' id='line_1_31' title="bbox 230 1832 2009 1880; baseline 0 -14"><span class='ocrx_word' id='word_1_352' title='bbox 230 1844 277 1867; x_wconf 88' lang='lat' dir='ltr'>va</span> <span class='ocrx_word' id='word_1_353' title='bbox 304 1833 340 1866; x_wconf 88' lang='lat' dir='ltr'>in</span> <span class='ocrx_word' id='word_1_354' title='bbox 366 1833 457 1868; x_wconf 88' lang='lat' dir='ltr'>total</span> <span class='ocrx_word' id='word_1_355' title='bbox 492 1835 598 1868; x_wconf 87' lang='lat' dir='ltr'>ruina</span> <span class='ocrx_word' id='word_1_356' title='bbox 632 1834 692 1868; x_wconf 89' lang='lat' dir='ltr'>nel</span> <span class='ocrx_word' id='word_1_357' title='bbox 727 1835 925 1880; x_wconf 87' lang='lat' dir='ltr'>temporale</span> <span class='ocrx_word' id='word_1_358' title='bbox 961 1837 997 1869; x_wconf 81' lang='lat' dir='ltr'>et</span> <span class='ocrx_word' id='word_1_359' title='bbox 1023 1835 1284 1880; x_wconf 69' lang='lat' dir='ltr'>spirituale...</span> <span class='ocrx_word' id='word_1_360' title='bbox 1318 1835 1353 1869; x_wconf 88' lang='lat' dir='ltr'>S.</span> <span class='ocrx_word' id='word_1_361' title='bbox 1374 1836 1414 1868; x_wconf 90' lang='lat' dir='ltr'>A.</span> <span class='ocrx_word' id='word_1_362' title='bbox 1434 1835 1482 1868; x_wconf 91' lang='lat' dir='ltr'>mi</span> <span class='ocrx_word' id='word_1_363' title='bbox 1508 1835 1555 1868; x_wconf 85' lang='lat' dir='ltr'>ha</span> <span class='ocrx_word' id='word_1_364' title='bbox 1590 1845 1773 1880; x_wconf 86' lang='lat' dir='ltr'>promesso</span> <span class='ocrx_word' id='word_1_365' title='bbox 1799 1834 1902 1868; x_wconf 88' lang='lat' dir='ltr'>venir</span> <span class='ocrx_word' id='word_1_366' title='bbox 1936 1832 2009 1867; x_wconf 86' lang='lat' dir='ltr'>alla</span> 
     </span>
     <span class='ocr_line' id='line_1_32' title="bbox 229 1885 2008 1933; baseline 0.001 -14"><span class='ocrx_word' id='word_1_367' title='bbox 229 1885 325 1919; x_wconf 82' lang='lat' dir='ltr'>dieta</span> <span class='ocrx_word' id='word_1_368' title='bbox 426 1898 490 1931; x_wconf 92' lang='lat' dir='ltr'>per</span> <span class='ocrx_word' id='word_1_369' title='bbox 515 1887 668 1933; x_wconf 90' lang='lat' dir='ltr'>impedir</span> <span class='ocrx_word' id='word_1_370' title='bbox 694 1887 719 1922; x_wconf 90' lang='lat' dir='ltr'>il</span> <span class='ocrx_word' id='word_1_371' title='bbox 746 1888 818 1922; x_wconf 84' lang='lat' dir='ltr'>mal</span> <span class='ocrx_word' id='word_1_372' title='bbox 846 1889 996 1932; x_wconf 85' lang='lat' dir='ltr'>disegno</span> <span class='ocrx_word' id='word_1_373' title='bbox 1023 1888 1120 1932; x_wconf 86' lang='lat' dir='ltr'>degli</span> <span class='ocrx_word' id='word_1_374' title='bbox 1147 1889 1358 1929; x_wconf 85' lang='lat' dir='ltr'>adversarii,</span> <span class='ocrx_word' id='word_1_375' title='bbox 1386 1891 1422 1922; x_wconf 89' lang='lat' dir='ltr'>et</span> <span class='ocrx_word' id='word_1_376' title='bbox 1447 1888 1491 1922; x_wconf 88' lang='lat' dir='ltr'>m&#39;</span> <span class='ocrx_word' id='word_1_377' title='bbox 1511 1889 1558 1922; x_wconf 87' lang='lat' dir='ltr'>ha</span> <span class='ocrx_word' id='word_1_378' title='bbox 1584 1899 1768 1933; x_wconf 89' lang='lat' dir='ltr'>promesso</span> <span class='ocrx_word' id='word_1_379' title='bbox 1795 1888 1898 1921; x_wconf 86' lang='lat' dir='ltr'>farne</span> <span class='ocrx_word' id='word_1_380' title='bbox 1924 1887 2008 1930; x_wconf 88' lang='lat' dir='ltr'>ogni</span> 
     </span>
     <span class='ocr_line' id='line_1_33' title="bbox 228 1939 2008 1986; baseline 0.001 -13"><span class='ocrx_word' id='word_1_381' title='bbox 228 1939 342 1974; x_wconf 87' lang='lat' dir='ltr'>offitio</span> <span class='ocrx_word' id='word_1_382' title='bbox 378 1940 550 1984; x_wconf 89' lang='lat' dir='ltr'>possibile</span> <span class='ocrx_word' id='word_1_383' title='bbox 586 1941 639 1974; x_wconf 91' lang='lat' dir='ltr'>col</span> <span class='ocrx_word' id='word_1_384' title='bbox 676 1941 967 1986; x_wconf 88' lang='lat' dir='ltr'>imperatore....</span> <span class='ocrx_word' id='word_1_385' title='bbox 1002 1941 1058 1975; x_wconf 87' lang='lat' dir='ltr'>Ho</span> <span class='ocrx_word' id='word_1_386' title='bbox 1093 1943 1301 1976; x_wconf 86' lang='lat' dir='ltr'>raccordato</span> <span class='ocrx_word' id='word_1_387' title='bbox 1328 1954 1349 1976; x_wconf 86' lang='grc'>3</span> <span class='ocrx_word' id='word_1_388' title='bbox 1376 1942 1409 1977; x_wconf 90' lang='lat' dir='ltr'>S.</span> <span class='ocrx_word' id='word_1_389' title='bbox 1430 1943 1472 1976; x_wconf 93' lang='lat' dir='ltr'>A.</span> <span class='ocrx_word' id='word_1_390' title='bbox 1498 1942 1532 1976; x_wconf 92' lang='lat' dir='ltr'>la</span> <span class='ocrx_word' id='word_1_391' title='bbox 1558 1942 1786 1976; x_wconf 85' lang='lat' dir='ltr'>restitutione</span> <span class='ocrx_word' id='word_1_392' title='bbox 1813 1941 1907 1975; x_wconf 87' lang='lat' dir='ltr'>della</span> <span class='ocrx_word' id='word_1_393' title='bbox 1933 1941 2008 1974; x_wconf 91' lang='lat' dir='ltr'>uni-</span> 
     </span>
     <span class='ocr_line' id='line_1_34' title="bbox 229 1993 2009 2040; baseline 0.001 -14"><span class='ocrx_word' id='word_1_394' title='bbox 229 1993 364 2028; x_wconf 74' lang='lat' dir='ltr'>versita</span> <span class='ocrx_word' id='word_1_395' title='bbox 393 1993 427 2027; x_wconf 91' lang='lat' dir='ltr'>di</span> <span class='ocrx_word' id='word_1_396' title='bbox 454 1994 635 2039; x_wconf 82' lang='lat' dir='ltr'>Friburgh</span> <span class='ocrx_word' id='word_1_397' title='bbox 661 2007 762 2029; x_wconf 89' lang='lat' dir='ltr'>come</span> <span class='ocrx_word' id='word_1_398' title='bbox 789 2007 874 2030; x_wconf 90' lang='lat' dir='ltr'>cosa</span> <span class='ocrx_word' id='word_1_399' title='bbox 900 1996 1225 2040; x_wconf 86' lang='lat' dir='ltr'>importantissima</span> <span class='ocrx_word' id='word_1_400' title='bbox 1261 1998 1296 2030; x_wconf 83' lang='lat' dir='ltr'>et</span> <span class='ocrx_word' id='word_1_401' title='bbox 1330 1996 1366 2030; x_wconf 87' lang='grc'>13</span> <span class='ocrx_word' id='word_1_402' title='bbox 1392 1997 1664 2030; x_wconf 88' lang='lat' dir='ltr'>conservatione</span> <span class='ocrx_word' id='word_1_403' title='bbox 1691 1995 1785 2029; x_wconf 90' lang='lat' dir='ltr'>della</span> <span class='ocrx_word' id='word_1_404' title='bbox 1811 1994 1947 2029; x_wconf 74' lang='lat' dir='ltr'>nobilia</span> <span class='ocrx_word' id='word_1_405' title='bbox 1974 1994 2009 2028; x_wconf 90' lang='lat' dir='ltr'>di</span> 
     </span>
     <span class='ocr_line' id='line_1_35' title="bbox 228 2046 2009 2094; baseline 0.001 -14"><span class='ocrx_word' id='word_1_406' title='bbox 228 2046 362 2080; x_wconf 85' lang='lat' dir='ltr'>Svevia</span> <span class='ocrx_word' id='word_1_407' title='bbox 387 2047 483 2082; x_wconf 90' lang='lat' dir='ltr'>nella</span> <span class='ocrx_word' id='word_1_408' title='bbox 510 2048 592 2081; x_wconf 86' lang='lat' dir='ltr'>fede</span> <span class='ocrx_word' id='word_1_409' title='bbox 619 2049 789 2083; x_wconf 83' lang='lat' dir='ltr'>cattolica</span> <span class='ocrx_word' id='word_1_410' title='bbox 898 2051 933 2083; x_wconf 86' lang='lat' dir='ltr'>et</span> <span class='ocrx_word' id='word_1_411' title='bbox 968 2049 1002 2083; x_wconf 92' lang='lat' dir='ltr'>le</span> <span class='ocrx_word' id='word_1_412' title='bbox 1029 2048 1074 2082; x_wconf 88' lang='lat' dir='ltr'>ho</span> <span class='ocrx_word' id='word_1_413' title='bbox 1101 2049 1200 2083; x_wconf 85' lang='lat' dir='ltr'>dette</span> <span class='ocrx_word' id='word_1_414' title='bbox 1236 2049 1343 2083; x_wconf 86' lang='lat' dir='ltr'>molte</span> <span class='ocrx_word' id='word_1_415' title='bbox 1380 2049 1532 2094; x_wconf 82' lang='lat' dir='ltr'>ragioni.</span> <span class='ocrx_word' id='word_1_416' title='bbox 1584 2049 1619 2084; x_wconf 87' lang='lat' dir='ltr'>S.</span> <span class='ocrx_word' id='word_1_417' title='bbox 1638 2050 1679 2082; x_wconf 94' lang='lat' dir='ltr'>A.</span> <span class='ocrx_word' id='word_1_418' title='bbox 1699 2049 1873 2082; x_wconf 78' lang='lat' dir='ltr'>mandara</span> <span class='ocrx_word' id='word_1_419' title='bbox 1899 2047 2009 2082; x_wconf 89' lang='lat' dir='ltr'>nuovi</span> 
     </span>
     <span class='ocr_line' id='line_1_36' title="bbox 228 2100 2008 2147; baseline 0.001 -13"><span class='ocrx_word' id='word_1_420' title='bbox 228 2100 468 2135; x_wconf 85' lang='lat' dir='ltr'>commissarii</span> <span class='ocrx_word' id='word_1_421' title='bbox 495 2102 663 2136; x_wconf 87' lang='lat' dir='ltr'>catholici</span> <span class='ocrx_word' id='word_1_422' title='bbox 691 2115 755 2147; x_wconf 83' lang='lat' dir='ltr'>per</span> <span class='ocrx_word' id='word_1_423' title='bbox 773 2103 892 2137; x_wconf 86' lang='lat' dir='ltr'>aiutar</span> <span class='ocrx_word' id='word_1_424' title='bbox 910 2105 1044 2147; x_wconf 85' lang='lat' dir='ltr'>quanto</span> <span class='ocrx_word' id='word_1_425' title='bbox 1071 2103 1101 2136; x_wconf 92' lang='lat' dir='ltr'>si</span> <span class='ocrx_word' id='word_1_426' title='bbox 1129 2104 1233 2147; x_wconf 78' lang='lat' dir='ltr'>potra</span> <span class='ocrx_word' id='word_1_427' title='bbox 1259 2102 1355 2137; x_wconf 79' lang='lat' dir='ltr'>l&#39;una</span> <span class='ocrx_word' id='word_1_428' title='bbox 1382 2106 1419 2137; x_wconf 90' lang='lat' dir='ltr'>et</span> <span class='ocrx_word' id='word_1_429' title='bbox 1436 2103 1554 2137; x_wconf 77' lang='lat' dir='ltr'>l’altra</span> <span class='ocrx_word' id='word_1_430' title='bbox 1573 2106 1607 2136; x_wconf 84' lang='lat' dir='ltr'>et</span> <span class='ocrx_word' id='word_1_431' title='bbox 1627 2102 1788 2137; x_wconf 56' lang='lat' dir='ltr'>scrivere.</span> <span class='ocrx_word' id='word_1_432' title='bbox 1807 2101 2008 2146; x_wconf 84' lang='lat' dir='ltr'>gagliarde-</span> 
     </span>
     <span class='ocr_line' id='line_1_37' title="bbox 228 2155 2007 2201; baseline 0.001 -14"><span class='ocrx_word' id='word_1_433' title='bbox 228 2156 348 2187; x_wconf 88' lang='lat' dir='ltr'>mente</span> <span class='ocrx_word' id='word_1_434' title='bbox 382 2155 453 2189; x_wconf 88' lang='lat' dir='ltr'>allo</span> <span class='ocrx_word' id='word_1_435' title='bbox 489 2155 706 2200; x_wconf 87' lang='lat' dir='ltr'>imperatore</span> <span class='ocrx_word' id='word_1_436' title='bbox 743 2168 806 2201; x_wconf 90' lang='lat' dir='ltr'>per</span> <span class='ocrx_word' id='word_1_437' title='bbox 832 2156 867 2190; x_wconf 90' lang='lat' dir='ltr'>la</span> <span class='ocrx_word' id='word_1_438' title='bbox 894 2168 978 2190; x_wconf 88' lang='lat' dir='ltr'>cosa</span> <span class='ocrx_word' id='word_1_439' title='bbox 1004 2156 1038 2190; x_wconf 84' lang='lat' dir='ltr'>di</span> <span class='ocrx_word' id='word_1_440' title='bbox 1067 2157 1322 2192; x_wconf 85' lang='lat' dir='ltr'>Colmaria....</span> <span class='ocrx_word' id='word_1_441' title='bbox 1374 2156 1431 2191; x_wconf 89' lang='lat' dir='ltr'>Gli</span> <span class='ocrx_word' id='word_1_442' title='bbox 1467 2156 1512 2191; x_wconf 89' lang='lat' dir='ltr'>ho</span> <span class='ocrx_word' id='word_1_443' title='bbox 1539 2167 1712 2201; x_wconf 86' lang='lat' dir='ltr'>appresso</span> <span class='ocrx_word' id='word_1_444' title='bbox 1739 2155 2007 2190; x_wconf 85' lang='lat' dir='ltr'>raccomandati</span> 
     </span>
     <span class='ocr_line' id='line_1_38' title="bbox 227 2208 2004 2255; baseline 0.001 -14"><span class='ocrx_word' id='word_1_445' title='bbox 227 2208 238 2241; x_wconf 90' lang='lat' dir='ltr'>i</span> <span class='ocrx_word' id='word_1_446' title='bbox 267 2208 411 2252; x_wconf 86' lang='lat' dir='ltr'>collegii</span> <span class='ocrx_word' id='word_1_447' title='bbox 445 2210 489 2243; x_wconf 91' lang='lat' dir='ltr'>de</span> <span class='ocrx_word' id='word_1_448' title='bbox 517 2210 649 2244; x_wconf 71' lang='grc' dir='ltr'>ι10511111</span> <span class='ocrx_word' id='word_1_449' title='bbox 678 2211 758 2254; x_wconf 75' lang='lat' dir='ltr'>qui‘</span> <span class='ocrx_word' id='word_1_450' title='bbox 789 2213 857 2245; x_wconf 91' lang='lat' dir='ltr'>etc.</span> <span class='ocrx_word' id='word_1_451' title='bbox 909 2210 1022 2245; x_wconf 89' lang='lat' dir='ltr'>Paulo</span> <span class='ocrx_word' id='word_1_452' title='bbox 1058 2213 1138 2255; x_wconf 90' lang='lat' dir='ltr'>post</span> <span class='ocrx_word' id='word_1_453' title='bbox 1165 2210 1412 2244; x_wconf 87' lang='lat' dir='ltr'>Ferdinandus</span> <span class='ocrx_word' id='word_1_454' title='bbox 1439 2210 1484 2244; x_wconf 84' lang='lat' dir='ltr'>ad</span> <span class='ocrx_word' id='word_1_455' title='bbox 1514 2210 1765 2252; x_wconf 76' lang='lat' dir='ltr'>„seminarium</span> <span class='ocrx_word' id='word_1_456' title='bbox 1793 2208 2004 2243; x_wconf 64' lang='lat' dir='ltr'>societatis*</span> 
     </span>
     <span class='ocr_line' id='line_1_39' title="bbox 228 2262 1776 2308; baseline 0.001 -13"><span class='ocrx_word' id='word_1_457' title='bbox 228 2262 263 2295; x_wconf 91' lang='lat' dir='ltr'>in</span> <span class='ocrx_word' id='word_1_458' title='bbox 291 2262 443 2296; x_wconf 87' lang='lat' dir='ltr'>Austria</span> <span class='ocrx_word' id='word_1_459' title='bbox 469 2263 650 2298; x_wconf 89' lang='lat' dir='ltr'>anteriore</span> <span class='ocrx_word' id='word_1_460' title='bbox 677 2264 903 2298; x_wconf 89' lang='lat' dir='ltr'>condendum</span> <span class='ocrx_word' id='word_1_461' title='bbox 929 2265 1059 2298; x_wconf 90' lang='lat' dir='ltr'>iterum</span> <span class='ocrx_word' id='word_1_462' title='bbox 1087 2275 1285 2307; x_wconf 75' lang='lat' dir='ltr'>aggressus</span> <span class='ocrx_word' id='word_1_463' title='bbox 1312 2267 1386 2304; x_wconf 89' lang='lat' dir='ltr'>est;</span> <span class='ocrx_word' id='word_1_464' title='bbox 1415 2275 1448 2298; x_wconf 81' lang='lat' dir='ltr'>v,</span> <span class='ocrx_word' id='word_1_465' title='bbox 1469 2264 1572 2305; x_wconf 72' lang='lat' dir='ltr'>infra,</span> <span class='ocrx_word' id='word_1_466' title='bbox 1600 2275 1654 2308; x_wconf 87' lang='lat' dir='ltr'>ep.</span> <span class='ocrx_word' id='word_1_467' title='bbox 1677 2263 1776 2298; x_wconf 81' lang='lat'>1954.</span> 
     </span>
    </p>
   </div>
   <div class='ocr_carea' id='block_1_4' title="bbox 226 2320 2008 2742">
    <p class='ocr_par' dir='ltr' id='par_1_4' title="bbox 226 2320 2008 2742">
     <span class='ocr_line' id='line_1_40' title="bbox 351 2320 2008 2368; baseline 0 -13"><span class='ocrx_word' id='word_1_468' title='bbox 351 2322 391 2356; x_wconf 87' lang='grc' dir='ltr'>Ρ.</span> <span class='ocrx_word' id='word_1_469' title='bbox 411 2323 548 2356; x_wconf 69' lang='lat' dir='ltr'>Paulus</span> <span class='ocrx_word' id='word_1_470' title='bbox 575 2324 752 2366; x_wconf 74' lang='lat' dir='ltr'>Hoffaeus</span> <span class='ocrx_word' id='word_1_471' title='bbox 778 2324 1006 2368; x_wconf 85' lang='lat' dir='ltr'>praepositus</span> <span class='ocrx_word' id='word_1_472' title='bbox 1034 2323 1267 2368; x_wconf 87' lang='lat' dir='ltr'>provincialis</span> <span class='ocrx_word' id='word_1_473' title='bbox 1294 2323 1337 2357; x_wconf 88' lang='lat' dir='ltr'>ad</span> <span class='ocrx_word' id='word_1_474' title='bbox 1365 2323 1630 2357; x_wconf 83' lang='lat' dir='ltr'>Mercurianuin</span> <span class='ocrx_word' id='word_1_475' title='bbox 1660 2323 1825 2366; x_wconf 86' lang='lat' dir='ltr'>August-a</span> <span class='ocrx_word' id='word_1_476' title='bbox 1844 2322 1900 2356; x_wconf 88' lang='lat'>30.</span> <span class='ocrx_word' id='word_1_477' title='bbox 1919 2320 2008 2355; x_wconf 84' lang='lat' dir='ltr'>Maii</span> 
     </span>
     <span class='ocr_line' id='line_1_41' title="bbox 231 2373 2008 2421; baseline 0 -13"><span class='ocrx_word' id='word_1_478' title='bbox 231 2373 323 2409; x_wconf 85' lang='lat'>1576</span> <span class='ocrx_word' id='word_1_479' title='bbox 351 2375 440 2409; x_wconf 90' lang='lat' dir='ltr'>haec</span> <span class='ocrx_word' id='word_1_480' title='bbox 467 2375 654 2410; x_wconf 78' lang='lat' dir='ltr'>*rettulit2</span> <span class='ocrx_word' id='word_1_481' title='bbox 688 2376 793 2417; x_wconf 84' lang='lat' dir='ltr'>„Heri</span> <span class='ocrx_word' id='word_1_482' title='bbox 822 2376 1023 2421; x_wconf 84' lang='lat' dir='ltr'>Oeniponto</span> <span class='ocrx_word' id='word_1_483' title='bbox 1050 2376 1121 2410; x_wconf 88' lang='lat' dir='ltr'>huc</span> <span class='ocrx_word' id='word_1_484' title='bbox 1148 2377 1311 2421; x_wconf 86' lang='lat' dir='ltr'>redij....</span> <span class='ocrx_word' id='word_1_485' title='bbox 1340 2375 1531 2421; x_wconf 87' lang='lat' dir='ltr'>Oeniponti</span> <span class='ocrx_word' id='word_1_486' title='bbox 1559 2377 1695 2410; x_wconf 84' lang='lat' dir='ltr'>accessi</span> <span class='ocrx_word' id='word_1_487' title='bbox 1724 2375 1766 2409; x_wconf 91' lang='lat' dir='ltr'>ad</span> <span class='ocrx_word' id='word_1_488' title='bbox 1796 2374 2008 2409; x_wconf 83' lang='lat' dir='ltr'>Jllustrissi-</span> 
     </span>
     <span class='ocr_line' id='line_1_42' title="bbox 226 2428 2006 2474; baseline 0 -13"><span class='ocrx_word' id='word_1_489' title='bbox 226 2439 323 2462; x_wconf 84' lang='lat' dir='ltr'>mum</span> <span class='ocrx_word' id='word_1_490' title='bbox 344 2428 572 2463; x_wconf 74' lang='lat' dir='ltr'>Gai-dinalem</span> <span class='ocrx_word' id='word_1_491' title='bbox 591 2429 789 2471; x_wconf 83' lang='lat' dir='ltr'>Moronum,</span> <span class='ocrx_word' id='word_1_492' title='bbox 810 2431 869 2474; x_wconf 85' lang='lat' dir='ltr'>qui</span> <span class='ocrx_word' id='word_1_493' title='bbox 891 2431 928 2464; x_wconf 88' lang='lat' dir='ltr'>P.</span> <span class='ocrx_word' id='word_1_494' title='bbox 948 2430 1130 2464; x_wconf 83' lang='lat' dir='ltr'>Canisiuin</span> <span class='ocrx_word' id='word_1_495' title='bbox 1150 2431 1185 2463; x_wconf 89' lang='lat' dir='ltr'>in</span> <span class='ocrx_word' id='word_1_496' title='bbox 1205 2431 1474 2464; x_wconf 67' lang='lat' dir='ltr'>confessarium</span> <span class='ocrx_word' id='word_1_497' title='bbox 1494 2430 1605 2473; x_wconf 85' lang='lat' dir='ltr'>elegit</span> <span class='ocrx_word' id='word_1_498' title='bbox 1621 2431 1640 2469; x_wconf 84' lang='lat'>¹,</span> <span class='ocrx_word' id='word_1_499' title='bbox 1660 2440 1855 2472; x_wconf 84' lang='lat' dir='ltr'>secumque</span> <span class='ocrx_word' id='word_1_500' title='bbox 1874 2428 2006 2462; x_wconf 82' lang='lat' dir='ltr'>habere</span> 
     </span>
     <span class='ocr_line' id='line_1_43' title="bbox 227 2481 2007 2527; baseline 0 -12"><span class='ocrx_word' id='word_1_501' title='bbox 227 2482 307 2516; x_wconf 85' lang='lat' dir='ltr'>vult</span> <span class='ocrx_word' id='word_1_502' title='bbox 332 2482 562 2527; x_wconf 88' lang='lat' dir='ltr'>Ratisponae,</span> <span class='ocrx_word' id='word_1_503' title='bbox 598 2483 684 2517; x_wconf 91' lang='lat' dir='ltr'>nihil</span> <span class='ocrx_word' id='word_1_504' title='bbox 714 2484 871 2517; x_wconf 88' lang='lat' dir='ltr'>curando</span> <span class='ocrx_word' id='word_1_505' title='bbox 899 2484 998 2518; x_wconf 87' lang='lat' dir='ltr'>illam</span> <span class='ocrx_word' id='word_1_506' title='bbox 1025 2495 1171 2518; x_wconf 86' lang='lat' dir='ltr'>causam</span> <span class='ocrx_word' id='word_1_507' title='bbox 1200 2484 1415 2518; x_wconf 82' lang='lat' dir='ltr'>Caesaream</span> <span class='ocrx_word' id='word_1_508' title='bbox 1443 2483 1486 2517; x_wconf 92' lang='lat' dir='ltr'>de</span> <span class='ocrx_word' id='word_1_509' title='bbox 1514 2494 1584 2527; x_wconf 84' lang='lat' dir='ltr'>qua</span> <span class='ocrx_word' id='word_1_510' title='bbox 1612 2482 1651 2517; x_wconf 90' lang='lat' dir='ltr'>P.</span> <span class='ocrx_word' id='word_1_511' title='bbox 1672 2482 1714 2516; x_wconf 94' lang='lat' dir='ltr'>V.</span> <span class='ocrx_word' id='word_1_512' title='bbox 1733 2482 1819 2516; x_wconf 88' lang='lat' dir='ltr'>mihi</span> <span class='ocrx_word' id='word_1_513' title='bbox 1847 2481 2007 2526; x_wconf 85' lang='lat' dir='ltr'>scripsit.</span> 
     </span>
     <span class='ocr_line' id='line_1_44' title="bbox 226 2534 2007 2582; baseline -0.001 -13"><span class='ocrx_word' id='word_1_514' title='bbox 226 2534 359 2570; x_wconf 86' lang='lat' dir='ltr'>Veniet</span> <span class='ocrx_word' id='word_1_515' title='bbox 392 2539 513 2570; x_wconf 86' lang='lat' dir='ltr'>autem</span> <span class='ocrx_word' id='word_1_516' title='bbox 541 2536 581 2571; x_wconf 90' lang='lat' dir='ltr'>P.</span> <span class='ocrx_word' id='word_1_517' title='bbox 602 2536 769 2571; x_wconf 88' lang='lat' dir='ltr'>Canisius</span> <span class='ocrx_word' id='word_1_518' title='bbox 796 2537 896 2582; x_wconf 91' lang='lat' dir='ltr'>prius</span> <span class='ocrx_word' id='word_1_519' title='bbox 921 2537 1105 2581; x_wconf 85' lang='lat' dir='ltr'>Dilingam</span> <span class='ocrx_word' id='word_1_520' title='bbox 1133 2540 1173 2571; x_wconf 86' lang='lat' dir='ltr'>vt</span> <span class='ocrx_word' id='word_1_521' title='bbox 1199 2537 1297 2571; x_wconf 90' lang='lat' dir='ltr'>illius</span> <span class='ocrx_word' id='word_1_522' title='bbox 1332 2536 1476 2581; x_wconf 86' lang='lat' dir='ltr'>collegij</span> <span class='ocrx_word' id='word_1_523' title='bbox 1508 2536 1762 2570; x_wconf 82' lang='lat' dir='ltr'>necessitatem</span> <span class='ocrx_word' id='word_1_524' title='bbox 1799 2538 1836 2569; x_wconf 83' lang='lat' dir='ltr'>et</span> <span class='ocrx_word' id='word_1_525' title='bbox 1861 2545 2007 2569; x_wconf 88' lang='lat' dir='ltr'>causam</span> 
     </span>
     <span class='ocr_line' id='line_1_45' title="bbox 227 2588 2008 2634; baseline 0 -13"><span class='ocrx_word' id='word_1_526' title='bbox 227 2588 269 2622; x_wconf 91' lang='lat' dir='ltr'>de</span> <span class='ocrx_word' id='word_1_527' title='bbox 297 2589 328 2622; x_wconf 90' lang='lat'>5.</span> <span class='ocrx_word' id='word_1_528' title='bbox 348 2601 410 2634; x_wconf 91' lang='lat' dir='ltr'>pro</span> <span class='ocrx_word' id='word_1_529' title='bbox 447 2592 552 2624; x_wconf 87' lang='lat' dir='ltr'>cento</span> <span class='ocrx_word' id='word_1_530' title='bbox 587 2593 784 2633; x_wconf 80' lang='lat' dir='ltr'>cognoscat</span> <span class='ocrx_word' id='word_1_531' title='bbox 819 2593 856 2625; x_wconf 87' lang='lat' dir='ltr'>et</span> <span class='ocrx_word' id='word_1_532' title='bbox 883 2590 1064 2625; x_wconf 90' lang='lat' dir='ltr'>Cardinali</span> <span class='ocrx_word' id='word_1_533' title='bbox 1101 2591 1248 2624; x_wconf 85' lang='lat' dir='ltr'>reserat.</span> <span class='ocrx_word' id='word_1_534' title='bbox 1300 2589 1336 2624; x_wconf 85' lang='lat' dir='ltr'>Si</span> <span class='ocrx_word' id='word_1_535' title='bbox 1363 2594 1483 2624; x_wconf 83' lang='lat' dir='ltr'>autem</span> <span class='ocrx_word' id='word_1_536' title='bbox 1510 2601 1598 2623; x_wconf 83' lang='lat' dir='ltr'>vera</span> <span class='ocrx_word' id='word_1_537' title='bbox 1633 2592 1719 2623; x_wconf 86' lang='lat' dir='ltr'>sunt</span> <span class='ocrx_word' id='word_1_538' title='bbox 1751 2599 1843 2633; x_wconf 90' lang='lat' dir='ltr'>quae</span> <span class='ocrx_word' id='word_1_539' title='bbox 1871 2588 2008 2632; x_wconf 81' lang='lat' dir='ltr'>Caspai·</span> 
     </span>
     <span class='ocr_line' id='line_1_46' title="bbox 226 2642 2008 2688; baseline -0.001 -12"><span class='ocrx_word' id='word_1_540' title='bbox 226 2642 421 2677; x_wconf 87' lang='lat' dir='ltr'>Cabalinus</span> <span class='ocrx_word' id='word_1_541' title='bbox 447 2643 610 2678; x_wconf 87' lang='lat' dir='ltr'>Venetus</span> <span class='ocrx_word' id='word_1_542' title='bbox 641 2655 755 2688; x_wconf 87' lang='lat' dir='ltr'>nuper</span> <span class='ocrx_word' id='word_1_543' title='bbox 781 2644 824 2677; x_wconf 90' lang='lat' dir='ltr'>de</span> <span class='ocrx_word' id='word_1_544' title='bbox 850 2646 971 2678; x_wconf 85' lang='lat' dir='ltr'>vsuris</span> <span class='ocrx_word' id='word_1_545' title='bbox 998 2647 1066 2678; x_wconf 88' lang='lat' dir='ltr'>etc.</span> <span class='ocrx_word' id='word_1_546' title='bbox 1085 2644 1127 2678; x_wconf 85' lang='lat' dir='ltr'>ad</span> <span class='ocrx_word' id='word_1_547' title='bbox 1160 2643 1376 2688; x_wconf 87' lang='lat' dir='ltr'>Episcopum</span> <span class='ocrx_word' id='word_1_548' title='bbox 1404 2642 1691 2677; x_wconf 84' lang='lat' dir='ltr'>Recanatensem</span> <span class='ocrx_word' id='word_1_549' title='bbox 1726 2642 1907 2687; x_wconf 44' lang='lat' dir='ltr'>scripsit?</span> <span class='ocrx_word' id='word_1_550' title='bbox 1943 2652 2008 2675; x_wconf 88' lang='lat' dir='ltr'>nos</span> 
     </span>
     <span class='ocr_line' id='line_1_47' title="bbox 226 2695 2007 2742; baseline -0.001 -13"><span class='ocrx_word' id='word_1_551' title='bbox 226 2706 314 2729; x_wconf 80' lang='lat' dir='ltr'>sane</span> <span class='ocrx_word' id='word_1_552' title='bbox 352 2707 592 2741; x_wconf 77' lang='lat' dir='ltr'>praepropere</span> <span class='ocrx_word' id='word_1_553' title='bbox 633 2697 886 2731; x_wconf 77' lang='lat' dir='ltr'>damnauimus</span> <span class='ocrx_word' id='word_1_554' title='bbox 921 2698 1121 2732; x_wconf 87' lang='lat' dir='ltr'>Germanos</span> <span class='ocrx_word' id='word_1_555' title='bbox 1159 2697 1202 2731; x_wconf 90' lang='lat' dir='ltr'>de</span> <span class='ocrx_word' id='word_1_556' title='bbox 1230 2698 1261 2731; x_wconf 85' lang='lat'>5.</span> <span class='ocrx_word' id='word_1_557' title='bbox 1282 2709 1345 2742; x_wconf 87' lang='lat' dir='ltr'>pro</span> <span class='ocrx_word' id='word_1_558' title='bbox 1384 2699 1499 2731; x_wconf 88' lang='lat' dir='ltr'>cento.</span> <span class='ocrx_word' id='word_1_559' title='bbox 1565 2695 1668 2730; x_wconf 86' lang='lat' dir='ltr'>Nouo</span> <span class='ocrx_word' id='word_1_560' title='bbox 1706 2695 1817 2738; x_wconf 83' lang='lat' dir='ltr'>igitur</span> <span class='ocrx_word' id='word_1_561' title='bbox 1859 2695 2007 2729; x_wconf 91' lang='lat' dir='ltr'>consilio</span> 
     </span>
    </p>
   </div>
   <div class='ocr_carea' id='block_1_5' title="bbox 225 2782 2006 2857">
    <p class='ocr_par' dir='ltr' id='par_1_5' title="bbox 225 2782 2006 2857">
     <span class='ocr_line' id='line_1_48' title="bbox 345 2782 2006 2817; baseline -0.001 -9"><span class='ocrx_word' id='word_1_562' title='bbox 345 2784 373 2814; x_wconf 83' lang='lat' dir='ltr'>a)</span> <span class='ocrx_word' id='word_1_563' title='bbox 395 2785 533 2815; x_wconf 78' lang='lat' dir='ltr'>Sequitur</span> <span class='ocrx_word' id='word_1_564' title='bbox 557 2785 662 2816; x_wconf 69' lang='lat' dir='ltr'>siylnm</span> <span class='ocrx_word' id='word_1_565' title='bbox 690 2786 845 2816; x_wconf 73' lang='lat' dir='ltr'>quoddam,</span> <span class='ocrx_word' id='word_1_566' title='bbox 871 2785 945 2817; x_wconf 72' lang='lat' dir='ltr'>quod</span> <span class='ocrx_word' id='word_1_567' title='bbox 966 2786 1035 2817; x_wconf 76' lang='lat' dir='ltr'>quid</span> <span class='ocrx_word' id='word_1_568' title='bbox 1055 2785 1196 2816; x_wconf 69' lang='lat' dir='ltr'>siynifiret</span> <span class='ocrx_word' id='word_1_569' title='bbox 1224 2783 1311 2815; x_wconf 80' lang='lat' dir='ltr'>(iuris</span> <span class='ocrx_word' id='word_1_570' title='bbox 1331 2783 1518 2817; x_wconf 76' lang='lat' dir='ltr'>utriusque?</span> <span class='ocrx_word' id='word_1_571' title='bbox 1543 2782 1756 2816; x_wconf 82' lang='lat' dir='ltr'>philosophiae</span> <span class='ocrx_word' id='word_1_572' title='bbox 1769 2783 1802 2815; x_wconf 68' lang='lat'>1³),</span> <span class='ocrx_word' id='word_1_573' title='bbox 1830 2791 1884 2808; x_wconf 82' lang='lat' dir='ltr'>non</span> <span class='ocrx_word' id='word_1_574' title='bbox 1906 2783 2006 2815; x_wconf 78' lang='lat' dir='ltr'>liquet.</span> 
     </span>
     <span class='ocr_line' id='line_1_49' title="bbox 225 2824 628 2857; baseline 0.002 -8"><span class='ocrx_word' id='word_1_575' title='bbox 225 2824 254 2851; x_wconf 67' lang='grc'>1))</span> <span class='ocrx_word' id='word_1_576' title='bbox 276 2826 415 2856; x_wconf 69' lang='lat' dir='ltr'>Sequimi-</span> <span class='ocrx_word' id='word_1_577' title='bbox 434 2832 516 2857; x_wconf 80' lang='lat' dir='ltr'>Suae‚</span> <span class='ocrx_word' id='word_1_578' title='bbox 537 2826 628 2850; x_wconf 70' lang='lat' dir='ltr'>obliti.</span> 
     </span>
    </p>
   </div>
   <div class='ocr_carea' id='block_1_6' title="bbox 483 2898 648 2902">
    <p class='ocr_par' dir='ltr' id='par_1_6' title="bbox 483 2898 648 2902">
     <span class='ocr_line' id='line_1_50' title="bbox 483 2898 648 2902; baseline 0 0"><span class='ocrx_word' id='word_1_579' title='bbox 483 2898 648 2902; x_wconf 95' lang='lat' dir='ltr'> </span> 
     </span>
    </p>
   </div>
   <div class='ocr_carea' id='block_1_7' title="bbox 226 2947 2051 3206">
    <p class='ocr_par' dir='ltr' id='par_1_7' title="bbox 226 2947 2051 3206">
     <span class='ocr_line' id='line_1_51' title="bbox 349 2947 2007 2994; baseline -0.001 -12"><span class='ocrx_word' id='word_1_580' title='bbox 349 2948 357 2968; x_wconf 90' lang='lat'><em>¹</em></span> <span class='ocrx_word' id='word_1_581' title='bbox 385 2947 586 2993; x_wconf 87' lang='lat' dir='ltr'>Oeniponte</span> <span class='ocrx_word' id='word_1_582' title='bbox 621 2952 770 2994; x_wconf 82' lang='lat' dir='ltr'>peecata</span> <span class='ocrx_word' id='word_1_583' title='bbox 804 2950 835 2984; x_wconf 88' lang='lat' dir='ltr'>ei</span> <span class='ocrx_word' id='word_1_584' title='bbox 869 2949 1030 2984; x_wconf 86' lang='lat' dir='ltr'>confiteri</span> <span class='ocrx_word' id='word_1_585' title='bbox 1057 2948 1212 2989; x_wconf 82' lang='lat' dir='ltr'>volebat,</span> <span class='ocrx_word' id='word_1_586' title='bbox 1248 2960 1318 2982; x_wconf 90' lang='lat' dir='ltr'>non</span> <span class='ocrx_word' id='word_1_587' title='bbox 1345 2948 1583 2989; x_wconf 84' lang='lat' dir='ltr'>Ratisbonae;</span> <span class='ocrx_word' id='word_1_588' title='bbox 1620 2959 1703 2982; x_wconf 80' lang='lat' dir='ltr'>nam</span> <span class='ocrx_word' id='word_1_589' title='bbox 1731 2947 1770 2983; x_wconf 92' lang='lat' dir='ltr'>P.</span> <span class='ocrx_word' id='word_1_590' title='bbox 1791 2948 1940 2981; x_wconf 74' lang='lat' dir='ltr'>Iacobus</span> <span class='ocrx_word' id='word_1_591' title='bbox 1965 2947 2007 2980; x_wconf 85' lang='lat' dir='ltr'>de</span> 
     </span>
     <span class='ocr_line' id='line_1_52' title="bbox 226 2999 2004 3047; baseline 0 -14"><span class='ocrx_word' id='word_1_592' title='bbox 226 3002 439 3035; x_wconf 72' lang='lat' dir='ltr'>Avellaneda</span> <span class='ocrx_word' id='word_1_593' title='bbox 476 3001 510 3036; x_wconf 89' lang='lat' dir='ltr'>S.</span> <span class='ocrx_word' id='word_1_594' title='bbox 538 3002 571 3037; x_wconf 84' lang='lat' dir='ltr'>J.</span> <span class='ocrx_word' id='word_1_595' title='bbox 623 3002 849 3037; x_wconf 87' lang='lat' dir='ltr'>Mercuriano</span> <span class='ocrx_word' id='word_1_596' title='bbox 884 3003 1060 3047; x_wconf 87' lang='lat' dir='ltr'>*scripsit</span> <span class='ocrx_word' id='word_1_597' title='bbox 1094 3002 1138 3036; x_wconf 87' lang='lat' dir='ltr'>dc</span> <span class='ocrx_word' id='word_1_598' title='bbox 1174 3002 1321 3036; x_wconf 85' lang='lat' dir='ltr'>Morono</span> <span class='ocrx_word' id='word_1_599' title='bbox 1357 3002 1557 3036; x_wconf 83' lang='lat' dir='ltr'>Ratisbona</span> <span class='ocrx_word' id='word_1_600' title='bbox 1589 3002 1645 3036; x_wconf 77' lang='lat'>21.</span> <span class='ocrx_word' id='word_1_601' title='bbox 1675 3000 1756 3034; x_wconf 90' lang='lat' dir='ltr'>Iulii</span> <span class='ocrx_word' id='word_1_602' title='bbox 1785 3001 1896 3035; x_wconf 68' lang='lat'>1576:</span> <span class='ocrx_word' id='word_1_603' title='bbox 1936 2999 2004 3042; x_wconf 77' lang='lat' dir='ltr'>„Su</span> 
     </span>
     <span class='ocr_line' id='line_1_53' title="bbox 226 3053 2051 3101; baseline 0 -14"><span class='ocrx_word' id='word_1_604' title='bbox 226 3053 374 3088; x_wconf 72' lang='lat' dir='ltr'>Scfioria</span> <span class='ocrx_word' id='word_1_605' title='bbox 400 3054 649 3090; x_wconf 84' lang='lat' dir='ltr'>illustrissima</span> <span class='ocrx_word' id='word_1_606' title='bbox 675 3056 784 3090; x_wconf 87' lang='lat' dir='ltr'>desde</span> <span class='ocrx_word' id='word_1_607' title='bbox 811 3068 880 3101; x_wconf 85' lang='lat' dir='ltr'>que</span> <span class='ocrx_word' id='word_1_608' title='bbox 907 3057 990 3090; x_wconf 91' lang='lat' dir='ltr'>vino</span> <span class='ocrx_word' id='word_1_609' title='bbox 1017 3055 1100 3100; x_wconf 85' lang='lat' dir='ltr'>aqui</span> <span class='ocrx_word' id='word_1_610' title='bbox 1127 3066 1166 3089; x_wconf 92' lang='lat' dir='ltr'>se</span> <span class='ocrx_word' id='word_1_611' title='bbox 1193 3055 1351 3089; x_wconf 79' lang='lat' dir='ltr'>confiesa</span> <span class='ocrx_word' id='word_1_612' title='bbox 1376 3056 1560 3099; x_wconf 82' lang='lat' dir='ltr'>coniig0&#39;‘;</span> <span class='ocrx_word' id='word_1_613' title='bbox 1588 3057 1623 3089; x_wconf 91' lang='lat' dir='ltr'>et</span> <span class='ocrx_word' id='word_1_614' title='bbox 1641 3054 1698 3089; x_wconf 85' lang='lat'>*5.</span> <span class='ocrx_word' id='word_1_615' title='bbox 1718 3053 1872 3097; x_wconf 85' lang='lat' dir='ltr'>Augusti</span> <span class='ocrx_word' id='word_1_616' title='bbox 1895 3053 2004 3087; x_wconf 89' lang='lat'>1576:</span> <span class='ocrx_word' id='word_1_617' title='bbox 2050 3091 2051 3095; x_wconf 13' lang='grc' dir='ltr'><strong>Ἰ</strong></span> 
     </span>
     <span class='ocr_line' id='line_1_54' title="bbox 230 3106 2004 3154; baseline -0.001 -14"><span class='ocrx_word' id='word_1_618' title='bbox 230 3106 319 3148; x_wconf 69' lang='lat' dir='ltr'>⁷,Por</span> <span class='ocrx_word' id='word_1_619' title='bbox 354 3118 499 3142; x_wconf 83' lang='lat' dir='ltr'>auerme</span> <span class='ocrx_word' id='word_1_620' title='bbox 533 3109 677 3142; x_wconf 86' lang='lat' dir='ltr'>tomado</span> <span class='ocrx_word' id='word_1_621' title='bbox 712 3121 776 3154; x_wconf 86' lang='lat' dir='ltr'>por</span> <span class='ocrx_word' id='word_1_622' title='bbox 810 3121 852 3145; x_wconf 85' lang='lat' dir='ltr'>su</span> <span class='ocrx_word' id='word_1_623' title='bbox 889 3110 1075 3144; x_wconf 84' lang='lat' dir='ltr'>confessor</span> <span class='ocrx_word' id='word_1_624' title='bbox 1109 3109 1263 3153; x_wconf 87' lang='lat' dir='ltr'>despues</span> <span class='ocrx_word' id='word_1_625' title='bbox 1298 3120 1367 3152; x_wconf 87' lang='lat' dir='ltr'>que</span> <span class='ocrx_word' id='word_1_626' title='bbox 1403 3111 1481 3143; x_wconf 86' lang='lat' dir='ltr'>esta</span> <span class='ocrx_word' id='word_1_627' title='bbox 1517 3109 1620 3152; x_wconf 76' lang='lat' dir='ltr'>aqui⁴⁴</span> <span class='ocrx_word' id='word_1_628' title='bbox 1654 3108 1715 3151; x_wconf 82' lang='lat' dir='ltr'>(ex</span> <span class='ocrx_word' id='word_1_629' title='bbox 1750 3106 2004 3151; x_wconf 85' lang='lat' dir='ltr'>autographis;</span> 
     </span>
     <span class='ocr_line' id='line_1_55' title="bbox 227 3159 1569 3206; baseline 0.002 -14"><span class='ocrx_word' id='word_1_630' title='bbox 227 3159 345 3194; x_wconf 88' lang='lat' dir='ltr'>Germ.</span> <span class='ocrx_word' id='word_1_631' title='bbox 369 3161 434 3195; x_wconf 87' lang='lat'>137</span> <span class='ocrx_word' id='word_1_632' title='bbox 461 3161 485 3195; x_wconf 89' lang='lat' dir='ltr'>f.</span> <span class='ocrx_word' id='word_1_633' title='bbox 507 3162 572 3196; x_wconf 84' lang='lat'>181</span> <span class='ocrx_word' id='word_1_634' title='bbox 606 3162 700 3204; x_wconf 82' lang='lat'>182).</span> <span class='ocrx_word' id='word_1_635' title='bbox 864 3162 877 3182; x_wconf 75' lang='lat'><strong>⁹</strong></span> <span class='ocrx_word' id='word_1_636' title='bbox 906 3162 956 3197; x_wconf 88' lang='lat' dir='ltr'>De</span> <span class='ocrx_word' id='word_1_637' title='bbox 982 3162 1050 3196; x_wconf 87' lang='lat' dir='ltr'>hac</span> <span class='ocrx_word' id='word_1_638' title='bbox 1076 3172 1115 3195; x_wconf 85' lang='lat' dir='ltr'>re</span> <span class='ocrx_word' id='word_1_639' title='bbox 1141 3161 1246 3206; x_wconf 82' lang='lat' dir='ltr'>plura</span> <span class='ocrx_word' id='word_1_640' title='bbox 1273 3161 1438 3196; x_wconf 86' lang='lat' dir='ltr'>dicentur</span> <span class='ocrx_word' id='word_1_641' title='bbox 1464 3162 1569 3196; x_wconf 86' lang='lat' dir='ltr'>infra.</span> 
     </span>
    </p>
   </div>
  </div>
 </body>
</html>
