2062 3443
211 153 312 188 1924.
340 152 446 188 Laur.
474 152 600 187 Surius
627 152 667 188 O.
687 152 784 188 Cart.
811 152 896 188 Can.
937 152 1082 188 Colonia
1108 153 1202 188 inter
1228 155 1335 189 Mart.
1363 157 1398 189 et
1424 156 1510 200 Apr.
1531 156 1632 190 1575.
1732 159 1815 201 291

48 270 83 304 in
111 281 180 314 quo
198 270 413 305 Ferdinandi
435 273 472 305 et
489 270 707 315 KVellingeri
733 270 1017 315 subscriptiones
1035 270 1165 304 desunt
1184 270 1396 314 (Ambraser
1413 272 1546 314 Akten,
1573 273 1818 320 Hofconcepte

53 323 172 368 1575).
224 323 277 357 En
304 323 448 358 litteras
474 324 590 369 ipsas:

166 382 412 417 Ferdinandus
439 382 504 417 Dei
531 383 651 427 gratia
677 383 863 417 Archidux
890 383 1058 417 Austriae
1085 385 1153 417 etc.
1204 383 1413 418 Reuerende
1440 388 1476 418 et
1502 385 1630 420 deuote
1664 399 1817 432 syncere

46 436 149 470 nobis
174 436 316 471 dilecte.
368 436 598 471 Humillimas
624 437 767 471 litteras
793 439 887 479 tuas,
914 437 1040 481 quinta
1067 436 1189 481 Martij
1218 438 1378 482 proxime
1405 439 1602 483 praeteriti,
1634 453 1678 474 ex
1705 441 1817 476 Roma

47 489 90 523 ad
117 501 182 524 nos
208 489 323 530 datas,
356 489 570 534 accepimus,
608 493 644 524 et
679 502 723 524 ex
762 490 813 524 eis
839 490 1024 534 singulare
1059 492 1161 524 tuum
1196 491 1321 535 tuique
1348 491 1493 526 Ordinis
1528 495 1686 529 studium
1722 495 1818 529 solli-

46 542 251 583 citudinem,
290 543 668 588 promptissimamque
707 544 935 586 gratificandi
974 543 1227 586 Voluntatem,
1266 546 1301 578 in
1340 546 1557 589 acquirendo
1595 543 1715 584 nobis,
1755 554 1818 587 pro

46 596 269 631 charissimis
295 596 380 641 filijs
407 597 541 630 nostris
567 601 701 642 aptum,
729 599 766 631 et
792 597 933 641 qualem
953 596 1149 639 Vellemus,
1176 597 1342 632 idoneum
1369 601 1652 643 praeceptorem,
1679 597 1819 631 abunde

45 649 136 684 satis
173 649 429 684 intelleximus.
481 649 579 692 Quae
615 651 758 694 quidem
797 650 998 684 humillima
1033 653 1105 691 tua,
1144 651 1269 695 tuique
1306 651 1450 686 Ordinis
1489 663 1575 696 erga
1609 662 1674 685 nos
1709 651 1818 685 animi

44 703 234 747 propensio
260 702 356 737 haud
388 703 532 746 ingrata
567 704 668 738 nobis
695 704 829 738 extitit.
880 704 948 738 Sed
976 703 1060 747 quia
1096 704 1139 737 de
1166 704 1233 738 hac
1260 717 1297 738 re
1324 717 1388 739 nos
1415 717 1495 739 cum
1523 707 1626 750 patre
1653 704 1817 739 Canisio·

45 755 139 790 sicut
174 756 217 790 ab
253 768 294 790 eo
326 756 519 800 intelliges,
556 769 676 791 coram
702 757 813 792 latius
839 757 989 800 egimus,
1026 758 1103 802 ipse
1129 757 1193 791 tibi
1230 759 1308 792 sine
1335 759 1440 792 dubio
1468 770 1530 803 per
1564 758 1708 792 litteras
1734 770 1819 793 suas

44 812 203 843 nostram
236 809 489 843 resolutionem
525 822 704 855 exponere
740 810 834 846 haud
861 810 1084 854 grauabitur.
1135 811 1173 844 Id
1200 823 1265 846 nos
1292 824 1377 855 erga
1412 815 1446 846 te
1474 815 1508 846 et
1535 812 1675 847 totius⁸
1702 811 1817 846 Socie-

44 864 156 896 tatem
186 862 300 905 lhesu,
328 863 489 907 qualibet
515 864 686 898 offerente
714 876 753 898 se
771 865 968 903 occasione,
996 864 1187 898 clementia
1205 869 1327 900 nostra
1346 866 1664 910 recompensaturi.
1704 866 1820 900 Datae

44 916 80 950 in
116 915 272 951 Ciuitate
310 920 434 951 nostra
472 916 674 961 Oeniponte
711 921 817 952 sexta
843 918 899 952 die
925 917 1064 952 Mensis
1090 918 1250 963 Apprilis
1285 920 1390 953 Anno
1425 918 1579 964 Dominj.
1614 918 1819 953 Millesimo.

45 969 338 1014 Quingentesimo
365 969 639 1015 Septuagesimo
666 972 801 1016 quinto.

164 1028 423 1071 Ferdinandus,
451 1030 594 1075 propria
621 1042 740 1066 manu.

163 1088 339 1123 Vidimus.
390 1089 484 1124 Baro
511 1090 546 1124 in
575 1089 794 1135 Schneperg.

574 1151 630 1185 Ad
656 1151 866 1185 mandatum
895 1150 1122 1184 Serenissimi
1148 1150 1290 1195 Dominj

718 1204 933 1239 Archiducis
958 1204 1152 1249 proprium.

1252 1257 1410 1292 Jacobus
1437 1258 1655 1304 Holtzapffel
1681 1259 1724 1294 D.

1261 1312 1404 1356 propria
1431 1323 1539 1346 manu
1565 1313 1722 1357 scripsit.

540 1371 820 1417 Christophorus
846 1371 1010 1406 Ebnerus
1036 1371 1180 1417 propria
1206 1383 1326 1406 manu.

166 1437 377 1473 Reuerendo
413 1439 449 1472 et
482 1438 612 1472 deuoto
649 1448 802 1483 syncere
836 1437 939 1471 nobis
974 1436 1104 1470 dilecto
1129 1435 1231 1470 Patri
1264 1435 1472 1470 Eberhardo
1498 1436 1725 1472 Mercuriano
1761 1438 1822 1473 So-

46 1491 190 1526 cietatis
216 1492 323 1526 Ihesu
351 1490 533 1536 Generalj.
631 1490 777 1525 Romae.

164 1551 196 1587 2.
224 1551 277 1587 De
302 1552 404 1594 libro,
431 1551 533 1586 cuius
561 1551 727 1585 Canisius
762 1551 797 1584 in
825 1552 987 1584 extrema
1013 1549 1169 1594 epistula
1196 1549 1284 1584 facit
1315 1549 1544 1590 mentionem,
1572 1550 1612 1585 P.
1640 1553 1822 1586 Antonius

46 1606 252 1640 Poe-sevinus
270 1605 459 1640 Societatis
485 1605 703 1640 secretarius
721 1604 760 1638 P.
780 1603 933 1638 Volckio
957 1603 1088 1638 rectori
1115 1603 1353 1648 oenipontano
1380 1603 1492 1637 Roma
1513 1604 1567 1638 12.
1586 1604 1709 1639 Martii
1730 1606 1820 1640 1575

45 1659 240 1704 *scripsit:
283 1659 417 1702 „Missa
443 1661 499 1693 est
534 1658 618 1692 hinc
651 1657 833 1692 sarcinula
859 1669 940 1692 cum
967 1658 1083 1701 Agnis
1108 1656 1185 1695 Dei,
1221 1660 1258 1691 et
1291 1657 1382 1692 libro
1409 1657 1576 1692 Doctoris
1602 1657 1750 1693 Sanderi
1778 1659 1821 1692 de

46 1712 314 1747 Justificatione
340 1715 381 1747 ut
406 1713 466 1747 isti
487 1712 646 1756 Collegio
671 1712 937 1756 quamprimum
964 1711 1179 1752 reddatur“;
1208 1711 1396 1745 Hoffaeum
1424 1714 1544 1745 autem
1564 1712 1821 1756 provincialem

45 1766 174 1801 debere
204 1766 354 1810 „librum
382 1766 531 1801 Sanderi
559 1793 567 1800 .
583 1793 611 1801 ..
639 1766 832 1810 diligenter
856 1766 942 1799 item
961 1765 1157 1799 edendum“
1181 1776 1308 1799 curare
1337 1765 1396 1807 (ex
1416 1777 1539 1809 apogr.
1560 1766 1670 1800 eiusd.
1690 1768 1821 1811 temp.;

44 1819 88 1855 G.
106 1820 190 1866 Sup.
214 1822 242 1862 1,
275 1832 309 1866 p.
328 1821 420 1865 25²).
471 1820 597 1865 Neque
632 1819 667 1854 id
703 1823 935 1864 praeceptum
972 1818 1077 1853 debet
1102 1818 1217 1853 videri
1242 1819 1392 1858 mirum;
1430 1830 1511 1852 nam
1539 1818 1709 1853 Nicolaus
1736 1819 1821 1853 San-

43 1873 151 1908 derus
181 1874 364 1917 (Sanders,
400 1874 596 1918 Saunders)
624 1873 816 1916 theologus
852 1873 983 1916 anglus
1012 1872 1071 1916 (de
1098 1884 1167 1916 quo
1195 1872 1280 1907 Can.
1301 1872 1333 1905 V
1360 1872 1446 1916 238)
1475 1884 1495 1906 a
1522 1873 1754 1907 Meroen-iano
1786 1873 1820 1907 in

44 1927 205 1963 *litteris
231 1927 344 1962 Roma
371 1928 427 1963 20.
446 1928 631 1962 Februarii
660 1927 752 1962 1580
785 1927 829 1961 ad
855 1927 1044 1961 Hoffaeum
1081 1926 1176 1960 datis
1206 1927 1282 1969 „uir
1308 1926 1500 1961 Societatis
1526 1927 1816 1962 amantissimus“

43 1984 195 2016 vocatur
224 1982 286 2025 (ex
321 1982 578 2016 commentario
615 1980 812 2025 epistulae;
853 1980 920 2015 Rh.
940 1980 1007 2015 Inf.
1040 1981 1070 2021 1,
1107 1980 1139 2013 ΙΙ
1166 1980 1190 2015 f.
1218 1980 1319 2023 39b);
1353 1983 1473 2024 atque,
1509 1982 1549 2014 ut
1585 1982 1612 2014 I.
1632 1982 1678 2014 H.
1699 1982 1822 2015 Pollen

43 2035 104 2077 ait,
140 2035 330 2078 „Sander’s
364 2035 484 2070 works
510 2047 605 2069 were
638 2035 673 2068 in
699 2035 776 2068 fact
809 2034 845 2068 in
871 2038 975 2079 great
1000 2033 1213 2078 requisition
1249 2036 1286 2068 at
1322 2033 1383 2067 the
1410 2033 1515 2067 time⁴⁴
1549 2033 1640 2076 (The
1668 2034 1821 2078 English

43 2088 240 2124 Historical
275 2090 423 2123 Review
448 2089 510 2130 VI,
548 2089 694 2123 London
733 2088 844 2130 1891,
880 2090 957 2130 41).
1008 2089 1267 2122 Morem-ianus
1301 2087 1428 2121 deinde
1464 2086 1613 2121 Hoffaeo
1645 2089 1821 2133 *scripsit

43 2141 157 2177 Roma
182 2142 239 2178 22.
259 2142 481 2188 Septembris
509 2143 619 2177 1576:
651 2142 845 2185 „Miramur
870 2143 1010 2176 tantum
1037 2142 1080 2176 de
1106 2141 1196 2175 libro
1215 2141 1363 2175 Sanderi
1390 2140 1585 2182 silentium,
1617 2153 1722 2185 quem
1745 2142 1820 2187 jam

44 2196 142 2241 typis
169 2207 342 2231 excusum
370 2208 450 2231 esse
476 2196 675 2241 oportebat.
726 2195 839 2230 Curet
873 2196 986 2239 igitur
1012 2195 1054 2229 R.
1073 2195 1113 2229 T.
1134 2198 1175 2228 vt
1201 2206 1307 2238 quam
1343 2195 1498 2239 primum
1534 2194 1633 2238 prelo
1660 2196 1820 2230 commit-

44 2251 152 2290 tatur,
179 2253 214 2284 et
241 2250 410 2294 quoniam
436 2249 638 2295 Episcopus
658 2250 918 2293 Augustanus¹
944 2249 1015 2283 iam
1042 2249 1120 2283 vita
1146 2249 1293 2282 functus
1312 2251 1377 2289 est,
1404 2248 1617 2291 Moguntino
1635 2249 1820 2295 Archiepi-

45 2305 174 2349 scopo²
208 2304 393 2338 dedicetur
431 2303 581 2338 mutatis
616 2303 799 2337 mutandis
825 2302 866 2337 R.
886 2302 925 2338 T.
955 2305 1019 2337 aut
1054 2303 1093 2337 P.
1113 2302 1247 2347 Canisij
1287 2313 1414 2347 opera,
1447 2304 1521 2335 aut·
1544 2302 1575 2336 si
1611 2302 1692 2346 quis
1727 2302 1823 2338 alius

45 2358 192 2392 idoneus
218 2357 410 2392 videbitur.
460 2357 585 2401 Neque
617 2356 713 2390 enim
747 2357 781 2390 id
817 2357 1034 2402 repugnabit
1060 2356 1209 2401 Sanderj
1238 2355 1427 2396 voluntati,
1465 2355 1526 2399 qui
1563 2356 1598 2389 in
1628 2355 1734 2390 vnius
1761 2355 1820 2391 So-

45 2411 187 2446 cietatis
221 2412 375 2454 gratiam
405 2411 616 2455 Augustano
649 2410 769 2444 dicare
795 2410 1026 2445 decreverat“
1058 2410 1119 2453 (ex
1146 2410 1413 2450 commentario,
1441 2408 1482 2443 G.
1511 2408 1594 2454 Sup.
1618 2411 1647 2450 1,
1678 2410 1702 2444 f.
1728 2410 1820 2454 49b).

44 2466 148 2500 Anno
173 2465 319 2500 tandem
348 2465 437 2500 1585
466 2476 547 2500 cum
581 2464 714 2499 litteris
740 2464 970 2498 dedicatoriis
1005 2464 1048 2498 ad
1077 2463 1230 2506 collegia
1255 2463 1454 2506 Anglorum
1491 2462 1671 2497 duacence
1707 2466 1743 2497 et
1768 2476 1822 2498 ro-

45 2530 189 2553 manum
216 2519 341 2553 excusi
375 2521 459 2553 sunt
489 2518 540 2562 (in
567 2518 618 2562 8⁰)
648 2520 835 2561 Augustae
861 2517 1092 2551 Trevirorum
1128 2516 1277 2552 Sanderi
1308 2515 1380 2558 „De
1402 2516 1662 2561 justificatione
1697 2520 1822 2551 contra

47 2571 263 2616 colloquium
302 2572 610 2616 Altenburgense,
653 2572 732 2606 sive
771 2572 814 2605 de
852 2570 1138 2605 Lutheranorurn
1184 2570 1344 2604 dissidiis
1383 2570 1478 2604 circa
1514 2569 1821 2614 justificationem,

45 2625 106 2660 lib.
126 2625 217 2666 V1“;
245 2626 305 2670 qui
332 2626 462 2660 iterum
490 2625 575 2660 editi
602 2627 688 2660 sunt
706 2625 873 2659 Coloniae
891 2624 1114 2669 Agrippinae
1141 2635 1172 2659 a.
1194 2624 1286 2658 1594
1315 2623 1487 2667 (Thomas
1511 2625 1664 2665 Tanner,
1690 2624 1821 2659 Biblio-

48 2677 154 2714 theca
180 2679 576 2720 Britanno-Hibernica‚
602 2679 753 2713 Londini
781 2679 882 2720 1748,
910 2678 1008 2721 653).

48 2794 198 2831 1924.
273 2795 336 2831 P.
364 2793 805 2831 LAURENTIIJS
833 2792 1081 2830 SURIUS
1110 2792 1170 2829 0.
1199 2792 1405 2830 GART.
1434 2792 1636 2828 CANISIO.

420 2854 566 2889 Colonia
593 2855 687 2889 inter
713 2856 906 2889 exeuntem
932 2866 978 2889 m.
998 2854 1169 2888 Martium
1198 2856 1234 2887 et
1260 2855 1453 2887 exeuntem
1480 2853 1641 2898 Aprilem
1671 2853 1773 2888 1575.

166 2928 267 2971 Vide
299 2927 436 2982 infra,
471 2942 530 2983 ep.
557 2930 686 2970 1925.

167 3027 195 3058 a)
216 3027 263 3052 Ita
283 3030 309 3052 et
328 3027 517 3059 archetypum
538 3030 564 3051 et
584 3027 842 3058 commentarium;
861 3026 1045 3051 scribendum
1066 3033 1137 3050 sane
1156 3025 1216 3055 fue't
1236 3024 1342 3052 totam.

171 3156 182 3176 ¹
206 3156 360 3191 Ioannes
385 3155 573 3201 Egolphus
599 3167 619 3190 a
646 3155 867 3199 Knoringen.
1020 3154 1034 3175 ²
1059 3153 1199 3189 Danieli
1226 3153 1381 3188 Brendel
1407 3153 1452 3188 ab
1479 3153 1678 3197 Homburg.

1461 3212 1534 3246 19*
