2062 3443
169 155 271 190 2075.
299 155 338 189 l'.
359 154 529 189 Hoffaeus
556 153 589 189 S.
610 154 643 188 J.
672 154 815 189 Canisio
841 156 877 188 et
902 153 1025 188 Sociis,
1066 152 1296 197 Landsberga
1324 166 1374 188 ca.
1395 154 1426 188 d.
1449 154 1502 189 16.
1522 154 1610 188 Νον.
1634 153 1735 190 1580.
1779 155 1863 197 583

95 283 175 306 sese
212 271 456 305 accommodet
491 271 656 314 idemque
692 271 844 316 ipsemet
873 272 910 305 P.
929 270 1090 304 Heiuodo
1122 270 1273 304 suadeat
1308 270 1363 304 uel
1401 269 1527 304 saltem
1563 271 1593 305 si
1629 269 1714 314 quid
1742 272 1865 304 contra

96 325 226 360 habeat
252 324 286 358 id
313 324 356 358 ad
387 324 589 367 generalem
611 324 933 367 Congregationem
961 324 1135 364 deferant,
1164 323 1311 367 eiusque
1339 324 1507 358 iudicium
1536 325 1737 368 expectent.
1792 322 1865 357 Hoc

95 379 193 417 mihi,
220 380 255 412 et
278 377 335 412 his
359 377 524 412 Patribus
550 379 666 413 satius
693 379 809 411 uisum
830 381 884 412 est
903 388 1009 421 quain
1030 388 1090 410 eos
1116 379 1189 410 tam
1208 377 1352 410 subit0³
1380 377 1562 422 prouincia
1585 377 1773 410 mutarem
1802 376 1866 410 hoc

96 431 250 466 maxime
279 434 439 475 tempore
466 442 535 475 quo
563 431 729 465 Generali
765 442 928 466 caremus
942 439 963 470 ··,
990 430 1201 475 praesertim
1230 441 1453 464 cumeorum
1481 430 1573 464 alter
1598 431 1706 463 etiam
1734 429 1868 463 elector

95 485 314 520 substitutus
340 486 388 518 sit
400 485 422 519 2.
475 485 624 519 Jnterea
656 487 775 518 tamen
803 483 1032 518 attendemus
1067 483 1096 517 si
1124 483 1209 527 quid
1237 483 1343 517 istinc
1370 483 1412 517 ad
1442 483 1650 517 Pontificem
1678 483 1867 519 scribatur.

94 550 138 572 ne
173 537 283 572 ullum
321 537 504 571 decretum
535 538 608 578 fiat,
645 537 754 571 donec
790 540 830 571 ut
858 535 1071 570 Reuerentia
1101 535 1143 570 V.
1169 537 1304 576 scribit,
1341 537 1469 571 Patres
1495 536 1688 581 pleniorem
1716 536 1868 570 afferant

97 592 392 625 instructionem:
436 601 653 635 quamquam
697 590 804 624 etiam
849 602 911 635 per
949 600 987 623 se
1022 589 1156 623 scimus
1200 589 1408 623 Pontificem
1446 590 1479 623 in
1522 589 1723 623 huiusmodi
1763 589 1870 623 rebus

95 644 305 678 definiendis
330 655 398 678 non
426 643 532 677 nimis
559 654 639 677 esse
667 643 880 687 procliumn‘
913 643 974 684 (ex
1001 653 1147 677 comm:
1177 641 1330 677 Rh.1nf.
1354 644 1381 681 1.
1412 643 1441 676 11
1470 643 1492 676 f.
1512 642 1605 686 48b).

215 697 403 731 Caeterum
445 697 479 730 in
522 697 676 740 registro
719 696 1001 741 praepositorum
1054 695 1277 738 generalium
1321 696 1615 730 commentarium
1666 695 1869 729 litterarum

96 750 150 784 27.
180 750 346 784 Octobris
385 750 427 784 ad
468 750 651 784 Canisium
691 750 867 789 datarum,
907 760 998 793 quae
1034 760 1141 794 supra
1178 749 1316 794 positae
1352 752 1455 790 sunt,
1492 749 1653 794 proxime
1688 748 1870 782 antecedit

94 803 416 838 *commentarium
454 803 632 848 epistulae
667 803 724 837 die
760 804 816 837 25.
836 802 1003 837 Octobris
1041 803 1132 836 1580
1168 803 1212 836 ab
1249 803 1371 836 eodem
1409 805 1583 837 Manat-eo
1615 803 1657 837 ad
1687 802 1868 836 Canisium

96 857 254 891 dandae:
283 858 317 891 in
346 868 415 901 qua
443 856 531 891 haec
557 859 662 891 sunt:
693 856 836 901 „Nuper
856 855 1103 890 intellexeram
1121 858 1279 889 ueterem
1307 855 1405 889 illam
1424 856 1647 900 questionem
1675 855 1717 889 de
1748 855 1869 889 fructu

94 910 252 954 quinque
288 921 350 955 pro
387 914 530 944 centum
568 911 603 944 in
640 911 709 944 ista
746 910 930 954 prouincia
966 920 1107 943 rursum
1148 909 1336 949 reuixisse,
1373 921 1452 943 cum
1489 909 1611 953 aliqua
1646 909 1868 953 quorundam

95 964 372 1008 perturbatione,
409 975 521 1008 eoque
557 963 673 1007 magis
711 963 803 1007 quod
839 962 1118 1008 suspicabantur
1152 963 1260 996 etiam
1298 962 1551 996 Reuerentiam
1588 963 1622 996 in
1659 974 1699 996 eo
1734 961 1869 1006 aliquid

95 1017 210 1061 partis
236 1017 377 1051 habere.
430 1017 563 1061 Jtaque
589 1028 732 1051 monere
760 1028 837 1050 eam
870 1016 966 1050 uolui
994 1015 1036 1050 ad
1065 1016 1268 1050 euitandam
1297 1027 1435 1049 omnem
1464 1016 1733 1055 dissensionem,
1770 1017 1806 1049 et
1831 1017 1871 1049 ut

93 1070 212 1104 omnia
247 1073 370 1104 nostra
406 1071 441 1104 in
476 1070 628 1104 caritate
662 1070 762 1111 fiant,
798 1073 940 1113 gratum
978 1068 1065 1103 mihi
1100 1070 1176 1103 fore
1212 1072 1252 1102 ut
1278 1069 1493 1103 Reuerentia
1520 1069 1563 1104 V.
1590 1069 1621 1103 si
1648 1068 1732 1112 quid
1768 1069 1803 1102 in
1831 1080 1871 1102 eo

96 1135 226 1166 genere
254 1123 363 1158 habet
389 1135 459 1167 quo
489 1125 608 1158 minus
634 1123 843 1158 resolutioni
871 1124 941 1157 iam
970 1123 1098 1162 factae,
1125 1126 1234 1167 atque
1259 1123 1366 1157 etiam
1394 1123 1472 1156 usui
1499 1122 1570 1156 iam
1597 1123 1809 1163 inueterato,
1836 1124 1872 1156 et

96 1189 115 1212 a
143 1180 196 1212 tot
222 1177 336 1211 doctis
362 1177 451 1211 uiris
477 1177 686 1222 approbato,
722 1177 951 1221 acquiescere
978 1176 1103 1221 possit,
1139 1175 1267 1210 saltem
1295 1188 1372 1210 eam
1403 1176 1682 1221 disputationem
1710 1177 1870 1210 reseruet

98 1231 143 1264 ad
171 1231 494 1274 Congregationem
522 1230 738 1274 generalem,
765 1242 834 1275 quo
861 1232 1021 1274 tempore
1047 1229 1118 1263 ista
1145 1229 1274 1263 melius
1301 1230 1424 1266 uideri,
1461 1234 1497 1264 et
1522 1229 1665 1264 decerni
1692 1230 1872 1274 poterunt.

98 1283 223 1328 Neque
259 1283 373 1318 solum
411 1283 518 1318 uelim
557 1284 633 1329 ipsa
663 1284 728 1318 hoc
764 1283 886 1324 faciat,
925 1283 988 1317 sed
1017 1282 1125 1317 etiam
1153 1283 1182 1317 si
1220 1283 1279 1327 qui
1307 1283 1368 1327 alij
1397 1283 1429 1317 in
1470 1283 1535 1317 hoc
1573 1294 1705 1326 genere
1737 1281 1871 1326 aliquid

95 1349 240 1371 mouere
276 1340 484 1378 cernentur,
520 1337 818 1381 quemadmodum
855 1336 976 1370 audiui
1013 1337 1056 1371 de
1092 1336 1131 1370 P.
1152 1337 1323 1378 Hefflodo,
1359 1338 1399 1370 ut
1435 1336 1650 1370 Reuerentia
1677 1335 1720 1370 V.
1740 1347 1801 1370 eos
1836 1337 1873 1369 et

95 1392 313 1425 auctoritate
351 1393 387 1424 et
422 1391 560 1424 ratione
597 1391 758 1425 inhibere
797 1391 949 1425 studeat.
1003 1390 1049 1424 Et
1087 1390 1254 1434 quoniam
1291 1391 1364 1424 scio
1400 1402 1463 1435 pro
1498 1401 1564 1424 sua
1600 1389 1800 1435 prudentia,
1837 1391 1872 1422 et

99 1444 298 1478 communis
333 1445 433 1489 pacis
466 1444 586 1479 studio
613 1443 866 1478 Reuerentiam
894 1444 938 1478 V.
965 1443 1083 1478 omnia
1119 1444 1297 1477 facturam
1337 1443 1539 1487 diligenter,
1575 1443 1707 1477 idcirco
1734 1442 1873 1486 longior

95 1509 163 1531 non
192 1499 282 1532 ero.“
322 1497 455 1532 Eodem
483 1498 538 1531 die
567 1499 765 1532 Mamm-eus
791 1497 954 1532 Haivodo
981 1509 1122 1542 quoque
1157 1497 1340 1531 *scribere
1375 1497 1522 1537 statuit;
1557 1497 1591 1530 in
1631 1507 1781 1540 quarum
1817 1495 1872 1529 lit-

100 1554 258 1585 terarum
287 1551 542 1585 commentario
573 1551 661 1586 haec
688 1554 791 1592 sunt;
838 1551 968 1593 „Venit
993 1551 1037 1585 ad
1074 1562 1179 1585 aures
1216 1561 1315 1585 meas
1342 1550 1594 1584 Reuerentiam
1622 1550 1665 1584 V.
1694 1550 1737 1584 de
1763 1560 1873 1583 usura

102 1604 168 1638 illa
206 1605 405 1648 quincunce
431 1616 495 1638 seu
527 1616 634 1649 quam
662 1605 772 1648 uulgo
798 1604 984 1650 appellant
1011 1604 1168 1649 quinque
1195 1616 1258 1648 pro
1285 1607 1427 1638 centum
1455 1604 1506 1638 ita
1533 1604 1576 1638 ab
1604 1603 1685 1648 alijs
1704 1603 1873 1637 Patribus

99 1658 181 1692 istic
209 1657 412 1699 dissentire,
449 1661 487 1692 ut
524 1659 632 1692 etiam
667 1660 776 1701 neget
811 1669 1015 1702 quenquam
1042 1669 1147 1703 posse
1173 1657 1322 1699 absolui,
1359 1661 1395 1691 et
1430 1669 1550 1691 errare
1579 1656 1703 1701 [dicat]
1730 1659 1873 1691 nostros

95 1711 157 1755 qui
184 1711 386 1752 absoluant,
419 1712 453 1745 in
491 1712 712 1756 eandemque
747 1712 964 1746 sent-entiam
992 1712 1101 1746 etiam
1128 1712 1247 1745 conari
1282 1714 1324 1745 ut
1349 1711 1484 1745 Ducem
1521 1710 1779 1755 pertrahat....
1807 1709 1872 1744 Re-

96 1765 282 1798 uerentiae
309 1765 352 1798 V.
379 1764 547 1799 sufficere
583 1768 725 1810 poterat
760 1765 940 1809 generalis
975 1765 1033 1799 uel
1069 1765 1228 1799 locorum
1264 1764 1416 1799 istorum
1451 1776 1549 1805 usus,
1585 1764 1643 1798 uel
1679 1764 1872 1798 Doctorum

96 1829 303 1858 consensus,
330 1817 387 1852 uel
414 1821 512 1852 certe
539 1819 721 1853 decretum
758 1819 839 1852 olim
870 1819 1003 1853 Romae
1037 1830 1148 1863 super
1173 1830 1214 1852 ea
1242 1830 1279 1852 re
1307 1819 1441 1852 factum
1469 1821 1572 1852 tanta
1607 1829 1687 1852 cum
1715 1817 1872 1852 conside-

98 1871 236 1906 ratione
270 1871 440 1906 adhibitis
468 1872 637 1906 Patribus
672 1873 732 1917 qui
759 1884 804 1906 ex
839 1872 910 1907 ista
944 1872 1129 1917 prouincia
1165 1875 1341 1906 uenerant
1376 1875 1413 1906 et
1445 1871 1526 1917 alijs
1562 1871 1795 1915 quibusdam,
1832 1881 1873 1905 ac

96 1924 288 1970 praecipue
326 1925 402 1970 ipso
438 1926 546 1959 etiam
583 1925 623 1960 P.
642 1925 768 1960 Toleto
803 1928 839 1960 et
874 1926 955 1971 alijs
990 1927 1103 1960 nostri
1132 1924 1284 1970 Collegij
1321 1925 1548 1959 doctoribus*
1581 1925 1664 1968 (Rh.
1695 1924 1763 1958 Inf.
1784 1925 1813 1965 1,
1842 1924 1873 1958 II

99 1978 114 2011 f
143 1978 344 2020 48b—492).
397 1978 529 2013 Postea
554 1990 652 2020 vero,
686 1981 727 2013 ut
753 1990 798 2013 ex
833 1979 938 2014 lineis
965 1991 1028 2024 per
1063 1980 1130 2013 duo
1157 1978 1246 2012 haec
1273 1980 1531 2013 commentaria
1567 1978 1793 2012 transmissis
1819 1989 1873 2012 co-

95 2031 292 2075 gnoscitur,
320 2032 513 2066 Manareus
540 2032 656 2066 satius
681 2044 761 2067 esse
788 2033 902 2073 duxit,
929 2036 1082 2077 utraque
1109 2032 1265 2077 epistula
1292 2032 1465 2066 mittenda
1491 2031 1738 2077 supersedere,
1765 2042 1873 2075 quam

97 2097 142 2119 ex
170 2085 385 2120 Germaniae
412 2097 479 2120 usu
506 2089 541 2119 et
571 2085 785 2128 „Doctorum
813 2089 1011 2120 consensu“
1042 2088 1110 2128 5⁰l0
1137 2086 1341 2119 defendere.

217 2144 384 2180 canisius
409 2145 580 2180 Manareo
606 2146 791 2190 respondit
817 2145 874 2181 20.
893 2146 1112 2180 Novembris
1142 2145 1241 2179 1580.

97 2253 259 2291 2075.
359 2254 421 2290 Ρ.
449 2254 718 2293 PAULUS
745 2255 1115 2292 HOFFAEUS
1144 2256 1198 2292 S.
1224 2255 1278 2291 J.
1307 2256 1521 2291 Germaniae
1553 2256 1749 2301 superioris
1775 2267 1874 2300 prae-

290 2309 429 2354 positus
456 2310 690 2354 provincialis
717 2310 906 2345 CANISlO
935 2313 971 2344 et
997 2310 1079 2344 aliis
1105 2309 1321 2354 quibusdam
1348 2308 1510 2344 SOCIIS.

958 2369 1193 2413 Landsberga
1220 2369 1315 2403 circa
1341 2368 1373 2403 d.
1404 2369 1459 2403 16.
1478 2368 1696 2403 Novembris
1724 2367 1827 2404 1580.

216 2438 272 2473 Ex
284 2438 418 2473 Canisii
439 2439 595 2485 epistula
615 2439 851 2484 autographa,
870 2440 912 2474 de
932 2451 1001 2484 qua
1021 2440 1125 2481 infra,
1145 2451 1198 2485 ep.
1211 2439 1314 2481 2078,
1334 2442 1370 2473 et
1389 2450 1433 2472 ex
1452 2438 1653 2472 litterarum
1667 2438 1706 2473 P.
1722 2437 1875 2472 Haivodi

95 2492 304 2537 apographo
322 2493 444 2527 eodem
463 2497 624 2538 tempore
642 2494 788 2538 scripto,
816 2494 908 2538 quod
929 2497 984 2528 est
1003 2494 1037 2527 in
1061 2494 1201 2535 „Germ.
1224 2493 1309 2527 158⁸
1341 2493 1365 2527 f.
1385 2492 1617 2526 3122—31312.
1659 2492 1874 2526 Litterarum

98 2545 454 2633 ΙΡἹίεἰιῖζῖἑίἑῇευιῐὲιὲηῆη]
482 2547 627 2581 brevem
655 2546 777 2591 posuit
803 2547 920 2590 Duhr,
947 2546 1147 2590 50s0-Streit
1173 2546 1195 2580 l.
1215 2558 1245 2581 c.
1276 2546 1342 2580 231
1374 2548 1409 2580 et
1437 2546 1510 2580 Jes.
1532 2545 1544 2579 I
1573 2545 1640 2579 725
1668 2548 1705 2580 et
1731 2545 1805 2579 Jes.
1831 2555 1876 2578 an

219 2683 247 2712 a)
269 2682 314 2706 Sic
334 2690 408 2706 corr.
424 2685 465 2706 est
486 2689 522 2707 es.-
542 2688 595 2707 eos
615 2680 672 2707 hoc
694 2682 842 2714 tempore.
897 2680 927 2712 b)
950 2682 1089 2713 Sequitur
1109 2680 1200 2713 quod,
1221 2689 1256 2706 ea·
1276 2690 1330 2712 qno
1351 2684 1508 2705 correctum
1530 2683 1570 2705 est
1592 2686 1668 2712 quae
1683 2686 1751 2710 res;
1771 2679 1876 2704 deinde

96 2722 166 2747 haec
185 2730 294 2754 quoque
313 2723 481 2748 oblitterata
501 2727 578 2748 sunt.
662 2724 688 2755 c)
710 2724 848 2755 Sequitur
869 2722 974 2749 multis
1000 2721 1194 2748 sermonibus
1221 2722 1396 2755 expositum
1421 2722 1523 2753 esset;
1548 2722 1654 2746 deinde
1672 2722 1814 2753 scriptum
1835 2724 1876 2746 es!

98 2762 203 2789 multis
223 2762 416 2789 sermonibus
436 2764 576 2797 exposita
598 2766 700 2795 esset;
715 2768 817 2796 postea
838 2766 908 2789 haec
927 2772 1037 2796 quoque
1057 2765 1150 2789 deletu
1170 2767 1247 2789 sunt.

226 2884 232 2902 ¹
261 2882 432 2916 Hoffaeus
458 2893 478 2916 a
505 2883 675 2917 Manareo
702 2884 868 2927 petierat,
894 2887 934 2917 ut
961 2883 1143 2917 Canisium
1175 2882 1238 2925 „ad
1266 2881 1465 2923 Rhenum“,
1493 2881 1695 2915 Haivodum
1727 2881 1805 2923 „vel
1833 2880 1877 2914 ad

101 2934 266 2969 Rhenum
292 2934 351 2969 vel
376 2935 412 2969 in
438 2935 624 2970 Poloniam
652 2936 709 2970 vel
736 2936 941 2970 Austriam“
972 2936 1154 2975 mitteret;
1184 2947 1218 2970 v,
1238 2946 1348 2979 supra
1375 2947 1408 2979 p.
1428 2935 1510 2970 576.

222 2989 234 3008 ²
259 2988 291 3022 A
317 2989 595 3031 congregatione
621 2989 832 3034 provinciali
861 2989 1075 3024 Germaniae
1109 2988 1305 3034 superioris
1340 2999 1420 3022 cum
1450 2987 1593 3029 (electis
1627 2987 1776 3029 duobus,
1817 2987 1877 3031 qui

99 3053 181 3076 cum
203 3041 415 3086 provinciali
434 3041 584 3076 Romam
602 3043 800 3087 profecturi
819 3043 954 3086 essent)
976 3042 1131 3085 eligendi
1150 3042 1219 3076 iam
1239 3044 1362 3076 essent
1387 3044 1462 3075 tres
1479 3041 1515 3075 in
1535 3041 1652 3075 locum
1671 3040 1877 3082 electorum,

101 3095 130 3129 si
159 3095 182 3128 ii
217 3095 310 3128 forte
344 3094 506 3138 legitime
541 3095 811 3140 impedirentur,
846 3096 1099 3136 substituendi,
1134 3095 1261 3129 ultimo
1296 3094 1373 3129 loco
1409 3094 1546 3128 electus
1581 3097 1663 3128 erat
1691 3094 1878 3134 Canisius3

101 3159 135 3181 v,
155 3148 259 3189 infra,
285 3159 441 3182 monum.
464 3148 565 3183 1261.
