2051 3433
197 169 282 208 492
317 165 420 200 2033.
449 163 615 198 canisius
641 166 677 198 et
703 163 796 199 Socii
825 164 863 199 P.
884 164 996 198 Paulo
1024 164 1183 198 Hoffaeo.
1227 164 1415 198 Monachio
1434 167 1501 200 etc.
1522 165 1599 200 Ian.
1619 168 1655 200 et
1675 165 1775 200 Febr.
1797 166 1899 202 1579.

198 282 285 324 sint
318 295 490 334 quoque
523 282 699 324 lectioni
721 282 893 336 Moralj.
942 283 1040 324 Jam
1066 296 1171 324 vero
1194 283 1247 324 ad
1272 283 1390 325 illam
1425 297 1498 326 eos
1531 284 1788 338 astringere,
1823 300 1972 339 quam-

201 347 272 388 diu
307 360 439 400 penes
473 350 679 388 externos
712 347 856 396 fuerit,
890 347 1073 401 primum
1100 350 1168 390 est
1191 348 1512 390 difficillimum:
1547 349 1702 392 deinde
1724 350 1820 404 plus
1842 351 1974 393 habet

197 412 472 466 incommodj‚
516 426 644 465 quam
678 412 897 455 Vtilitatis.
950 413 1151 465 Jngenue
1184 413 1297 455 enim
1329 414 1528 456 fatentur
1567 417 1704 470 nostrj
1739 415 1973 467 auditores,

200 490 246 518 se
282 477 422 519 oleum
458 480 502 519 et
535 491 711 531 operam
746 477 926 531 perdere
959 478 1001 519 in
1026 478 1238 520 eiusmodi
1260 479 1625 532 praelectionibus
1649 483 1970 523 externorum1.

316 542 487 592 Quinto,
532 543 639 584 haec
672 556 758 584 vna
792 542 862 584 via
896 542 1070 585 videtur
1102 543 1310 598 paulatim
1345 547 1485 586 totam
1524 544 1782 588 facultatem
1815 545 1972 588 artium

195 606 239 648 in
280 621 358 648 nos
392 607 632 661 deriuandj.
682 608 752 649 Ex
785 622 870 661 qua
902 622 948 650 re
982 612 1190 662 quantum
1225 609 1413 662 pendeat
1455 610 1625 652 fructus
1658 611 1899 653 studiorum
1932 611 1975 652 in

195 671 276 713 hac
302 673 551 721 Academia,
576 672 682 714 illud
705 673 814 715 satis
836 677 982 727 potest
1005 675 1241 723 declarare,
1276 675 1389 727 quod
1413 675 1449 716 si
1473 689 1580 728 quas
1603 675 1814 718 hactenus
1836 677 1974 718 nostri

196 736 264 778 hic
305 737 550 780 habuerunt
582 738 878 790 difficultates,
922 753 999 781 eae
1042 753 1066 781 a
1100 739 1424 781 professoribus
1466 740 1738 795 Philosophis
1780 741 1974 783 externis

196 802 468 855 potissimum
492 803 717 857 profectae
740 806 854 846 sunt.
904 804 1066 858 Jtaque
1101 804 1206 847 vtile
1230 805 1325 854 erit,
1361 806 1501 858 quoad
1524 806 1616 860 fierj
1642 805 1791 860 possit,
1826 819 1974 847 eorum

200 881 425 909 numerum
460 868 604 910 minui.

317 933 452 976 Sexto
487 933 671 987 denique
705 934 978 989 experientia
1012 935 1157 978 docuit
1192 935 1338 989 primis
1360 935 1452 977 fere
1475 934 1600 977 huius
1623 935 1802 989 Collegij
1826 935 1973 990 initiis,

198 1011 292 1039 cum
335 998 379 1040 P.
406 998 641 1040 Gaudanus
682 1013 722 1053 p.
758 1013 813 1041 m.
857 999 1058 1042 Ethicam
1104 1002 1405 1054 profiteretur,
1448 1014 1538 1042 rem
1585 1001 1718 1043 fuisse
1759 1000 1976 1042 maximae

202 1063 408 1105 vtilitatis
422 1065 450 1106 2.

319 1127 472 1182 Neque
506 1143 608 1171 vero
641 1129 881 1171 timendum
916 1130 1101 1180 videtur,
1144 1144 1199 1172 ne
1231 1131 1393 1173 nostris
1435 1132 1554 1185 onerj
1595 1131 1652 1172 sit
1689 1131 1840 1174 futura
1870 1131 1977 1173 haec

196 1193 338 1244 lectio,
373 1194 474 1247 quin
508 1195 652 1248 potius
675 1194 857 1237 vtilitati
881 1195 965 1238 erit
987 1200 1031 1238 et
1054 1196 1277 1246 exercitio,
1312 1210 1406 1238 cum
1431 1195 1655 1250 probabile
1678 1196 1736 1238 sit
1757 1210 1974 1250 nunquam

197 1257 265 1300 hic
298 1259 538 1309 defuturos,
574 1260 646 1313 qui
678 1260 903 1302 commode
936 1264 980 1303 et
1007 1261 1173 1303 vtiliter
1206 1261 1374 1315 possint
1405 1262 1449 1303 in
1482 1262 1562 1303 hoc
1594 1276 1771 1303 munere
1794 1262 1975 1316 versarj.

200 1323 364 1378 thote
398 1325 510 1378 quod
543 1339 628 1366 non
664 1325 841 1367 minima
874 1326 935 1367 eis
969 1327 1139 1368 occasio
1174 1326 1257 1368 erit
1289 1327 1539 1382 proficiendj
1582 1327 1624 1369 in
1661 1327 1804 1369 studio
1837 1327 1976 1369 Theo-

197 1389 362 1442 logico:
406 1404 502 1432 cum
543 1390 683 1444 prima
724 1391 940 1433 secundae
982 1391 1033 1434 D.
1059 1392 1251 1434 Thomae
1292 1392 1385 1434 fere
1422 1394 1530 1443 tota,
1575 1396 1620 1435 et
1651 1406 1811 1445 magna
1844 1392 1976 1435 etiam

199 1468 302 1508 pars
332 1456 551 1505 secundae
584 1456 800 1497 secundae
832 1456 876 1497 in
909 1457 1144 1498 moralibus
1178 1459 1489 1499 consumantur
1502 1458 1532 1501 3.

318 1520 386 1562 Sic
419 1521 613 1563 sentiunt
644 1521 967 1576 Jngolstadianj
1005 1522 1158 1564 Patres
1192 1526 1240 1565 vt
1273 1523 1465 1565 rationes
1498 1525 1669 1565 sonant.

586 1592 797 1636 Rationes
830 1593 1041 1636 adductas
1072 1593 1236 1648 recipio
1269 1596 1314 1636 et
1346 1594 1495 1648 probo,
1530 1594 1623 1637 Pet.
1648 1593 1857 1637 Canisius.

770 1664 947 1719 Recipio
981 1670 1026 1707 et
1057 1666 1192 1719 probo
1225 1665 1420 1708 rationes
1453 1665 1678 1708 adductas.

1516 1731 1615 1774 Joh.
1639 1731 1857 1773 Rabenst:

318 1804 423 1846 Mihi
455 1819 535 1860 per
567 1806 711 1848 omnia
742 1808 983 1861 probantur
1016 1807 1208 1850 rationes
1242 1808 1405 1851 allatae
1439 1808 1674 1862 Gregorius
1703 1808 1932 1849 Roseffius.

317 1869 423 1911 Mihi
457 1885 627 1924 quoque
660 1872 838 1925 peltano
871 1873 1291 1926 Jngolstadiensium
1324 1873 1518 1916 rationes
1550 1887 1635 1915 non
1669 1873 1911 1928 displicent.

317 1941 471 1995 Neque
513 1942 617 1984 mihi
658 1943 901 1997 displicent,
947 1945 1204 1998 praesertim
1245 1945 1280 1986 si
1328 1945 1487 1994 timori,
1531 1945 1582 1987 de
1616 1959 1699 1998 quo
1740 1945 1784 1986 in
1825 1943 1979 1986 vltima

196 2006 380 2058 ratione,
415 2008 534 2049 locus
567 2008 710 2050 nullus
743 2009 801 2051 sit
833 2009 1020 2052 futurus.
1083 2010 1378 2052 Theodoricus
1410 2011 1620 2054 Canisius.

315 2087 435 2122 Verba
457 2088 536 2130 „Sic
562 2089 723 2124 sentiunt
742 2090 1011 2136 Jngolstadianj
1033 2091 1161 2125 Patres
1180 2093 1221 2125 vt
1247 2091 1405 2126 rationes
1431 2091 1581 2126 sonant“
1611 2090 1747 2135 scripta
1766 2092 1851 2124 sunt
1869 2101 1976 2123 manu

197 2141 235 2175 P.
265 2141 369 2175 Pauli
406 2141 545 2175 Hoffaei
582 2143 776 2187 praepositi
812 2145 1057 2189 provincialis,
1094 2145 1306 2188 Ingolstadii
1343 2157 1383 2179 eo
1420 2148 1580 2190 tempore
1616 2144 1793 2188 degentis.
1846 2143 1978 2177 Rector

198 2202 322 2234 autem
360 2200 458 2235 illius
495 2201 637 2245 collegii
665 2206 745 2237 erat
770 2204 810 2238 P.
830 2204 1068 2238 Wendelinus
1094 2204 1282 2238 Volckius.
1325 2204 1531 2238 Tradebant
1556 2205 1591 2238 in
1617 2204 1857 2238 universitate
1882 2203 1979 2237 theo-

196 2254 329 2298 logiam
350 2255 421 2289 PP.
441 2254 686 2300 Hieronymus
705 2256 895 2292 Torrensis
921 2260 958 2291 et
984 2257 1181 2302 Gregorius
1209 2258 1251 2292 de
1271 2258 1451 2299 Valentia,
1479 2257 1743 2303 philosophiam
1760 2257 1800 2292 P.
1821 2256 1978 2291 Christo-

198 2307 331 2353 phorus
358 2308 609 2352 Parchingius.

318 2362 449 2396 Petrus
477 2362 644 2397 Canisius
671 2366 708 2397 et
734 2364 864 2408 reliqui
891 2364 947 2399 his
983 2363 1116 2398 litteris
1142 2365 1344 2399 sententias
1372 2367 1408 2399 et
1432 2366 1578 2399 nomina
1604 2365 1680 2399 suis
1706 2364 1872 2399 manibus
1897 2363 1977 2398 sub-

197 2415 422 2460 scriperunt3
452 2419 555 2450 erant
583 2419 703 2450 autem
730 2417 770 2452 Ρ.
791 2417 944 2452 Ioannes
971 2418 1191 2452 Rabenstein
1218 2421 1338 2452 rector
1364 2419 1636 2463 oenipontanus,
1663 2417 1703 2453 P.
1723 2417 1904 2452 Roseffius
1921 2428 1976 2451 su·

195 2469 312 2512 perior
339 2469 465 2503 domus
493 2469 527 2503 S.
550 2470 583 2504 J.
604 2473 639 2503 et
665 2471 892 2505 contionator
918 2471 1093 2505 ecclesiae
1120 2471 1341 2505 cathedralis
1367 2472 1569 2514 Augustae,
1595 2472 1654 2506 ubi
1674 2471 1782 2505 etiam
1802 2470 1842 2506 P.
1861 2470 1977 2504 Theo-

194 2521 302 2556 dorus
330 2522 504 2556 Peltanus
540 2523 724 2558 habitasse
760 2524 915 2565 videtur,
952 2524 991 2559 P.
1011 2524 1254 2559 Theodoricus
1282 2525 1450 2560 Canisius
1485 2528 1605 2560 rector
1630 2524 1881 2559 universitatis
1908 2523 1975 2558 col-

194 2574 351 2619 legiique
379 2575 553 2619 dilingani
570 2594 576 2601 ·
594 2576 670 2618 Quo
697 2580 859 2622 tempore
879 2578 1045 2612 Canisius
1072 2578 1138 2611 has
1157 2578 1301 2612 litteras
1322 2578 1469 2623 (quibus
1496 2581 1638 2623 tempus
1664 2590 1734 2612 non
1761 2581 1817 2612 est
1842 2577 1974 2622 ascrip-

194 2628 286 2671 tum)
316 2629 515 2673 scripserit,
543 2641 588 2663 ex
615 2630 755 2665 Hoffaei
784 2633 820 2665 et
838 2631 1057 2666 Mercuriani
1085 2631 1261 2676 epistulis,
1290 2643 1382 2676 quae
1408 2631 1572 2677 proxime
1593 2631 1975 2671 commemorabuntur,

195 2684 314 2725 potest
340 2682 520 2724 cognosci.

318 2793 327 2812 ¹
357 2793 565 2835 „Professor
591 2794 820 2829 Ethicorum“
852 2798 937 2829 tunc
974 2797 1052 2830 erat
1078 2795 1313 2830 Sebastianus
1349 2797 1454 2831 Knab
1481 2796 1627 2837 Eckius,
1663 2796 1752 2830 iuris
1786 2796 1974 2840 utriusque

195 2844 337 2886 doctor;
377 2847 436 2890 qui
477 2847 601 2891 paucis
637 2848 739 2882 annis
775 2851 858 2882 ante
893 2849 929 2882 in
967 2848 1085 2883 locum
1122 2848 1333 2893 WVolfgangi
1371 2850 1510 2884 Zettelii
1549 2852 1755 2885 sucesserat
1794 2849 1973 2893 (Mederer

195 2897 217 2932 l.
237 2909 266 2932 c.
290 2898 301 2931 Ι
329 2899 417 2939 265;
445 2901 575 2934 Ρναηίί
601 2900 706 2935 l.c.1
735 2902 823 2942 337;
852 2902 883 2935 Il
911 2902 980 2936 292
1008 2903 1105 2945 313).

314 2951 327 2971 ²
354 2952 392 2986 P.
420 2951 591 2987 Nicotaus
619 2953 818 2989 Goudanus
845 2954 879 2989 S.
905 2955 938 2989 J.
969 2956 1004 2996 (†
1035 2954 1141 2998 1565)
1170 2954 1325 2989 ethicam
1353 2967 1384 2990 a.
1416 2956 1503 2990 1551
1532 2956 1568 2990 in
1595 2956 1834 2990 universitate
1860 2954 1971 2999 ingol-

196 3003 370 3038 stadiensi
398 3016 528 3048 magna
556 3018 637 3040 cum
664 3007 770 3041 laude
797 3008 946 3042 tradidit
976 3008 1116 3050 (Canu
1144 3008 1213 3041 362
1241 3008 1310 3042 380
1337 3008 1435 3052 393).

317 3057 329 3076 ³
355 3057 487 3092 Notum
515 3062 581 3100 est,
610 3059 643 3094 S.
663 3060 835 3095 Thomam
865 3062 1080 3105 Aquinatem
1115 3062 1149 3094 in
1181 3061 1369 3103 „Summae
1396 3061 1640 3105 theologicae“
1671 3062 1779 3096 Parte
1806 3061 1972 3101 secunda,

195 3120 286 3153 quae
313 3112 349 3144 et
374 3111 451 3155 ipsa
479 3123 541 3156 per
568 3113 657 3146 duas
684 3117 807 3158 partes
837 3114 995 3159 („prima
1021 3114 1235 3154 secundae'‘,
1267 3116 1445 3156 „secunda
1471 3114 1690 3158 secundae“)
1719 3114 1889 3148 distincta
1907 3115 1973 3154 est,

194 3163 378 3197 naturales
406 3175 547 3208 quoque
574 3167 652 3200 sive
680 3166 946 3212 philosophicas
973 3167 1023 3201 rei
1050 3166 1196 3201 moralis
1223 3168 1454 3210 quaestiones
1482 3168 1665 3212 praeclare
1690 3170 1880 3202 tractasse.
