2051 3476
186 198 267 222 xx11
722 186 761 219 ll.
791 185 1011 219 Prooemium
1041 184 1230 218 voluminis
1256 184 1410 228 septimi.

187 302 272 336 Cum
313 303 396 337 urbs
432 303 726 337 forchhcmiensis
764 314 826 347 per
852 302 972 337 Socios
1007 302 1120 336 sacris
1155 300 1362 335 ministeriis
1400 299 1544 334 exculta
1583 301 1688 338 esset,
1728 296 1946 331 catechismo

187 355 330 389 Lutheri
359 368 401 390 ex
429 358 504 391 eius
531 357 662 390 scholis
695 356 886 393 eliminato,
914 355 1015 388 multi
1043 354 1250 388 catechismi
1278 353 1449 387 canisiani
1476 351 1645 397 impensis
1672 350 1747 384 Viti
1773 361 1793 384 a
1819 349 1946 384 WViirz-

186 408 277 451 burg
319 409 473 453 episcopi
516 408 786 452 bambergensis
826 408 1005 441 distributi
1049 410 1133 441 sunt
1178 406 1290 450 (687).
1342 405 1563 440 Varrniensis
1605 415 1746 448 quoque
1787 403 1947 448 synodus

185 460 392 495 dioecesana
429 461 556 496 librum
590 462 686 495 illum
715 461 867 504 singulis
893 461 995 494 annis
1031 460 1159 505 populo
1187 459 1371 504 explanari
1398 459 1503 492 iussit
1531 457 1653 500 (748);
1691 460 1727 490 et
1762 455 1947 501 praeclara

184 515 382 548 studiorum
410 516 546 549 ratione
572 527 592 548 a
620 515 724 549 Petro
752 514 939 560 Sch-newly
968 514 1169 558 praeposito
1196 512 1413 555 friburgensi
1440 511 1652 555 conscripta,
1679 521 1770 554 quae
1793 509 1946 552 „Katha-

185 567 401 602 rinenbuch“
432 572 589 609 vocatur,
620 568 712 602 idem
740 567 980 602 catechismus
1008 567 1041 600 in
1068 577 1189 600 omnes
1216 565 1415 599 helveticae
1442 564 1537 598 illius
1563 563 1780 608 reipublicae
1806 562 1949 598 scholas

186 619 352 654 inductus
380 623 433 655 est
463 622 576 664 (766).

306 674 400 708 Inter
426 675 546 715 laicos,
572 674 698 718 quibus
725 673 936 707 instauratio
962 672 1139 707 catholica
1165 672 1262 706 cordi
1288 674 1375 712 erat,
1403 670 1606 705 eminebant
1632 669 1877 704 Ferdinandus
1904 669 1949 704 ll.

185 725 356 760 archidux
377 728 614 772 Austriaeque
640 727 832 770 superioris
861 727 1023 771 princeps
1050 728 1158 769 atque
1176 725 1347 760 Albertus
1367 725 1409 759 V.
1429 727 1474 765 et,
1501 724 1559 768 qui
1580 724 1615 757 in
1634 724 1711 757 eius
1737 723 1853 757 locum
1871 733 1950 757 suc-

185 779 305 819 cessit,
332 780 545 814 Guilielnius
572 780 613 814 V.
636 780 809 814 Bavariae
835 780 954 813 duces.
998 779 1048 813 De
1076 778 1296 813 Ferdinando
1316 777 1482 812 Canisius
1508 788 1538 811 a.
1561 777 1650 811 1576
1669 776 1713 810 ad
1732 775 1949 810 cardinalem

185 831 367 866 Mor-onem
394 833 553 868 rettulit:
581 833 646 867 Est
676 833 894 876 „catholicus
920 835 956 867 et
982 832 1178 866 catholicae
1206 831 1389 874 religionis
1416 842 1550 871 amans,
1578 832 1618 864 ut
1642 841 1776 874 paucos
1802 829 1838 863 in
1865 828 1949 863 Ger-

185 885 303 919 mania
338 886 404 920 sibi
440 898 543 931 pares
577 886 716 921 habeat.
772 888 865 921 Inter
900 886 1099 920 austriacos
1134 885 1312 930 principes
1347 884 1467 918 nullus
1503 885 1619 926 magis
1655 884 1757 928 punit
1793 886 1829 916 et
1855 881 1952 916 eiicit

185 937 395 980 haereticos,
423 939 541 974 nullus
568 943 621 974 tot
647 940 842 974 Catholicis
861 939 1073 973 consiliariis
1093 939 1213 979 utitur,
1241 950 1354 982 neque
1374 937 1491 972 aulam
1511 937 1628 970 minus
1654 937 1764 970 habet
1781 936 1949 970 infectam

185 993 221 1024 et
254 992 370 1036 magis
405 993 639 1028 catholicam“
676 993 789 1036 (344).
841 993 945 1026 Initio
981 993 1062 1026 anni
1092 992 1182 1026 1572
1210 991 1454 1026 Fer-dinandus
1491 990 1698 1025 mandatum
1732 989 1949 1034 promulgari

184 1044 299 1085 iussit,
326 1056 395 1089 quo
414 1046 617 1080 Tirolenses
646 1058 768 1080 omnes
787 1046 1037 1080 monebantur:
1065 1045 1220 1086 Famem,
1248 1044 1502 1090 pestilentiam,
1530 1047 1647 1078 terrae
1666 1046 1794 1084 motus,
1822 1043 1951 1087 quibus

186 1102 439 1140 premerentur,
469 1102 693 1144 peccatorum
721 1111 853 1144 poenas
880 1099 1054 1133 divinitus
1080 1098 1237 1132 inflictas
1263 1109 1361 1140 esse;
1395 1098 1473 1131 ideo
1501 1097 1664 1131 omnibus
1690 1096 1882 1142 prohiberi,
1908 1107 1952 1129 ne

185 1151 346 1194 proximo
373 1152 649 1186 Bacchanalium
676 1155 836 1197 tempore
862 1153 1032 1186 saltatum
1060 1152 1153 1185 irent
1178 1163 1269 1185 neve
1296 1151 1431 1185 lautius
1457 1151 1689 1196 epularentur
1714 1162 1804 1184 neve
1830 1149 1953 1184 larvas

184 1202 250 1237 sibi
279 1206 444 1248 aptarent
476 1206 588 1249 (614).
639 1206 720 1240 Alio
748 1208 936 1251 praecepto
964 1205 1164 1240 archiducis
1192 1205 1278 1248 (una
1305 1217 1383 1239 cum
1411 1205 1586 1249 episcopo,
1613 1206 1653 1238 ut
1670 1203 1824 1245 videtur,
1851 1203 1948 1246 dato)

185 1267 307 1290 omnes
342 1257 579 1301 adigebantur
612 1259 656 1292 ad
693 1262 955 1293 sacramentum
985 1261 1168 1292 extremae
1193 1258 1381 1299 unctionis,
1418 1269 1494 1292 cum
1525 1257 1687 1300 graviter
1713 1258 1951 1300 aegrotarent,

185 1309 470 1354 suscipiendun13
499 1324 567 1356 quo
594 1312 759 1356 neglecto
786 1313 871 1353 fore,
907 1315 946 1345 ut
972 1311 1167 1346 christiano
1194 1312 1264 1345 ritu
1289 1323 1359 1345 non
1385 1311 1622 1356 sepelirentur
1655 1311 1769 1354 (717).
1820 1310 1952 1353 Magna

185 1361 371 1406 diligentia
390 1364 634 1400 Ferdinandus
653 1365 787 1400 cultum
814 1376 938 1399 sacrae
956 1365 1194 1399 eucharistiae
1220 1365 1401 1399 tuebatur.
1444 1365 1568 1399 Mense
1594 1364 1694 1398 Iunio
1720 1375 1751 1398 a.
1774 1363 1863 1397 1572
1890 1363 1953 1398 Ca-

184 1416 296 1451 nisius
316 1416 514 1463 Oeniponte
535 1430 553 1452 e
573 1430 675 1453 sacro
701 1422 877 1462 suggestu
904 1421 1054 1463 questus
1072 1421 1159 1459 erat,
1179 1419 1385 1453 sacerdotes
1411 1430 1540 1464 corpus
1559 1419 1699 1452 Domini
1725 1418 1770 1452 ad
1788 1419 1953 1461 aegrotos

185 1469 388 1505 deferentes
414 1471 566 1516 relinqui
592 1472 706 1512 solos;
742 1484 821 1507 esse
848 1483 918 1513 eos,
955 1473 1014 1516 qui
1041 1472 1104 1505 vix
1131 1474 1240 1517 caput
1264 1472 1399 1506 nudare
1425 1472 1616 1513 auderent3
1654 1483 1733 1506 esse
1759 1471 1858 1512 alios,
1894 1471 1953 1514 qui

185 1523 353 1558 riderent.
406 1524 538 1559 Verum
576 1526 737 1570 proximo
775 1525 845 1559 iam
883 1537 1005 1560 mense
1043 1525 1217 1559 archidux
1253 1525 1376 1567 edixit,
1415 1528 1454 1560 ut
1489 1525 1728 1571 Oenipontani
1763 1524 1952 1559 Dominum

187 1576 442 1611 comitarentur
468 1582 514 1620 et,
541 1579 722 1623 quotquod
750 1580 780 1612 ei
808 1579 949 1613 obviam
977 1579 1063 1612 facti
1090 1581 1221 1620 essent,
1250 1584 1442 1623 utrumque
1469 1591 1562 1622 genu
1588 1579 1794 1620 flecterent3
1830 1580 1954 1623 postea

186 1641 251 1674 per
285 1631 490 1665 universam
526 1632 673 1666 Tirolim
709 1632 905 1674 constituit,
940 1635 980 1666 ut
1016 1643 1062 1666 ex
1096 1632 1251 1675 singulis
1286 1633 1448 1667 domibus
1483 1633 1611 1667 saltem
1647 1644 1741 1667 unus
1776 1631 1955 1666 sacerdoti

188 1694 227 1717 se
262 1683 425 1718 comitem
462 1685 673 1729 adiungeret
710 1686 824 1729 (638).
875 1686 964 1720 Item
1001 1697 1080 1719 cum
1117 1687 1152 1720 in
1178 1686 1288 1720 Tiroli
1315 1685 1435 1721 nullus
1469 1686 1570 1721 locus
1596 1686 1666 1731 piis
1691 1685 1850 1720 fidelium
1877 1696 1954 1730 per·

188 1736 468 1779 egrinationibus
504 1740 619 1782 magis
651 1739 951 1783 frequentaretur,
988 1750 1095 1783 quam
1122 1738 1288 1780 Sefeldia,
1324 1739 1384 1774 ubi
1418 1743 1682 1774 sacramentum
1722 1739 1800 1773 sive
1838 1738 1955 1772 hostia

188 1789 371 1824 miraculis
406 1790 556 1825 celebris
592 1792 730 1834 colitur,
766 1792 1022 1833 Ferdinandus,
1060 1792 1144 1836 quia
1178 1792 1381 1836 frequentia
1408 1793 1468 1827 illa
1503 1793 1688 1838 paullatim
1717 1792 1954 1833 minuebatur,

189 1842 369 1877 Canisium
397 1847 431 1878 et
457 1844 687 1879 Klocklerum
715 1846 967 1880 cancellarium
987 1845 1179 1880 Set'eldiam
1199 1847 1306 1888 misit,
1334 1849 1373 1880 ut
1391 1847 1508 1880 omnia
1527 1847 1720 1890 diligenter
1737 1845 1956 1890 inspicerent

188 1897 233 1937 et,
261 1897 389 1940 quibus
415 1898 611 1933 rationibus
638 1910 679 1932 ea
705 1899 957 1944 peregrinandi
982 1899 1099 1940 pietas
1125 1900 1330 1934 conservari
1357 1902 1392 1934 et
1419 1900 1544 1944 augeri
1571 1903 1702 1945 posset,
1740 1900 1783 1934 ad
1810 1911 1849 1933 se
1876 1910 1956 1933 con-

187 1949 412 1994 siliariosque
450 1952 645 1992 referrent;
686 1953 719 1986 id
759 1953 851 1996 quod
887 1953 938 1987 illi
978 1953 1247 1997 praestiterunt,
1287 1953 1429 1998 copioso
1465 1954 1720 1988 commentario
1757 1952 1833 1998 (qui
1863 1963 1958 1986 nunc

187 2003 340 2047 primum
370 2004 554 2048 vulgatur)
584 2006 804 2050 conscripto;
842 2007 876 2040 in
904 2018 974 2051 quo
1001 2006 1067 2040 hoc
1093 2009 1291 2040 memoratu
1318 2007 1465 2050 dignum
1493 2010 1558 2048 est,
1594 2008 1686 2051 quod
1715 2006 1958 2050 indulgentias

193 2056 292 2097 1000,
320 2057 422 2098 2000,
450 2058 542 2093 3000
560 2071 732 2093 annorum
761 2071 781 2093 a
807 2060 973 2104 pontifice
1000 2060 1072 2105 peti
1091 2060 1281 2104 cupiebant
1303 2060 1422 2104 (161);
1450 2060 1577 2095 deinde
1601 2061 1786 2101 archidux,
1815 2061 1958 2105 praeter

188 2110 301 2144 multa
328 2110 409 2152 alia,
437 2123 527 2155 quae
555 2112 659 2147 huius
685 2113 735 2147 rei
762 2113 880 2158 gratia
906 2113 1099 2158 praestitit,
1127 2113 1255 2147 librum
1276 2114 1318 2147 de
1336 2125 1439 2148 sacra
1465 2114 1533 2149 hac
1559 2114 1848 2159 peregrinatione
1866 2124 1957 2147 com-

189 2164 390 2208 ponendum
417 2166 577 2206 curavit;
605 2177 708 2210 quem
737 2178 816 2201 cum
838 2166 1002 2201 Canisius
1030 2166 1250 2212 praefatione
1270 2170 1433 2202 ornasset
1451 2171 1486 2202 et
1505 2168 1691 2212 eleganter
1710 2167 1956 2202 excudendum

190 2220 360 2259 curasset,
387 2219 562 2253 archidux
588 2220 834 2265 exemplorum*
861 2220 953 2256 2000
980 2232 1042 2265 per
1067 2220 1214 2254 Tirolim
1241 2221 1375 2265 sparsit
1406 2222 1490 2264 (533
1518 2222 1625 2265 828);
1653 2222 1713 2266 qui
1741 2232 1957 2266 quamquam

189 2270 301 2306 Sociis
328 2272 576 2317 oenipontanis
601 2285 870 2318 nonnumquam
896 2274 1143 2315 succensebat,
1179 2274 1301 2308 multis
1328 2278 1448 2309 tamen
1476 2287 1536 2310 eos
1562 2275 1745 2309 beneficiis
1778 2274 1959 2309 afficiebat

190 2328 226 2358 et
251 2325 294 2358 de
320 2325 426 2360 rebus
444 2326 670 2369 gravissimis
689 2326 898 2361 consulebat
921 2327 1004 2370 (283
1031 2327 1136 2370 629);
1165 2327 1256 2360 idem
1276 2328 1311 2361 in
1332 2329 1478 2362 Austria
1497 2329 1615 2363 antica
1634 2328 1824 2373 collegium
1844 2327 1958 2362 Socie-

189 2377 276 2412 tatis
310 2379 460 2413 condere
495 2380 624 2414 statuit
652 2379 766 2423 (712).
822 2380 871 2414 De
899 2381 1046 2415 Alberto
1075 2381 1115 2416 V.
1146 2380 1320 2416 Bavariae
1348 2381 1436 2415 duce
1465 2382 1630 2416 Canisius
1658 2381 1840 2416 Everardo
1866 2381 1960 2414 Mer-

191 2430 334 2465 curiano
360 2431 550 2467 Societatis
588 2433 789 2478 praeposito
824 2434 982 2477 generali
1019 2434 1236 2469 testificatus
1267 2437 1341 2468 est:
1381 2435 1440 2477 „ln
1469 2434 1662 2469 Germania
1697 2434 1818 2468 nullus
1852 2433 1960 2468 facile

189 2485 388 2529 reperietur
425 2486 632 2525 Maecenas,
671 2487 732 2531 qui
766 2490 888 2527 tanta,
923 2492 1058 2532 quanta
1093 2488 1170 2530 ille,
1211 2487 1460 2523 benevolentia
1496 2491 1532 2522 et
1566 2488 1784 2522 liberalitate
1818 2490 1960 2522 nostros

190 2538 356 2581 prosequi
375 2538 464 2572 velit
489 2542 525 2572 et
551 2540 683 2584 possit“
709 2540 822 2583 (322).
874 2540 1043 2575 Albertus
1070 2541 1352 2576 marchionatum
1381 2541 1728 2576 badeno-badensem
1756 2553 1819 2586 per
1845 2540 1960 2575 Socie-

190 2594 301 2623 tatem
330 2591 502 2625 ecclesiae
528 2593 686 2626 restituit
707 2594 822 2636 (10⁴).
850 2594 1028 2629 Monachii
1055 2595 1324 2629 contubernium
1353 2595 1523 2629 iuvenum
1549 2594 1681 2629 litteris
1707 2606 1850 2640 operam
1877 2594 1959 2628 dan-

190 2642 279 2676 tium
307 2642 477 2678 Societati
503 2645 651 2679 tradidit
683 2647 888 2689 regendum,
915 2647 1127 2690 Ingolstadii
1154 2648 1414 2692 paedagogium
1443 2650 1479 2682 et
1505 2659 1648 2683 cursum
1675 2648 1960 2693 philosophicum

192 2696 268 2730 eius
304 2708 409 2730 curae
444 2697 691 2739 demandavit:
729 2701 762 2733 in
791 2711 860 2744 qua
887 2700 973 2735 urbe
1009 2698 1239 2735 seminarium
1275 2701 1432 2735 instituit
1462 2701 1616 2735 alumnis
1647 2702 1690 2736 ad
1720 2701 1959 2736 sacerdotium

192 2749 360 2794 parandis
387 2750 471 2791 (203
498 2750 567 2785 320
593 2753 661 2786 324
687 2752 784 2795 421).
839 2754 919 2787 Pari
947 2756 1055 2798 atque
1091 2754 1196 2788 etiam
1236 2754 1370 2788 maiore
1400 2755 1545 2799 pietatis
1572 2758 1679 2799 atque
1706 2754 1962 2790 beneficentiae

192 2802 298 2837 laude
317 2803 529 2838 Guilielmus
548 2804 590 2839 V.
609 2808 645 2839 et
663 2805 801 2840 Renata
828 2818 917 2841 uxor
936 2808 1012 2841 eius
1038 2807 1231 2848 florebant;
1260 2808 1320 2848 ita,
1347 2809 1386 2841 ut
1404 2808 1609 2852 exemplum
1630 2820 1768 2853 ponam,
1797 2808 1962 2843 Canisius

193 2857 298 2890 testis
317 2861 382 2897 est,
410 2856 638 2892 Guilielmum
659 2871 690 2894 a.
712 2860 800 2894 1578
827 2863 864 2894 et
881 2860 948 2895 sibi
975 2863 1011 2894 et.
1037 2860 1178 2904 coniugi
1204 2863 1241 2894 et
1266 2860 1393 2895 aulicis
1419 2872 1585 2895 severum
1613 2861 1783 2896 ieiunium
1803 2861 1961 2904 Quadra—

193 2910 330 2953 gesima
365 2913 440 2944 tota
467 2911 637 2945 indixisse
672 2916 707 2946 et
732 2923 910 2954 servasse,
946 2925 1139 2958 numquam
1174 2914 1354 2958 cuiquam,
1390 2914 1457 2948 nisi
1484 2914 1669 2949 Dominico
1696 2915 1763 2956 die,
1799 2915 1961 2960 praebita

196 2974 285 2997 cena
314 2963 427 3006 (443).

314 3016 526 3051 Guilielmus
553 3017 700 3058 Cliviae,
738 3018 870 3059 Iuliaci,
909 3020 1083 3054 Montium
1120 3020 1203 3061 dux,
1239 3031 1320 3054 cum
1348 3020 1406 3054 diu
1433 3021 1468 3054 in
1504 3020 1677 3064 religione
1713 3021 1962 3062 claudicasset,

194 3069 237 3103 ad
273 3069 429 3104 officium
463 3070 649 3114 paullatim
686 3072 812 3111 rediit;
849 3073 909 3116 qui
937 3074 1031 3108 circa
1057 3086 1087 3107 a.
1119 3074 1209 3108 1578
1244 3073 1436 3118 praecepit,
1472 3077 1513 3107 ut
1540 3074 1742 3108 calviniano
1768 3075 1962 3109 Monhemii

194 3122 411 3157 catechismo
438 3135 485 3157 ex
512 3125 700 3168 gymnasio
719 3124 1021 3171 dusseldorpiensi
1040 3127 1153 3160 eiecto
1179 3126 1421 3161 catechismus
1441 3126 1573 3161 canisii
1594 3127 1837 3174 Dusseldorpii
1864 3129 1962 3174 typis

195 3176 459 3209 exscriberetur
484 3179 519 3210 et
545 3177 579 3210 in
607 3178 794 3221 gymnasio
821 3179 1080 3223 explicaretur:
1109 3191 1181 3213 rem
1209 3179 1390 3224 deprecati
1416 3183 1500 3214 sunt
1525 3180 1662 3215 nobiles
1687 3181 1902 3217 iuliacenses
1928 3184 1963 3216 et
