2062 3443
280 158 380 194 1974.
409 157 575 192 Canisius
601 157 785 191 Everardo
811 157 1048 191 Mercuriano.
1084 155 1306 199 Ingolstadio
1335 156 1389 191 12.
1410 156 1531 190 Martii
1561 157 1662 191 1577.
1763 160 1848 199 393

75 275 174 319 gorio
201 275 296 309 XIII.
316 274 495 308 identiden
522 274 678 307 monitus
705 276 792 313 erat,
820 276 856 307 et
882 273 915 307 id
943 285 981 307 se
1009 274 1188 306 facturum
1217 273 1465 306 affirmaverat
1493 274 1677 314 (Tleei'ner,
1713 273 1802 305 Ann.
1827 273 1848 312 1,

74 328 110 362 in
137 339 167 362 a.
190 328 280 362 1574
305 339 339 362 n.
359 327 414 367 21,
451 331 487 361 et
512 327 625 361 Mant.
644 338 676 371 p.
696 327 767 360 493
795 326 882 366 503;
923 327 1130 366 Schellhass,
1159 325 1308 367 Quollen
1336 326 1395 366 JV,
1427 326 1521 369 109).
1573 327 1626 359 Ac
1653 325 1849 359 Ratisbona

74 381 216 425 quidem
236 381 291 415 21.
312 380 477 414 Octobris
499 381 587 414 1575
610 382 759 413 loannes
780 380 976 422 Delphinus
1003 379 1148 412 nuntius
1176 379 1395 423 apostolicus
1422 379 1464 413 de
1492 392 1532 413 eo
1559 379 1601 412 ad
1630 379 1849 412 cardinalem

75 433 284 468 Comensem
318 433 527 467 rettulerat:
568 433 665 474 „Non
702 433 851 467 essendo
888 432 1057 467 inclinato
1095 444 1114 465 a
1142 432 1295 466 Giesuiti
1324 436 1368 465 ne
1396 444 1415 465 a
1441 433 1589 466 servirsi
1618 432 1652 465 di
1680 432 1765 470 loro,
1786 459 1792 465 .
1814 459 1820 466 .
1843 460 1848 469 .

74 487 106 521 io
133 487 255 521 dubito
282 487 347 520 che
374 486 407 520 la
434 498 517 520 cosa
543 486 571 519 si
600 486 775 520 risolvera
802 486 836 518 in
864 485 984 530 parole
1008 498 1027 519 0
1055 486 1088 518 in
1108 485 1299 519 seminario
1329 486 1361 519 di
1389 486 1608 530 apparenza⁸⁴
1635 486 1850 525 (St-ltelllmss

73 540 95 575 l.
115 552 143 574 c.
163 540 285 583 216²).
329 540 395 573 Sed
417 539 529 573 Roma
559 540 611 573 13.
633 538 840 572 Decembris
861 539 950 573 1576
980 541 1235 572 lisere-ursanus
1256 538 1402 572 lloffaeo
1429 539 1640 583 provinciali
1658 539 1848 583 *scripsit:

78 593 137 635 „R
170 593 390 627 Felicianus‘
422 592 633 635 Ninguarda
660 591 700 626 O.
735 592 803 628 Pr..
847 592 970 633 „homo
999 602 1037 626 ut
1076 592 1180 625 audio
1217 593 1379 626 cruditus
1415 604 1456 626 ac
1492 593 1572 636 pius
1594 619 1600 626 .
1621 618 1656 626 ..
1695 603 1758 635 pro
1785 603 1849 625 sua

71 646 246 689 singulari
283 646 416 690 pietate
452 658 493 679 ac
521 646 622 679 zelo.
644 672 678 679 ..
716 645 821 689 petijt
847 656 867 678 a
902 656 1041 679 summo
1071 645 1254 686 Pontifice,
1291 647 1349 679 ut“
1381 645 1613 679 seminarium
1649 644 1849 687 Salisbm'gi

72 700 330 734 instituendum
361 701 581 741 „nostrorum
615 698 839 743 potissimum
868 710 975 732 curae
1002 710 1043 732 ac
1070 698 1151 732 fidei
1180 699 1508 738 committeretm·“;
1548 710 1588 732 ac
1615 710 1679 732 nos
1706 698 1848 742 quidem

70 753 241 787 cardinali
278 753 443 787 Comensi
478 752 776 795 significavimus,
814 763 877 785 nos
918 752 1013 792 „sinc
1053 752 1153 795 graui
1192 751 1382 786 Societatis
1422 756 1566 786 nostrae
1606 752 1846 785 detrimento·

70 818 147 840 eam
186 806 405 850 provinciam
440 806 623 850 suscipere
659 817 727 838 11011
764 816 888 849 posse:
927 817 1051 838 verum
1089 806 1118 838 is
1155 806 1262 839 etiam
1300 806 1550 840 vehementius
1586 806 1750 848 urgebat,
1791 811 1849 846 „nt

69 862 233 904 propriae
260 859 516 899 commoditati,
552 858 733 902 publicam
760 858 956 892 Vtilitatem
993 860 1312 903 anteponeremus*
1345 859 1405 901 (ex
1433 871 1556 903 apogr.
1579 859 1691 892 eiusd.
1719 861 1847 902 temp:

74 913 140 948 Rh.
164 914 226 947 lnf.
250 914 278 953 1,
316 912 348 946 Π
377 913 399 947 f.
422 912 487 955 ἴθ’).
538 912 603 946 Die
631 912 742 954 igitur
768 912 823 946 ¹21.
843 911 1028 946 Februarii
1060 913 1147 946 1577
1178 912 1215 946 P.
1245 913 1399 946 Mic-hae!
1425 914 1570 946 Marius
1596 912 1630 946 S.
1658 913 1691 946 J.
1743 912 1849 945 Salis-

70 966 221 1010 burgum
250 966 408 1003 advenit.
436 971 475 999 nt
499 965 636 999 Hoffaei
664 965 804 999 nomine
831 976 910 999 cum
939 965 1210 1009 archiepiscopo
1236 969 1380 1009 ageret;
1408 969 1442 999 et
1470 966 1526 999 26.
1546 965 1728 1000 Februarii
1758 965 1850 998 inter

70 1031 130 1054 eos
158 1031 199 1053 ea
226 1019 268 1053 de
295 1031 332 1053 re
360 1020 547 1059 convenit;
584 1019 686 1052 cuius
713 1019 961 1052 conventionis
989 1019 1192 1063 exemplum
1230 1019 1379 1052 latinum
1418 1031 1438 1053 a
1464 1019 1674 1062 Ninguarda
1701 1019 1848 1052 Romam

70 1072 112 1106 ad
142 1073 359 1107 cardinalem
380 1072 590 1106 Comensem
609 1073 757 1106 missum
786 1072 885 1117 typis
904 1072 1096 1116 exscripsit
1116 1073 1315 1106 Schelllmss
1341 1072 1362 1106 1.
1382 1084 1401 1106 c
1433 1072 1481 1106 1V
1499 1073 1707 1112 218—220;
1735 1073 1848 1116 ipsam

70 1128 189 1160 autem
231 1126 527 1168 „resolutionenff
567 1125 772 1168 germanice
809 1125 1043 1170 compositam
1083 1125 1375 1170 archiepiscopus
1412 1138 1475 1170 per
1510 1126 1664 1159 Marium
1703 1125 1851 1158 lloffaeo

69 1179 238 1220 tradidit;
276 1180 336 1223 qui
364 1178 594 1212 *versionem
624 1179 701 1212 eius
735 1178 885 1212 latinam
912 1190 977 1212 sua
1004 1190 1111 1212 manu
1146 1179 1319 1223 scriptam
1346 1179 1573 1213 Mei-cariano
1600 1179 1708 1212 misit.
1761 1177 1848 1211 Cum

69 1235 188 1266 autem
227 1233 296 1266 duo
332 1232 421 1266 haec
456 1231 622 1276 exempla
658 1232 692 1265 in
719 1231 844 1265 multis
871 1232 1014 1275 quidem
1051 1232 1229 1276 capitibus
1256 1232 1349 1266 inter
1375 1244 1414 1266 se
1441 1233 1670 1268 conveniant.
1707 1232 1740 1265 in
1768 1231 1850 1265 aliis

71 1289 191 1320 autem
219 1286 269 1320 ita
295 1285 389 1319 inter
408 1297 447 1320 se
475 1285 690 1330 discrepent,
717 1288 757 1318 ut
783 1285 938 1318 alterum
966 1285 1078 1319 altero
1105 1285 1317 1330 suppleatur
1344 1289 1379 1319 et
1406 1286 1616 1330 explicetur,
1645 1284 1847 1329 exemplum

72 1338 212 1373 Hoffaei
239 1339 296 1373 hic
322 1351 432 1384 pon03
460 1339 609 1380 accedit,
637 1338 740 1384 quod·
757 1338 824 1372 hae
851 1338 985 1373 Canisii
1011 1338 1155 1372 litterae
1182 1339 1345 1382 intellegi
1371 1351 1440 1372 non
1469 1341 1628 1383 possunt,
1655 1341 1848 1382 antequam

71 1393 328 1438 archiepiscopi
366 1393 511 1435 cognita
546 1393 595 1426 sit
630 1392 835 1437 propositiO.
887 1391 986 1433 Quae
1020 1393 1073 1426 sic
1109 1392 1237 1427 habet:
1278 1392 1419 1433 „Prima
1458 1392 1643 1427 Resolutio
1669 1391 1849 1426 Reueren-

71 1446 207 1481 dissimi
245 1446 387 1490 Dominj
422 1445 694 1489 salsburgensis
730 1445 773 1479 de
800 1445 999 1480 Seminario
1035 1448 1071 1479 et
1105 1449 1228 1480 nostra
1255 1445 1445 1487 Societate,
1481 1446 1593 1479 latine
1628 1445 1768 1479 reddita
1804 1457 1849 1478 ex

69 1498 294 1534 Germanico.
356 1498 552 1543 Postquam
592 1498 928 1533 Reuerendissimus
967 1502 1003 1533 et
1042 1498 1354 1534 Clementissimus
1390 1499 1562 1544 Princeps
1601 1502 1638 1533 et
1675 1498 1850 1533 Dominus

71 1552 365 1596 Saltzburgensis
390 1565 459 1587 11011
486 1553 557 1586 iam
585 1552 699 1586 solum
728 1553 788 1586 sed
809 1556 893 1586 ante
912 1553 1021 1586 etiam
1040 1553 1133 1597 apud
1153 1564 1192 1587 se
1210 1553 1448 1587 constitutum
1475 1552 1625 1587 haberet
1643 1552 1685 1586 ad
1707 1552 1847 1586 laudem

68 1609 105 1641 et
130 1606 299 1640 honorem
319 1606 384 1640 Dei
411 1606 666 1651 omnipotentis
692 1608 728 1640 et
755 1606 799 1640 ad
826 1607 1110 1640 conseruandam
1135 1608 1293 1640 veterem
1322 1610 1357 1640 et
1384 1606 1597 1640 catholicam
1625 1606 1848 1649 religionem,

69 1659 258 1694 instituere
285 1659 533 1700 Seminarium,
561 1662 597 1693 et
623 1671 693 1693 non
719 1659 946 1694 obstantibus
973 1660 1138 1694 omnibus
1165 1660 1406 1694 incidentibus
1425 1659 1693 1704 impedimentis
1713 1659 1848 1693 diutius

67 1713 134 1747 hoc
160 1725 229 1747 non
265 1713 490 1758 prolongare,
528 1713 670 1747 tandem
699 1725 774 1747 rem
800 1712 892 1747 hanc
919 1725 982 1758 pro
1010 1713 1262 1747 commoditate
1289 1713 1633 1758 Archiepiscopatus
1669 1715 1705 1746 et
1731 1713 1850 1757 operis

68 1767 290 1811 praestantia
326 1777 523 1810 aggressus
558 1769 613 1800 est
638 1766 919 1801 Jllustrissimus
954 1778 994 1801 eo
1030 1767 1133 1800 modo
1169 1767 1264 1801 sicut
1301 1766 1360 1801 hic
1385 1768 1562 1811 sequitur.
1612 1766 1849 1801 Necessariae

70 1831 243 1864 personae
270 1832 332 1865 pro
360 1819 557 1854 Seminario
585 1822 621 1853 et
647 1819 797 1855 Scholis.
842 1820 880 1855 P.
900 1820 1033 1855 Rector
1061 1838 1068 1846 ·
1096 1820 1285 1854 Professor
1311 1820 1500 1854 Sacrarum
1531 1820 1717 1854 literarum
1738 1837 1745 1845 ·
1766 1820 1850 1854 Pro—

66 1873 182 1907 fessor
209 1873 462 1918 Philosophiae
482 1891 489 1899 ·
508 1873 737 1908 Professores
764 1878 838 1907 tres
859 1873 1084 1914 Rhetoricae,
1110 1873 1358 1915 humanitatis,
1386 1885 1428 1908 ac
1457 1873 1722 1908 Grammatices
1742 1891 1750 1899 ·
1771 1873 1851 1907 Duo

67 1926 127 1970 qui
153 1927 315 1971 praesint
341 1926 625 1971 repetitionibus,
651 1926 810 1960 moribus
837 1938 879 1960 ac
905 1926 1116 1971 disciplinae
1143 1926 1344 1972 Seminarij,
1372 1938 1522 1971 quorum
1550 1926 1643 1960 alter
1673 1926 1730 1960 his
1756 1927 1850 1971 prin-

67 1979 171 2024 cipijs
205 1980 325 2014 subire
360 1980 493 2025 poterit
527 1980 644 2014 vicem
684 1979 858 2022 Regentis
895 1998 902 2005 ·
939 1979 1165 2014 Oeconomus
1201 1997 1208 2004 ·
1245 1980 1387 2014 Janitor
1415 1998 1421 2004 ·
1449 1980 1594 2024 Coquus
1623 1997 1630 2005 ·
1658 1979 1748 2014 Tres
1787 1984 1850 2014 aut

67 2035 222 2076 quatuor
246 2032 372 2066 famuli
400 2045 489 2077 quos
515 2033 645 2067 Patres
671 2032 862 2067 Societatis
900 2045 962 2077 pro
989 2045 1053 2067 suo
1080 2033 1228 2067 arbitrio
1255 2033 1314 2067 vel
1341 2046 1386 2067 ex
1414 2032 1594 2067 Societate
1621 2033 1680 2067 vel
1707 2033 1852 2067 aliunde

68 2097 254 2120 assumere
289 2089 325 2120 et
362 2086 544 2120 dimittere
580 2088 758 2131 poterunt.
816 2086 1037 2121 Gubernatio
1073 2086 1263 2131 Seminarij
1299 2087 1394 2121 sicut
1430 2087 1537 2121 etiam
1575 2086 1766 2121 Societatis
1802 2086 1851 2120 in-

67 2139 235 2173 stitutum
263 2140 370 2174 debet
396 2139 568 2174 Patribus
594 2140 790 2174 secundum
818 2150 885 2174 sua
911 2143 1050 2174 statuta
1077 2152 1156 2174 esse
1191 2139 1354 2174 liberum.
1407 2140 1540 2184 Eisque
1576 2140 1757 2174 dabuntur
1781 2152 1851 2174 non

68 2193 136 2227 nisi
173 2193 242 2227 duo
269 2193 510 2234 Protectores,
546 2194 589 2228 ad
623 2205 713 2238 quos
746 2194 875 2237 quouis
909 2197 1071 2238 tempore
1097 2205 1183 2227 suas
1210 2193 1448 2228 necessitates
1478 2194 1655 2228 deserant.
1706 2193 1852 2227 Dabunt

67 2250 188 2280 tamen
215 2246 344 2281 Patres
379 2259 523 2291 operam
560 2250 600 2281 vt
635 2246 810 2281 eiusmodi
847 2246 995 2281 docendi
1031 2247 1191 2280 ordinem
1227 2249 1263 2280 et
1297 2246 1505 2280 methodum
1540 2247 1744 2287 instituant,
1782 2245 1852 2291 [vt]

68 2300 193 2344 paucis
219 2300 322 2334 annis
349 2300 466 2334 idonei
484 2300 692 2334 sacerdotes
719 2300 866 2334 formari
893 2304 1029 2344 queant
1055 2303 1091 2334 et
1109 2303 1150 2334 vt
1169 2300 1324 2334 alumnis
1344 2299 1482 2334 Vtiliter
1499 2300 1550 2334 vti
1572 2303 1608 2334 et
1634 2300 1703 2333 frui
1730 2299 1850 2334 liceat.

68 2352 237 2387 Habeant
263 2364 405 2397 quoque
427 2354 554 2388 Patres
581 2366 625 2388 ex
643 2354 720 2388 suis
738 2365 846 2387 vnum
875 2356 938 2387 aut
956 2353 1111 2387 alterum
1130 2353 1295 2387 idoneum
1316 2354 1615 2387 concionatorem.
1659 2353 1850 2388 Caeterum

69 2406 113 2439 ad
140 2407 399 2441 sustentandas
426 2407 654 2452 supradictas
690 2418 862 2451 personas
889 2406 1082 2441 Societatis
1118 2407 1402 2450 assignabuntur
1428 2407 1601 2441 Patribus
1627 2407 1662 2440 in
1689 2406 1854 2449 singulos

67 2471 181 2494 annos
209 2459 301 2495 1200
326 2460 472 2502 floreni;
510 2461 649 2504 hocque
677 2460 777 2494 initio
812 2461 976 2495 tradetur
1003 2461 1074 2495 illis
1102 2461 1229 2494 domus
1256 2460 1434 2494 instructa
1459 2461 1536 2495 suis
1566 2460 1672 2494 lectis
1699 2459 1853 2505 alijsque

71 2513 236 2547 omnibus
262 2513 370 2548 rebus
388 2514 626 2558 necessarijs:
654 2514 774 2548 Primo
794 2514 901 2548 etiam
922 2514 1089 2558 ingressu
1116 2518 1190 2547 tam
1209 2514 1338 2547 Patres
1357 2525 1464 2558 quam
1484 2513 1618 2548 alumni
1638 2513 1854 2553 vestientur,

68 2566 238 2611 deinceps
265 2578 350 2600 vero
376 2567 463 2601 solis
490 2567 646 2601 alumnis
672 2578 760 2601 suae
787 2571 921 2608 vestes,
956 2567 1037 2602 libri
1065 2569 1174 2610 atque
1201 2567 1379 2601 cereuisia
1415 2579 1478 2612 pro
1504 2579 1569 2601 suo
1605 2570 1692 2612 potu
1719 2570 1756 2601 et
1782 2578 1851 2600 me—

67 2618 206 2653 dicinae
232 2619 515 2664 prouidebuntur
540 2620 737 2654 secundum
764 2620 1018 2655 necessitatem
1037 2622 1066 2655 ¹:
1094 2625 1131 2654 at
1158 2632 1221 2665 pro
1248 2621 1348 2654 victu
1376 2620 1530 2665 alijsque
1554 2620 1720 2654 omnibus
1746 2619 1854 2654 rebus

67 2672 282 2717 necessarijs
318 2684 381 2717 pro
408 2673 562 2716 singulis
592 2673 757 2707 Alumnis
784 2675 818 2707 in
845 2674 1010 2717 singulos
1037 2684 1149 2707 annos
1177 2673 1446 2718 deputabuntur
1471 2674 1528 2708 40.
1547 2673 1684 2710 fioreni.
1723 2672 1854 2717 quibus

68 2725 175 2759 etiam
204 2725 332 2760 Patres
366 2727 397 2760 si
433 2727 484 2760 ita
510 2727 625 2760 velint
659 2730 863 2771 separatam
901 2727 1057 2761 culinam
1093 2738 1173 2760 cum
1210 2726 1427 2761 officialibus
1461 2727 1653 2761 instituent
1679 2729 1716 2760 et
1742 2726 1853 2760 alent.

69 2778 202 2813 Eadem
238 2779 306 2813 erit
343 2780 435 2813 ratio
462 2779 696 2814 Alumnorum
738 2780 957 2814 venerabilis
996 2780 1164 2825 Capituli,
1203 2791 1296 2823 quae
1334 2780 1458 2814 sutura
1493 2784 1550 2814 est
1583 2780 1725 2814 illorum
1763 2791 1855 2824 quos

69 2831 350 2866 Jllustrissimus
386 2833 470 2866 alet.
522 2833 678 2867 Festiuis
713 2833 839 2868 diebus
874 2834 1076 2867 intererunt
1113 2833 1248 2867 alumni
1285 2844 1365 2867 cum
1401 2834 1478 2867 suis
1511 2832 1783 2878 superpelliceis
1817 2833 1853 2866 in

69 2884 217 2919 Summa
252 2886 341 2919 aede
368 2886 531 2930 vesperis
568 2887 857 2930 processionibus
885 2890 921 2921 et
946 2898 1069 2921 sacro:
1105 2886 1188 2931 alijs
1222 2888 1344 2920 autem
1372 2886 1497 2920 diebus
1522 2898 1626 2920 sacro
1652 2886 1854 2920 intererunt

69 2938 103 2971 in
141 2937 176 2972 S.
204 2937 394 2972 Michaelis
429 2939 573 2984 templo.
632 2940 880 2974 Jnstituentur
915 2951 1057 2984 quoque
1093 2939 1228 2973 alumni
1265 2940 1424 2984 quotidie
1459 2939 1549 2974 hora
1582 2940 1782 2974 constituta
1818 2939 1853 2973 in

69 2995 178 3025 cantu
205 2991 428 3035 Gregoriano
465 2999 501 3026 et
537 2993 691 3036 figurato
727 3005 748 3027 a
774 2997 921 3028 cantore
948 2993 1099 3028 Scholae
1135 2993 1266 3027 summi
1303 2993 1428 3038 templi
1464 2993 1523 3027 vel
1550 2993 1594 3028 ab
1629 2993 1710 3034 alio,
1746 3004 1852 3037 quem

197 3106 205 3124 ¹
237 3104 402 3146 „Alumni
429 3104 497 3150 ipsj
524 3105 560 3138 in
587 3104 712 3139 habitu
739 3105 895 3140 clericali
923 3117 1065 3150 semper
1091 3104 1287 3139 incedant.
1306 3104 1462 3139 alumnis
1482 3104 1633 3139 infirmis
1658 3103 1855 3149 prospiciet

72 3156 342 3192 illustrissimus
368 3157 411 3192 de
437 3158 585 3200 medico,
613 3158 817 3203 pharmacis
844 3163 880 3193 et
907 3159 1034 3192 vino“:
1063 3158 1262 3192 Schellhass
1287 3157 1310 3192 l.
1330 3169 1360 3193 c.
1378 3157 1458 3193 219.
