2062 3443
535 198 565 230 A
592 196 624 230 d.
652 196 684 230 7.
706 195 886 230 Februarii
915 195 958 229 ad
985 195 1018 230 6.
1038 194 1261 239 Septembris
1289 196 1391 230 1574.
1764 199 1847 239 707

77 320 144 354 Job
171 320 385 354 tractabitur
412 319 477 353 lioc
504 319 590 358 loco.
627 322 662 353 et
689 319 811 353 eadem
840 318 936 359 hora,
972 321 1147 361 quantum
1174 318 1347 352 Dominus
1374 318 1475 353 nobis
1510 319 1663 361 gratiam
1693 318 1851 352 dederit:

77 385 140 418 pro
166 373 233 408 hac
259 376 377 407 autem
406 375 559 417 primum
587 384 739 406 oremus.

197 426 309 461 Cum⁸
335 438 407 460 reni
437 432 532 460 recte
559 437 697 460 mecum
725 425 852 469 cogito.
888 424 1028 458 inuenio
1056 423 1188 458 multas
1215 427 1251 458 et
1276 436 1407 467 graues
1435 436 1577 465 causas,
1609 436 1700 468 quae
1727 426 1854 458 merito

78 491 221 514 mouere
247 491 303 513 ine
330 480 460 513 debent
486 479 530 513 ad
557 479 689 513 dictam
716 479 903 512 historiam
930 477 996 511 hoc
1023 477 1098 511 loco
1126 478 1431 522 proponendam..
1452 505 1459 512 .
1481 506 1487 513 .
1528 478 1676 512 Mouetb
1704 489 1758 511 me
1785 477 1854 511 huc

77 533 206 568 librum
233 544 312 567 esse
339 533 373 566 in
401 544 536 567 canone
562 534 773 577 scripturae,
800 544 891 576 quae
918 535 974 566 est
998 542 1109 576 supra
1134 542 1258 565 omnes
1285 531 1394 566 libros
1413 549 1421 557 ·
1442 531 1687 566 testimonium
1716 534 1851 566 certum

77 586 214 620 habens
242 604 249 611 ·
277 590 331 620 est
357 598 487 620 manna
514 585 602 620 caeli
631 603 638 611 ·
666 591 723 620 est
747 597 869 620 semen
904 597 949 619 ex
976 596 1044 629 quo
1071 585 1186 618 omnis
1213 585 1326 619 bonus
1361 585 1503 619 fructus
1538 586 1708 619 nascitur.
1761 583 1852 625 Quid

78 639 206 674 melius
233 640 431 684 praedicari
467 640 550 683 quid
579 639 702 674 utilius
728 639 843 673 audiri
870 642 1000 684 potest.
1021 665 1028 673 .
1049 665 1056 672 .
1077 665 1084 672 .
1129 638 1165 671 2ο
1192 638 1332 681 Dignus
1358 643 1415 672 est
1441 638 1499 672 hic
1526 638 1616 672 liber
1641 641 1790 672 tractari
1818 643 1854 671 et

78 693 204 733 audiri,
231 694 314 737 quia
341 694 375 728 in
402 693 485 727 illoe
511 693 702 738 praecipue
727 695 906 727 tractatur
931 691 1127 735 singularis
1147 691 1212 725 Dei
1238 692 1426 736 sapientia,
1455 695 1490 726 et
1517 691 1742 736 prouidentia
1768 702 1856 734 erga

78 758 162 781 suos
189 747 333 781 electos.
354 774 362 781 .
382 773 389 780 .
410 774 417 780 .
456 747 493 780 3⁰
520 746 718 780 Confirmat
736 758 792 780 me
819 746 852 779 in
880 746 1061 790 proposito
1087 745 1179 788 quod
1200 746 1342 779 videam
1370 750 1406 778 et
1433 745 1599 790 experiar
1617 748 1742 778 nostra
1768 747 1852 778 tem-

79 812 165 845 pora
195 811 274 834 esse
302 799 407 833 valde
442 799 653 844 periculosa,
690 811 823 838 amara,
858 800 998 838 misera,
1033 798 1253 832 turbulenta.
1280 825 1287 832 .
1313 824 1320 831 .
1347 825 1354 833 .
1391 798 1476 833 Jllic
1512 810 1601 843 opus
1633 804 1689 832 est
1723 797 1856 831 habere

78 853 208 888 bonum
251 853 498 897 capitaneum,
542 853 600 896 qui
637 854 745 887 verbo
781 857 817 886 et
851 852 1035 897 exemplo,
1077 863 1161 886 suos
1204 851 1338 886 milites
1381 852 1568 889 confortet.
1612 854 1648 885 et
1684 862 1855 895 magnum

79 908 237 941 animum
273 906 345 941 illis
381 907 502 941 faciat.
554 906 653 940 Talis
687 910 808 941 autem
844 906 1053 951 capitaneus
1090 907 1159 940 erit
1185 905 1263 940 Job.
1284 932 1291 939 .
1312 933 1318 940 .
1339 932 1347 940 .
1386 908 1424 939 4ο
1452 905 1550 939 Haec
1586 905 1735 939 historia
1766 905 1856 938 bene

79 961 247 995 conuenit
281 961 445 1005 tempori,
481 960 564 1004 quia
591 960 689 994 breui
717 960 978 994 celebrabimus
1005 958 1282 998 Bacchanalia',
1317 960 1352 993 in
1380 959 1509 1002 quibus
1542 958 1696 992 libenter
1721 969 1855 992 connes-

79 1025 220 1048 samur:
249 1013 316 1047 Job
343 1017 462 1047 autem
491 1025 600 1047 verus
627 1014 800 1057 magister
826 1014 905 1052 erit,
932 1013 1102 1047 docturus
1130 1024 1211 1046 cum
1237 1012 1313 1047 suis
1339 1012 1473 1052 liberis,
1503 1012 1679 1056 quomodo
1706 1023 1771 1046 nos
1798 1011 1855 1045 de-

78 1067 227 1102 beamus
254 1067 289 1100 in
316 1067 494 1112 conuiuijs
521 1079 666 1110 gerere:
694 1067 800 1112 paulo
827 1071 908 1111 post
934 1071 1106 1111 sequetur
1133 1066 1428 1110 Quadragesima‚
1467 1070 1503 1100 et
1530 1066 1604 1100 illic
1631 1066 1761 1099 iterum
1786 1065 1855 1099 Job

80 1120 149 1154 erit
174 1121 288 1154 bonus
320 1121 546 1165 praedicator
572 1120 703 1154 docens
738 1120 927 1154 humiliare
954 1132 1018 1153 nos
1045 1131 1163 1154 coram
1192 1120 1275 1156 Deo.
1312 1119 1477 1162 affligere
1505 1130 1646 1164 corpus.
1666 1146 1673 1153 .
1694 1146 1701 1153 .
1721 1146 1729 1153 .
1769 1117 1856 1159 Quis

80 1185 165 1217 ergo
191 1177 364 1217 grauetur
383 1185 489 1207 vnani
517 1173 641 1208 horam
669 1174 870 1218 expendere
896 1174 940 1208 ad
967 1173 1075 1207 talem
1103 1173 1289 1207 historiam
1316 1173 1541 1211 audiendam,
1569 1174 1676 1206 immo
1703 1171 1857 1206 mundns

80 1239 149 1261 non
177 1230 298 1272 potest
323 1231 396 1260 tani
425 1227 613 1271 pulchrum
641 1231 677 1261 et
703 1227 936 1261 honorificum
956 1227 1061 1261 edere
1081 1226 1341 1271 spectaculum,
1368 1225 1462 1260 sicut
1483 1226 1551 1259 Job
1580 1225 1670 1259 bene
1696 1224 1855 1259 conside-

81 1286 194 1315 ratus.
214 1308 221 1315 .
241 1308 248 1315 .
269 1308 276 1315 .
314 1280 447 1314 Breuid
483 1282 551 1314 erit
576 1281 824 1325 spectaculum
852 1281 886 1314 in
915 1292 984 1324 quo
1019 1285 1232 1314 concurrent
1267 1291 1390 1313 omnes
1417 1279 1461 1313 ad
1488 1279 1680 1313 uidendum
1709 1290 1769 1312 eos
1796 1278 1857 1322 qui

80 1346 214 1369 rennen
240 1333 425 1368 schiessen
451 1334 599 1368 stechen
626 1334 698 1368 und
725 1335 905 1368 tornieren
933 1351 940 1359 ·
964 1333 1019 1378 jre
1046 1332 1198 1378 gauchel
1224 1334 1293 1377 spil
1320 1333 1469 1367 trieben.
1491 1359 1499 1366 .
1519 1360 1526 1367 .
1548 1332 1582 1367 ,²
1633 1332 1731 1366 Haec
1766 1332 1857 1366 satis

80 1391 122 1422 vt
148 1388 252 1422 credo
280 1388 323 1422 ad
351 1388 597 1422 excusandum
624 1399 680 1421 ine
699 1388 791 1431 quod
819 1387 1039 1432 susceperim
1065 1387 1157 1421 hanc
1183 1386 1371 1421 historiam
1399 1386 1648 1431 explicandam
1676 1386 1742 1420 hoc
1769 1389 1856 1420 tem-

81 1442 186 1487 p01·e¹‘
219 1442 279 1484 (ex
306 1443 580 1481 commentari03
610 1441 695 1475 Can.
717 1441 763 1475 22
790 1441 813 1475 f.
835 1441 910 1484 43).

201 1508 298 1550 Jam
334 1507 556 1550 contiones
588 1507 710 1562 ipsae
740 1521 803 1557 ea,
839 1521 966 1560 quam
989 1520 1121 1562 supra
1146 1521 1186 1561 p.
1210 1508 1294 1549 612
1318 1506 1420 1557 dixi,
1455 1506 1624 1549 ratione
1656 1519 1856 1548 recense-

82 1573 258 1616 buntur.

207 1649 349 1692 „Prima
368 1649 490 1683 concio
509 1649 544 1683 in
560 1649 638 1683 Job.
675 1649 747 1690 „De
762 1648 852 1683 libro
867 1652 903 1683 et
921 1649 998 1683 eius
1016 1649 1160 1683 autore‘
1182 1648 1284 1691 (Can.
1297 1648 1343 1682 22
1361 1648 1384 1682 f.
1397 1648 1458 1688 43;
1481 1649 1525 1683 cf.
1543 1648 1628 1683 Can.
1644 1647 1685 1682 31
1704 1648 1728 1682 f.
1743 1648 1856 1691 15812).

85 1702 211 1737 Contio
237 1702 360 1737 habita
391 1714 471 1737 esse
498 1702 641 1736 videtur
668 1704 699 1737 7.
720 1703 905 1737 Februarii
935 1702 1035 1742 1574,
1072 1714 1163 1746 quae
1191 1708 1270 1736 erat
1295 1701 1481 1736 Dominica
1508 1703 1543 1736 in
1571 1701 1856 1746 Septuagesima.

209 1756 249 1798 Ἰ2
277 1756 436 1792 Conti0“.
480 1756 625 1790 Librum
652 1756 719 1790 Job
747 1769 815 1790 non
843 1767 922 1790 esse
952 1755 1214 1801 „pa1·abolam“,
1241 1755 1303 1790 sed
1328 1766 1470 1797 „ueram
1497 1755 1719 1789 historiam‘.
1767 1754 1857 1796 „Ex-

83 1809 280 1854 pendamus
316 1814 470 1855 quatuor
505 1812 659 1846 uirtutes
686 1811 728 1844 de
755 1809 824 1843 Job
859 1809 973 1854 primo
1008 1809 1085 1843 loco
1120 1809 1258 1854 positas
1284 1812 1320 1843 et
1345 1808 1398 1842 illi
1425 1820 1593 1851 magnam
1628 1808 1770 1842 laudem
1798 1809 1858 1842 tri-

83 1864 255 1898 buentes“
287 1864 365 1906 (lob
396 1865 424 1906 1,
453 1866 491 1905 1;
529 1865 616 1899 Can.
643 1864 688 1898 22
715 1864 739 1897 f.
766 1864 956 1903 442—46b;
995 1864 1039 1897 cf.
1069 1863 1154 1897 Can.
1181 1863 1223 1897 31
1259 1862 1283 1897 f.
1307 1863 1420 1906 159b).
1474 1861 1600 1896 Contio
1626 1861 1751 1895 habita
1778 1872 1859 1895 esse

84 1917 228 1951 videtur
257 1918 310 1951 14.
337 1917 536 1958 Februarii,
563 1930 655 1962 quae
682 1922 760 1951 erat
786 1916 974 1951 Dominica
999 1917 1035 1950 in
1062 1915 1309 1959 Sexagesima.

203 1971 243 2005 In
270 1972 332 2005 Iob
359 1972 388 2011 1,
417 1972 520 2006 2-5.
570 1971 802 2014 „Doctrinae“
833 1982 896 2015 pro
922 1970 1106 2009 divitibus,
1134 1982 1196 2014 pro
1224 1969 1433 2014 parentibus
1460 1972 1527 2003 etc.
1577 1969 1644 2003 Job
1675 1980 1764 2011 „non
1791 1969 1862 2003 fuit

84 2024 222 2068 rigidus
248 2026 284 2058 et
309 2027 476 2058 austerus
503 2036 589 2068 erga
616 2024 708 2059 filios
735 2027 847 2069 pater,
873 2024 936 2058 sed
962 2023 1054 2057 lenis
1072 2026 1108 2057 et
1130 2023 1317 2066 benignus,
1343 2022 1556 2067 permittens
1575 2021 1646 2055 illis
1672 2022 1860 2056 honestam

84 2077 353 2118 recreationem,
381 2078 426 2112 ad
452 2078 587 2112 maiora
613 2078 837 2112 incommoda
863 2077 987 2121 utique
1006 2076 1208 2111 deuitanda.
1247 2075 1325 2110 Non
1353 2075 1517 2121 prohibet
1543 2079 1584 2109 ut
1609 2075 1758 2109 iuuenes
1780 2086 1860 2109 con-

84 2131 242 2171 ueniant,
270 2134 306 2165 et
331 2131 366 2165 in
393 2143 517 2166 mensa
543 2143 651 2177 saepe
669 2131 742 2166 sint
767 2131 852 2164 laeti
880 2131 973 2164 inter
998 2141 1075 2164 se..
1097 2157 1129 2164 ..
1168 2129 1312 2164 Sciebat
1337 2129 1431 2163 enim
1458 2129 1713 2174 proprietatem
1740 2129 1861 2162 iuuen-

85 2186 175 2220 tutis
201 2196 291 2225 esse,
327 2188 368 2219 ut
393 2188 522 2229 querat
553 2188 590 2219 et
615 2188 711 2219 amet
737 2185 894 2228 aliquam
921 2184 1178 2218 recreationem
1206 2186 1242 2217 et
1267 2183 1421 2218 letitiam
1448 2187 1647 2222 externam,
1682 2183 1752 2216 imo
1779 2185 1864 2225 eget

87 2238 148 2272 illa
173 2241 214 2272 ut
239 2241 365 2283 postea
391 2240 526 2273 rectius
552 2239 695 2273 obediat
721 2242 757 2273 et
782 2239 920 2272 seruiat
939 2237 1012 2271 Deo
1038 2237 1074 2271 in
1100 2236 1314 2282 spiritualib.
1335 2262 1344 2271 .
1364 2264 1371 2270 .
1391 2263 1398 2270 .
1426 2235 1580 2269 Lucrum
1601 2238 1656 2269 est
1681 2235 1861 2269 iuuentuti

86 2292 220 2336 aliquid
247 2292 412 2326 relaxare
439 2293 473 2326 in
500 2292 660 2326 leuiorib.
689 2297 728 2326 ut
755 2295 879 2337 postea
897 2291 970 2325 sint
996 2291 1196 2335 paratiores
1222 2294 1258 2325 et
1283 2289 1515 2335 procliuiores
1541 2289 1585 2323 ad
1612 2300 1744 2333 magna
1768 2288 1864 2323 sicut

87 2345 130 2379 ad
149 2346 302 2387 litteras,
321 2346 528 2385 orationem,
546 2346 730 2386 uirtutem,
750 2346 1017 2390 poenitentiam.
1047 2345 1146 2378 Haec
1165 2346 1291 2378 notent
1307 2346 1431 2388 patres
1449 2342 1622 2381 crudeles,
1641 2341 1858 2376 indiscreti.“

91 2399 292 2442 „Quomodo
318 2400 433 2433 seruit
457 2399 559 2433 nobis
586 2399 643 2433 hic
669 2400 769 2433 locus
795 2400 839 2433 ad
866 2401 1008 2444 tempus
1041 2409 1223 2443 praesens,
1250 2400 1292 2431 vt
1315 2397 1384 2430 rite
1411 2401 1446 2430 et
1473 2395 1677 2431 Christiane
1703 2395 1863 2429 Baccha-

88 2453 183 2487 nalia
209 2452 483 2487 celebrentur⁸?⁴‘
525 2452 651 2487 Contio
678 2453 788 2496 igitur
807 2452 930 2487 habita
949 2455 1005 2486 est
1022 2451 1209 2486 Dominica
1227 2451 1261 2484 in
1281 2449 1600 2494 Quinquagesima‚
1626 2449 1706 2484 sive
1724 2449 1781 2483 21.
1800 2448 1862 2482 Fe-

87 2506 219 2540 bruarii
249 2505 352 2549 (Can.
380 2505 425 2540 22
451 2506 476 2541 f.
501 2506 706 2549 46b—52b).

212 2559 276 2602 „Jn
304 2559 422 2605 capite
448 2559 592 2604 ieiunij¹⁶
621 2560 701 2594 sive
736 2559 792 2593 die
820 2559 988 2593 Cinerum
1017 2559 1089 2602 (24.
1108 2558 1323 2601 Februarii).
1372 2556 1423 2591 De
1450 2567 1554 2591 sacra
1580 2555 1864 2599 Quadragesima

88 2616 125 2648 et
150 2613 193 2647 de
219 2614 289 2647 Job
317 2614 347 2652 1,
374 2613 394 2647 6
422 2612 461 2657 (l.
481 2625 510 2647 c.
538 2613 562 2647 f.
587 2613 788 2655 52¹·-55-).

213 2665 418 2708 „Dominica
445 2667 461 2700 1
491 2665 794 2710 Quadragesime“
827 2665 899 2709 (28.
918 2665 1132 2707 Februarii).
1176 2664 1215 2697 In
1242 2664 1303 2697 Iob
1332 2663 1362 2703 1,
1389 2663 1410 2697 6
1440 2662 1478 2706 (l.
1497 2675 1528 2697 c.
1556 2662 1580 2698 f.
1599 2661 1799 2706 ὅδ’-ὅδ’).

212 2720 274 2762 ,D.
301 2720 334 2754 2.
361 2718 685 2763 Quadragesimae“
717 2720 765 2761 (7.
785 2719 936 2762 Martii).
980 2719 1020 2753 In
1047 2719 1108 2753 Iob
1137 2718 1166 2757 1,
1194 2717 1310 2751 7—12
1339 2716 1377 2759 (l.
1397 2727 1427 2751 c.
1454 2716 1480 2751 f.
1499 2715 1699 2759 562—582).

214 2773 281 2816 „Jn
308 2773 329 2807 3
355 2772 542 2807 Dominica
568 2772 677 2814 Qua.“
709 2773 781 2816 (14.
803 2773 955 2814 Martii).
998 2773 1037 2806 In
1065 2772 1127 2805 Iob
1156 2771 1185 2810 l,
1215 2770 1257 2804 12
1285 2769 1325 2812 (l.
1345 2781 1374 2804 c.
1401 2770 1426 2804 f.
1446 2768 1648 2812 588—59b).

215 2826 420 2869 „Dominica
444 2826 616 2861 Laetare“
645 2826 724 2860 sive
750 2825 811 2860 IV.
839 2824 970 2866 Quadr.
1000 2826 1072 2869 (21.
1099 2823 1252 2867 Martii).
1303 2822 1447 2857 Solatur
1477 2826 1514 2857 et
1547 2822 1672 2856 laudat
1697 2833 1768 2864 eos,
1805 2823 1864 2866 qui

91 2881 135 2915 ad
161 2880 195 2914 id
222 2891 337 2924 usque
362 2882 506 2924 tempus
531 2880 566 2913 in
592 2879 783 2913 ieiunando
809 2881 1146 2924 perseveraverunt.
1197 2876 1429 2922 ,specialiter
1455 2880 1577 2910 autem
1603 2876 1757 2910 monitos
1783 2875 1865 2909 uolo

93 2937 214 2979 patres
240 2936 277 2968 et
301 2936 436 2967 matres
461 2933 618 2968 familias
645 2936 680 2967 et
706 2944 840 2973 omnes,
872 2933 932 2976 qui
958 2932 1047 2966 alios
1073 2931 1208 2965 habent
1232 2941 1358 2974 regere
1383 2929 1556 2971 subditos,
1584 2932 1624 2963 ut
1648 2929 1865 2974 tempestiue

211 3018 239 3042 al
262 3018 322 3041 Hoc
344 3025 366 3041 v.
381 3020 405 3041 et
426 3018 442 3041 4
461 3024 518 3048 sqq.
533 3025 549 3040 α
567 3018 595 3040 Γ.
616 3016 679 3047 ipso
699 3016 801 3040 additu
823 3019 890 3040 sunt
972 3013 1002 3043 b)
1024 3015 1083 3039 Hoc
1104 3024 1127 3039 r.
1142 3017 1167 3038 et
1188 3021 1260 3045 quae
1280 3015 1454 3044 sequuntur,
1476 3019 1565 3044 usque
1584 3012 1622 3036 ad
1642 3009 1742 3036 audiri
1761 3011 1867 3044 potest

95 3059 168 3089 incl„
188 3067 205 3083 a
227 3060 256 3083 C.
278 3059 307 3083 in
329 3059 460 3089 maryine
481 3058 585 3082 addita
605 3061 681 3082 sunt.
764 3060 790 3086 c)
811 3058 876 3082 Duo
898 3064 1011 3088 1·1.sqq.
1031 3064 1049 3080 α
1071 3057 1098 3081 C.
1119 3063 1212 3086 supra
1234 3062 1350 3079 versum
1369 3053 1481 3084 scripta
1501 3056 1578 3079 sunt.
1663 3051 1692 3083 d)
1713 3054 1774 3078 Hoc
1794 3061 1818 3078 v.
1838 3056 1866 3078 et

93 3108 166 3132 quae
186 3103 357 3131 sequuntur,
376 3107 465 3131 usque
485 3099 524 3124 ad
545 3097 664 3124 trieben
686 3099 762 3128 incl„
782 3107 799 3123 α
821 3100 892 3124 Can.
913 3099 974 3129 ipso
994 3097 1096 3122 addita
1116 3099 1195 3120 sunt.

219 3195 226 3214 ¹
253 3194 353 3229 Haec
379 3194 502 3227 futura
528 3196 632 3227 erant
656 3192 819 3227 21.—23.
839 3191 1036 3226 Februarii.
1160 3190 1173 3210 ²
1199 3188 1252 3224 Cf.
1279 3200 1388 3234 supra
1415 3200 1447 3234 p.
1478 3188 1558 3223 691.

1515 3247 1586 3282 45*
