2062 3443
681 149 869 184 Monac-hio
896 161 942 183 m.
962 149 1128 182 Ianuario
1157 148 1257 182 1579.
1764 149 1848 190 489

82 271 378 313 ()l1›zaec‹=e}esetiz.
423 274 457 310 et
499 269 573 310 leoc
616 283 775 323 quoque
808 268 1027 309 consilium
1058 265 1194 318 fuisse
1229 271 1431 306 mutatum
1467 281 1516 307 er
1550 266 1852 318 informatione

78 335 187 388 forte
222 339 363 376 nostra
398 339 468 376 etc.
506 339 574 375 ete.

200 415 286 449 Cum
332 414 399 448 hac
436 415 590 459 epistula
627 414 797 447 Hoffaeus
840 412 932 447 hanc
970 411 1191 456 *epistulam
1234 411 1410 455 (autogr.;
1454 412 1573 445 Germ.
1612 411 1677 445 156
1705 410 1728 444 f.
1753 410 1851 453 245).

80 467 301 502 Landishuto
330 469 384 502 18.
405 467 561 501 Ianuarii
592 467 682 501 1579
709 478 729 500 a
755 468 923 509 Menyino
949 465 992 499 ad
1020 476 1059 499 se
1086 465 1206 498 datam
1234 465 1352 499 misit:

508 538 708 572 Admodum
737 537 944 571 Reuerende
972 536 1092 570 Pater.
1144 535 1221 568 Pax
1250 535 1395 569 Christi.

198 597 321 631 Voluit
359 597 618 632 Serenissimus
653 597 726 631 dux
762 596 988 630 Guilhelmus
1025 598 1064 629 ut
1099 606 1220 629 secum
1260 595 1348 628 irem
1387 595 1422 628 in
1458 593 1602 638 Oeting.
1640 594 1732 637 quod
1772 605 1851 627 cum

78 650 338 693 significassem
376 651 473 684 Patri
500 650 719 695 Vicerectorj
747 650 790 684 ad
818 661 873 683 me
900 649 1047 694 scripsit
1072 648 1163 682 hanc
1191 647 1399 682 schedulam
1420 659 1525 691 quam
1553 647 1650 681 hisco
1677 647 1851 681 inclusam

79 704 183 737 mitto
209 704 252 738 ad
280 704 320 738 R.
340 703 507 738 Vestram
526 707 545 738 ¹.
599 704 704 738 Certe
739 715 854 747 neque
881 704 911 736 is
937 714 975 736 se
1009 702 1095 736 mihi
1123 702 1276 735 amicum
1306 713 1421 745 neque
1448 700 1658 735 beneuolum
1686 701 1853 739 ostendit,

79 761 204 791 contra
231 757 527 801 Expectationem
557 756 596 790 R..
618 756 769 790 Vestrae
796 757 857 790 sed
885 756 1114 801 imperiosum
1143 757 1179 789 et
1204 755 1354 789 nimium
1381 755 1436 788 sui
1468 754 1598 798 capitis
1634 754 1696 787 aut
1722 754 1854 798 impru-

79 810 267 844 dentiolae.
320 809 388 844 Sed
415 810 504 844 haec
530 809 616 844 nihil
645 810 689 844 ad
716 821 784 844 me.
836 809 916 844 Non
943 812 1064 843 cessat
1083 809 1250 843 Canisius
1277 808 1426 842 culicem
1455 807 1622 852 persequi
1649 807 1747 840 nullo
1774 819 1852 841 cum

78 863 212 898 honore
239 866 273 897 et
301 863 416 897 laude.
468 863 535 898 Sed
564 863 647 907 quid
676 863 820 897 tandem
847 866 993 908 propter
1020 862 1171 896 culicem
1185 864 1203 896 ἱ)
1254 862 1384 896 Tutius
1420 863 1517 895 esset
1542 871 1582 894 se
1618 872 1792 905 occupare
1819 861 1853 893 in

78 916 200 962 iudicij
228 919 263 950 et
289 917 416 951 mortis
442 918 703 961 occupationea
729 915 776 961 [2³]
813 928 856 951 ne
883 916 972 950 alios
1007 916 1178 957 docendo,
1215 927 1280 948 nos
1308 915 1405 959 ipsos
1441 918 1554 948 morte
1581 914 1709 957 dignos
1744 913 1854 957 negli-

79 981 216 1014 gamus,
255 969 447 1014 aliquando
474 972 598 1004 nostra
633 970 840 1013 ignoramus
866 970 1014 1004 nimium
1042 969 1207 1014 occupati
1243 968 1332 1002 alios
1369 967 1595 1002 diiudicando
1630 967 1696 1002 sub
1734 968 1855 1012 specie

78 1024 178 1058 recti.
230 1023 286 1058 Sic
314 1035 394 1058 cum
421 1024 545 1058 multis
571 1024 781 1067 frequenter
806 1023 1012 1057 factitatum
1031 1034 1111 1057 esse
1138 1023 1313 1056 uidemus.
1366 1021 1709 1065 Vnusquisque
1735 1023 1853 1055 autem

79 1088 194 1111 onus
221 1088 350 1111 suum
379 1077 635 1122 portabit&
663 1088 743 1111 cum
770 1089 839 1111 non
865 1077 914 1111 sit
939 1079 1127 1121 respectus
1164 1086 1396 1121 personarum
1425 1073 1519 1118 apud
1551 1074 1660 1108 Deum
1677 1076 1699 1107 ³.
1752 1074 1856 1108 Nunc

78 1130 331 1165 Franciscum⁴
368 1130 427 1164 hic
461 1130 575 1165 habeo
610 1133 724 1165 totum
761 1130 969 1174 languidum
998 1134 1033 1164 et
1059 1130 1252 1171 infirmum,
1289 1129 1397 1163 etiam
1425 1130 1478 1162 tot
1503 1127 1638 1161 lanceis
1673 1131 1781 1162 antea
1807 1129 1854 1162 ia·

79 1183 248 1218 culatum.
300 1183 466 1218 Viuimus
503 1187 542 1218 ut
576 1195 778 1229 possumus,
813 1185 842 1218 si
878 1195 947 1217 non
984 1186 1024 1217 ut
1058 1183 1236 1217 uolumus.
1288 1183 1402 1216 Deum
1441 1191 1487 1215 ex
1522 1182 1639 1215 animo
1667 1193 1792 1225 precor
1817 1185 1856 1215 ut

79 1237 179 1272 breui
205 1237 304 1271 hisce
330 1237 485 1271 miseriis
511 1238 617 1271 finem
645 1237 816 1281 imponat,
855 1238 898 1271 ad
935 1237 1090 1271 salutem
1126 1237 1266 1270 animae
1293 1235 1465 1269 nostraeb
1500 1237 1535 1268 et
1570 1234 1854 1269 aedificationem

78 1291 190 1324 totius
216 1291 395 1325 bauai-iae.
448 1290 593 1325 Vtinam
623 1291 662 1325 R.
686 1290 725 1324 V.
746 1302 805 1325 cor
832 1302 947 1324 menni
975 1291 1126 1330 uideret,
1153 1290 1227 1324 scio
1254 1289 1348 1332 quod
1376 1300 1421 1322 ex
1447 1287 1565 1321 animo
1590 1287 1742 1331 lugeret,
1769 1288 1855 1322 illud

77 1344 222 1377 tandem
250 1355 290 1378 eo
309 1344 494 1378 redactum
514 1355 603 1384 esse,
630 1343 673 1377 de
692 1355 762 1388 quo
787 1355 983 1387 numquam
1002 1343 1200 1386 cogitatum
1228 1342 1308 1383 fuit,
1334 1353 1451 1385 neque
1470 1340 1618 1374 meliora
1637 1353 1699 1385 per
1717 1344 1854 1375 tantam

78 1397 151 1430 uim
178 1396 299 1442 et⁰[*?]
327 1399 518 1442 expectare
555 1408 700 1441 possum
735 1396 869 1431 multas
903 1397 946 1430 ob
973 1408 1114 1431 causas.
1167 1396 1298 1431 Credat
1324 1395 1411 1429 mihi
1438 1393 1478 1427 R.
1500 1393 1633 1427 Vestra
1659 1394 1752 1437 quod
1787 1406 1855 1428 non

80 1450 199 1484 onmia
223 1451 303 1489 scit,
331 1462 423 1494 quae
448 1450 536 1484 mihi
563 1451 802 1494 contigerunt,
830 1455 865 1484 et
891 1450 1015 1484 maiori
1042 1462 1087 1484 ex
1105 1451 1208 1495 parte
1235 1461 1298 1494 per
1324 1449 1364 1483 P.
1385 1447 1566 1482 Canisium
1594 1459 1674 1481 cum
1694 1448 1858 1492 pauculis

79 1502 170 1543 aliis,
197 1503 257 1548 quj
285 1506 408 1538 tamen
435 1504 469 1537 in
496 1515 535 1537 re
561 1515 630 1538 non
655 1503 746 1538 satis
772 1504 874 1546 bona,
902 1504 1060 1547 gaudere
1086 1504 1265 1537 uidentur.
1317 1502 1462 1537 Judicet
1487 1500 1580 1534 inter
1610 1512 1666 1534 me
1693 1504 1728 1534 et
1755 1501 1858 1536 illos⁵

79 1555 306 1590 Dominus
332 1556 478 1597 Deus,
507 1557 567 1601 qui
594 1558 753 1591 iustus
788 1557 954 1591 iudex⁶
981 1559 1046 1591 est.
1098 1556 1139 1590 In
1165 1557 1263 1591 hisce
1290 1555 1403 1590 tantis
1428 1556 1577 1597 tamque
1604 1554 1727 1588 multis
1764 1555 1855 1589 cala-

80 1609 277 1650 mitatibus,
304 1610 438 1654 aliquid
451 1611 466 1631 *¹
481 1610 528 1655 [2³]
556 1610 641 1644 nihil
671 1613 752 1655 peto
779 1622 799 1645 a
825 1610 866 1644 R.
885 1610 1029 1652 Vestra,
1056 1610 1126 1644 nisi
1153 1613 1191 1644 ut
1217 1621 1287 1644 non
1315 1620 1418 1643 suam
1444 1607 1726 1641 misericordiam
1753 1620 1774 1642 a
1801 1620 1858 1642 me

81 1663 232 1704 auferat,
260 1663 319 1697 vel
345 1667 385 1696 ut
410 1663 524 1697 Deum
554 1675 618 1708 pro
643 1675 700 1698 me
727 1667 814 1706 oret,
841 1666 881 1698 ut
906 1663 1006 1708 breuj
1035 1675 1081 1697 ex
1106 1663 1174 1698 hac
1211 1663 1286 1697 uita
1311 1674 1368 1696 me
1395 1661 1547 1700 auferat,
1583 1661 1669 1704 quia
1695 1664 1857 1696 coarctor

79 1716 230 1750 nimium
247 1717 268 1757 ⁷,
305 1719 341 1750 et
372 1717 471 1750 nulla
506 1717 593 1750 mihi
628 1728 712 1761 spes
747 1719 813 1751 est.
866 1716 1082 1750 Commendo
1118 1729 1174 1750 me
1210 1716 1394 1751 humiliter
1430 1713 1596 1759 precibus
1624 1714 1664 1749 R.
1695 1714 1858 1753 Vestrae,

80 1781 187 1814 quam
213 1781 300 1813 rogo
326 1774 367 1804 ut
391 1770 459 1804 sibi
487 1774 623 1811 caueat,
651 1782 695 1804 ne
721 1771 829 1805 etiam
857 1771 1057 1816 decipiatur
1083 1782 1104 1804 a
1130 1771 1169 1805 P.
1190 1770 1345 1811 Canisio,
1382 1769 1443 1812 qui
1469 1778 1553 1800 uere
1580 1767 1771 1812 plusquam
1798 1781 1857 1803 ex-

79 1823 231 1866 cogitari
257 1826 376 1868 potest
402 1824 578 1858 mirabilis
604 1828 671 1858 est.
723 1824 875 1859 Caetera
902 1827 1111 1869 pertranseo
1124 1831 1146 1858 θ.
1198 1825 1323 1868 Neque
1350 1834 1443 1857 enim
1473 1820 1607 1861 dubito,
1643 1823 1729 1866 quin
1757 1823 1856 1857 breui

79 1877 214 1920 aliquid
250 1877 384 1911 sentire
421 1877 549 1912 debeat
583 1877 863 1912 Jllustrissimus
896 1877 1135 1920 Guilhelmus,
1171 1878 1232 1922 qui
1267 1878 1357 1911 satis
1393 1888 1509 1922 capax
1546 1878 1602 1910 est
1635 1876 1785 1911 rationis
1821 1879 1859 1909 et

78 1929 350 1974 intelligentiae.
404 1930 631 1965 Lanshoutae
659 1932 726 1966 .18.
747 1931 902 1966 Januar:

912 1984 954 2019 V.
975 1984 1017 2018 R..

1439 2043 1568 2067 seruus

1270 2085 1479 2120 Dominicus
1505 2085 1728 2129 menginus.f

200 2149 279 2183 Una
306 2160 387 2183 cum
421 2149 478 2183 his
512 2149 646 2184 litteris
673 2149 845 2185 Hoffaeus
879 2150 1101 2194 Ingolstadio
1138 2151 1181 2184 ad
1209 2151 1475 2185 Mercurianum
1503 2151 1600 2185 misit
1635 2149 1856 2195 *epistulam

79 2202 302 2237 Landishuto
328 2203 384 2237 20.
403 2203 560 2237 Ianuarii
582 2204 672 2238 1579
691 2215 711 2237 a
732 2203 768 2238 P.
789 2205 978 2238 Dominico
998 2206 1165 2248 Menyino
1184 2205 1227 2238 ad
1249 2204 1283 2238 P.
1305 2205 1512 2250 Reynerum
1537 2204 1740 2238 Fabricium
1760 2203 1794 2238 S.
1812 2203 1857 2241 J..

79 2256 141 2300 qui
166 2258 252 2289 tunc
279 2256 460 2290 Monachii
478 2257 704 2297 versabatur,
731 2258 853 2291 datam
881 2257 1057 2301 (autogr.;
1087 2258 1103 2292 1
1134 2270 1186 2302 p.;
1215 2256 1335 2292 Germ.
1358 2258 1424 2292 156
1451 2259 1474 2292 f.
1494 2258 1600 2300 249);
1627 2268 1720 2302 quae
1737 2260 1856 2291 tamen

79 2309 244 2354 epistula,
272 2312 312 2343 ut
338 2310 510 2344 Hoffaeus
536 2310 651 2344 eidem
687 2322 752 2344 sua
778 2322 886 2344 manu
913 2311 1110 2350 adnotavit,
1146 2311 1307 2345 Fabricio
1334 2322 1354 2345 a
1381 2311 1596 2356 praepositis
1631 2310 1762 2344 tradita
1789 2322 1857 2344 non

80 2365 154 2403 est;
181 2362 274 2397 hanc
301 2362 367 2397 hoc
393 2363 470 2397 loco
496 2364 579 2408 poni
606 2366 765 2408 oportet;
802 2376 884 2398 nam
922 2377 966 2398 ex
1002 2376 1044 2398 ea
1079 2365 1188 2398 etiam
1215 2364 1357 2405 clarius,
1392 2376 1498 2408 quam
1535 2376 1581 2398 ex
1613 2363 1858 2408 superioribus

79 2416 224 2456 litteris,
251 2415 488 2460 intellegitur,
517 2416 602 2461 quid
630 2416 797 2451 Canisius
822 2418 917 2462 apud
944 2417 1176 2452 Guilielmum
1204 2417 1402 2462 principem
1430 2418 1472 2452 de
1490 2417 1660 2461 Mengino
1688 2417 1857 2459 effecerit,

82 2472 118 2504 et
144 2469 228 2514 quid
257 2481 298 2503 ea
324 2470 367 2503 de
394 2482 432 2504 re
458 2470 653 2513 Menginus
679 2471 835 2505 senserit
849 2472 871 2505 ⁸.
923 2470 980 2505 Sic
1007 2471 1129 2515 itaque
1157 2471 1370 2514 Menginus:

198 2552 226 2582 a)
247 2552 311 2582 ΞΜ,-
330 2553 458 2577 scribere
480 2553 603 2577 voluisse
626 2553 757 2577 «aletur.-
778 2551 989 2584 meditatione,
1011 2554 1053 2578 νεῖ
1068 2554 1182 2585 aliquid
1203 2554 1308 2579 simile.
1384 2552 1415 2584 b)
1439 2556 1584 2585 Quattuor
1599 2564 1639 2577 ι-ι.
1653 2562 1711 2584 sqq.
1727 2561 1745 2578 α
1760 2554 1857 2584 Meny.

80 2594 107 2618 in
130 2593 263 2624 maraine
283 2594 387 2618 addita
407 2597 483 2618 sunt.
577 2594 604 2626 c)
625 2595 691 2625 Sic,·
717 2595 959 2626 corriglendwnne
980 2595 1036 2620 etc.
1057 2598 1108 2619 aut
1130 2595 1247 2620 etiam?
1339 2594 1370 2625 (l)
1392 2596 1457 2625 Sic;
1482 2596 1610 2620 scribere
1633 2595 1752 2624 volebat,
1768 2598 1859 2626 puto:

79 2634 169 2660 aliud.
230 2636 258 2666 e)
279 2636 418 2667 Sequitur
438 2634 642 2666 Lanshoutae‚
663 2644 680 2660 ιι
697 2637 791 2667 Meny.
812 2636 1022 2662 oblitteratum.
1086 2636 1107 2669 f)
1131 2638 1164 2661 In
1187 2641 1266 2668 tergm
1285 2637 1374 2661 huius
1393 2637 1536 2668 epistulae
1560 2637 1701 2668 Hoffaeus
1720 2637 1840 2668 sci-ipsit
1854 2656 1859 2661 .

78 2675 215 2709 Epistola
234 2675 383 2701 Dominici
404 2676 441 2701 ad
461 2675 621 2702 Hotl'aeum
642 2676 765 2709 scripta.
1851 2667 1856 2672 ⁵

200 2778 209 2797 ¹
238 2777 338 2811 Haec
364 2778 501 2822 perisse
528 2779 682 2814 videtur.

199 2830 212 2850 ²
239 2829 317 2865 Gal.
337 2831 368 2868 6.
396 2831 428 2865 5.
577 2832 589 2851 ³
616 2832 670 2867 Cf.
690 2832 710 2866 2
738 2832 808 2867 Par
838 2833 890 2873 19,
919 2833 957 2873 73
986 2833 1055 2867 Act
1084 2833 1138 2870 10,
1166 2833 1227 2872 34;
1256 2832 1344 2867 Rom
1373 2833 1404 2873 2,
1435 2834 1496 2873 11;
1524 2832 1602 2878 Eph
1622 2834 1654 2874 6,
1681 2834 1701 2867 9
1729 2835 1798 2867 etc.

199 2885 211 2903 ⁴
237 2883 425 2918 Famulum
452 2884 647 2927 significari
675 2885 796 2929 colligi
824 2889 944 2931 potest
962 2898 1006 2920 ex
1034 2887 1207 2931 proximis
1226 2886 1387 2929 Mengini
1414 2886 1547 2920 litteris
1577 2886 1720 2929 („abest
1738 2886 1857 2927 Pater,

78 2936 286 2971 Dominicus
313 2948 393 2971 cum
420 2948 485 2972 suo
512 2939 702 2981 famulo“).
859 2941 872 2960 ⁵
900 2939 954 2973 Gn
984 2940 1037 2980 16,
1066 2941 1105 2979 5;
1137 2941 1151 2974 1
1182 2939 1238 2982 Rg
1265 2940 1321 2981 24,
1351 2940 1393 2974 13
1421 2940 1486 2978 16;
1514 2939 1571 2973 Idt
1598 2940 1628 2981 7,
1659 2940 1701 2974 13
1729 2942 1797 2974 etc.

200 2991 212 3010 ⁶
240 2990 287 3024 Ps
315 2991 345 3032 7,
373 2990 437 3031 12;
464 2992 485 3024 2
512 2991 619 3025 Mach
649 2992 702 3033 12,
729 2994 769 3030 5:
798 2992 820 3026 2
846 2993 925 3027 Tim
951 2994 984 3033 4,
1012 2993 1044 3027 8.
1216 2993 1228 3013 ἵ
1258 2992 1312 3026 Cf.
1332 2993 1352 3027 2
1380 2992 1436 3036 Rg
1462 2993 1518 3034 24,
1548 2993 1601 3028 14.

199 3043 212 3063 ⁸
239 3043 385 3077 Partem
412 3043 519 3078 huius
545 3045 724 3089 epistulae
750 3047 955 3090 germanice
982 3046 1094 3080 vertit
1113 3046 1231 3088 Duhr,
1258 3046 1332 3080 Jes.
1352 3057 1396 3080 an
1424 3046 1615 3081 Fiirstenh.
1637 3047 1722 3085 1173
1750 3057 1858 3090 quam

79 3107 110 3130 a.
132 3096 234 3137 1579,
260 3108 330 3130 non
359 3097 460 3138 1575,
497 3098 618 3132 datam
645 3110 725 3133 esse
751 3100 980 3142 cognoscitur
1011 3111 1055 3133 ex
1082 3099 1204 3133 ordine
1232 3098 1482 3143 chronologico
1508 3111 1628 3134 rerum
1655 3101 1748 3134 inter
1774 3099 1858 3135 Gui-

78 3148 250 3191 lielmum,
278 3150 471 3193 Canisium‚
498 3151 707 3195 Menginum
736 3155 802 3187 etc.
823 3155 1020 3197 gestarum.
