2062 3443
153 172 255 208 2035.
284 170 449 206 Canisius
475 169 658 204 Everardo
684 167 921 202 Mercuriano.
957 165 1145 200 Monachio
1172 165 1267 199 eirca
1291 165 1381 200 med.
1402 177 1445 199 m.
1468 165 1567 199 Febr.
1595 164 1696 199 1579.
1739 167 1825 207 495

58 291 102 330 et,
129 289 160 323 si
189 287 343 332 Principi
372 286 615 332 prodeundum
651 285 699 319 sit
726 284 897 329 quamdiu
934 294 1013 318 cum
1049 282 1109 316 illo
1146 282 1294 321 uersari,
1332 293 1482 325 quocum
1511 282 1651 320 comite,
1687 282 1722 314 et
1757 280 1827 314 alia

57 341 260 377 huiusmodi
288 340 505 374 Reuerentia
532 338 573 373 V.
600 341 749 375 statuet.
789 341 824 371 et
859 341 899 371 ut
925 348 1112 382 speramus
1139 339 1277 370 statuet
1304 348 1347 369 ex
1383 335 1549 369 instituto
1577 337 1611 368 et
1639 333 1829 378 disciplina

57 397 198 430 nostra“
231 394 292 437 (ex
319 405 460 433 comm.;
490 392 642 426 Rh.1nf.
665 393 693 431 1,
724 392 751 425 11
780 391 804 425 f.
825 391 915 433 261¹).

177 453 343 488 Canisius
370 452 596 486 Mercuriano
623 451 852 496 respondisse
879 449 1024 483 videtur
1050 452 1130 493 post
1157 448 1311 482 medium
1338 448 1497 493 Aprilem
1527 447 1628 481 1579.

59 563 219 600 2035.
299 560 516 597 CANlSlUS
546 556 926 595 EVERARI)0
955 557 1410 594 MERCTRIANO
1440 558 1644 603 praeposito
1671 557 1829 601 generali

248 616 439 651 societatis
467 616 558 649 Iesu.
834 612 1021 646 Monachio
1048 613 1144 646 circa
1170 613 1325 646 medium
1352 624 1396 646 m.
1416 611 1651 646 Februarium
1681 611 1782 645 1579.

179 690 241 731 De
263 690 342 730 hac
366 689 556 743 epistula,
591 701 696 742 quae
718 688 876 742 perisse
911 686 1086 738 ridetur,
1123 685 1214 726 vide
1243 687 1404 726 litteras
1428 685 1561 726 Roma
1585 686 1654 726 11.
1680 684 1833 725 Mem-tie·

60 757 174 798 1579
210 769 233 795 α
267 755 542 796 Meroen-iano
576 753 634 793 ad
669 752 888 794 Canisium
923 752 1061 804 (latas,
1108 751 1224 803 infra
1262 766 1300 792 η.
1324 752 1469 803 2038)·
1502 765 1580 804 per
1612 750 1690 790 lzas
1723 750 1831 790 enim

61 821 233 862 Canisio
267 821 335 861 ille
369 819 597 873 respondit.

180 901 297 935 Unum
334 899 446 933 addo:
486 898 735 932 Mercurianus
767 897 909 932 Canisio
941 896 1136 941 rescripsit,
1174 908 1252 930 eum
1280 897 1347 930 sibi
1384 899 1526 939 gratum
1564 896 1704 936 secisse,
1740 895 1832 939 quod

62 954 101 988 P.
129 953 357 988 Dominicum
393 952 622 996 Menginum,
663 951 922 986 confessarium
961 949 1141 984 Guilielmi
1176 951 1348 994 principis
1388 950 1564 984 Bavariae
1599 953 1636 983 et
1674 948 1835 982 Renatan

62 1007 187 1041 uxoris
223 1006 310 1046 eius,
350 1006 444 1048 „suis
471 1005 648 1039 coloribus
683 1005 969 1049 descripsisset“.
1022 1004 1119 1045 Quae
1155 1004 1348 1047 descriptio
1384 1015 1464 1037 cum
1500 1003 1665 1048 perierit,
1704 1002 1836 1035 iuverit

61 1060 212 1095 alteram
240 1059 298 1094 hic
325 1059 406 1103 poni
439 1058 727 1103 descriptionem,
756 1070 827 1102 qua
845 1057 1039 1100 Menginus
1066 1059 1142 1102 ipse
1168 1058 1244 1091 suis
1262 1069 1300 1091 se
1320 1056 1497 1090 coloribus
1524 1056 1642 1101 pinxit
1667 1058 1703 1089 et
1729 1055 1835 1089 simul

61 1113 221 1159 aperuit,
261 1112 346 1157 quid
389 1113 431 1146 de
468 1112 611 1146 Canisio
653 1112 823 1151 sentiret,
863 1113 899 1145 et
935 1122 1041 1155 quam
1077 1111 1223 1144 sinistre
1251 1122 1292 1144 ea
1327 1110 1517 1154 acciperet,
1554 1121 1645 1154 quae
1681 1109 1723 1143 de
1760 1110 1838 1153 ipso

60 1167 226 1202 Canisius
261 1177 342 1200 cum
370 1164 561 1200 Guilielmo
598 1165 757 1209 principe
793 1168 829 1199 et
866 1176 912 1198 m.
941 1164 1142 1208 Septembri
1173 1164 1262 1197 1578
1299 1163 1477 1197 Monachii
1514 1163 1752 1197 constituerat
1780 1163 1830 1203 (v.

62 1230 171 1264 supra
198 1232 230 1265 p.
248 1219 353 1260 458),
390 1222 425 1253 et
453 1230 498 1252 m.
518 1218 648 1252 Martio
676 1219 767 1252 1579
797 1217 1017 1258 Landishuti,
1055 1218 1199 1251 traditis
1226 1216 1418 1251 Guilielmo
1445 1217 1664 1251 Mercuri-ani
1700 1215 1832 1250 litteris

59 1275 92 1308 4.
111 1273 295 1308 Februarii
323 1272 418 1306 datis
446 1272 496 1314 (v.
515 1283 623 1316 supra
651 1283 683 1316 p.
703 1272 802 1315 494),
839 1271 1047 1306 conferebat
1081 1274 1189 1315 atque
1222 1271 1363 1314 agebat.
1416 1270 1474 1305 Sic
1510 1270 1622 1313 igitur
1648 1271 1839 1313 Menffl'nus

62 1327 230 1371 Frisinga
260 1327 313 1360 19.
334 1325 455 1360 Max-tii
486 1326 576 1359 1579
604 1325 642 1359 Ρ.
663 1325 776 1359 Paulo
803 1324 950 1358 Hoffaeo
977 1324 1190 1370 provinciali
1217 1324 1407 1368 *scripsit:

450 1395 585 1430 Jhesus
611 1396 813 1430 Admodum
841 1396 1051 1430 Reuerende
1078 1396 1122 1429 Jn
1152 1394 1295 1429 Christo
1323 1395 1443 1429 Pater.

181 1456 258 1489 Pax
284 1467 426 1500 semper
454 1455 598 1489 Christi.
651 1456 736 1489 Heri
764 1455 885 1500 accepi
913 1455 1037 1489 literas
1064 1454 1105 1489 R.
1125 1455 1290 1493 Vestrae,
1318 1465 1409 1499 quae
1430 1465 1555 1498 parum
1583 1452 1839 1487 consolationis

62 1509 150 1544 mihi
175 1508 388 1544 attulerunt.
440 1508 478 1543 P.
500 1509 666 1543 Canisius
692 1520 860 1543 romanas
895 1509 1045 1543 tradidit
1071 1508 1326 1543 Jllustrissimo
1355 1507 1569 1544 Guilhelmo.
1606 1518 1686 1540 cum
1714 1505 1840 1539 multis

61 1562 329 1599 commentariis
356 1565 392 1596 et
418 1562 590 1597 miseriis:
618 1574 708 1607 quas
734 1567 774 1597 ut
793 1563 1000 1606 effugerem,
1028 1562 1108 1596 illos
1127 1563 1377 1607 depugnantes
1394 1561 1534 1605 reliqui,
1561 1572 1689 1604 meque
1715 1560 1838 1594 statim

61 1617 195 1653 contuli
222 1617 450 1660 Frisingam:
484 1615 544 1660 vbj
573 1627 652 1650 cum
679 1628 793 1661 nuper
811 1627 939 1657 essem,
967 1618 1091 1650 contra
1117 1627 1174 1649 me
1201 1617 1309 1649 etiam
1336 1626 1482 1649 causam
1510 1614 1584 1657 egit
1605 1614 1642 1648 P.
1664 1613 1840 1652 Canisius,

61 1671 154 1716 apud
188 1670 464 1705 Jllustrissimos
505 1681 574 1703 non
610 1670 687 1703 sine
722 1681 802 1703 mea
837 1681 968 1713 magna
1000 1669 1129 1703 iniuria
1163 1672 1199 1702 et
1230 1669 1348 1702 famae
1383 1671 1479 1702 nota.
1531 1667 1600 1701 Sed
1636 1667 1695 1710 qui
1731 1666 1842 1700 toties

60 1725 196 1768 absque
223 1734 332 1758 causa
369 1723 574 1757 diffamatus
609 1726 676 1763 est,
713 1723 854 1767 cogitur
890 1724 1046 1757 frontem
1082 1723 1290 1767 perfricare.
1342 1722 1440 1756 Jllud
1476 1724 1615 1755 tantum
1650 1719 1839 1754 dolendum

60 1780 126 1818 est,
153 1777 247 1822 quod
280 1776 350 1821 ipsi
387 1780 422 1810 et
456 1777 595 1821 seipsos
631 1780 666 1810 et
701 1779 813 1811 totam
850 1777 1061 1811 societatem
1097 1776 1254 1809 maxime
1290 1776 1532 1809 diffamarunt.
1587 1773 1659 1807 Vix
1695 1773 1841 1808 credere

59 1834 182 1876 posset
209 1830 249 1864 R.
270 1830 403 1864 Vestra
429 1829 513 1874 quid
541 1842 610 1863 non
636 1830 722 1864 mali
748 1834 964 1875 spargatur:
1000 1830 1107 1874 idque
1142 1832 1256 1863 totum
1294 1829 1453 1874 procedit
1479 1840 1523 1862 ex
1558 1828 1702 1867 nostris,
1738 1838 1758 1860 a
1785 1838 1842 1860 me

60 1884 202 1919 omnino
239 1883 337 1924 nihil,
378 1883 591 1928 purgatione
626 1883 687 1928 ubj
725 1895 814 1928 opus
841 1886 896 1918 est
930 1887 1012 1918 utor
1047 1883 1089 1917 ad
1128 1882 1193 1916 Dei
1230 1883 1393 1926 gloriam.
1447 1882 1491 1916 Et
1518 1881 1606 1915 haec
1642 1884 1841 1918 transeant,

63 1938 258 1983 prudenter
285 1937 373 1971 facit
400 1937 440 1970 R.
461 1936 603 1976 Vestra,
639 1937 732 1980 quod
760 1949 829 1971 non
858 1937 1007 1970 multum
1034 1948 1074 1971 se
1111 1936 1347 1970 immiscuerit
1374 1936 1456 1970 huic
1484 1935 1656 1969 materiae
1688 1934 1841 1970 odiosae,

61 1991 123 2026 sed
151 2003 219 2025 non
254 1991 346 2025 satis
378 1990 574 2035 prudenter
601 1990 639 2024 P.
660 1990 834 2032 Canisius,
872 1991 964 2034 quod
1001 1990 1149 2024 nimium
1185 1997 1219 2024 et
1246 2001 1371 2035 parum
1408 1989 1581 2034 apposite,
1609 1989 1724 2022 fretus
1750 1987 1842 2021 bona

63 2045 283 2080 conscientia
324 2044 380 2087 (ut
410 2043 478 2086 ait)
514 2043 576 2077 sed
605 2055 673 2077 non
701 2044 825 2085 credo,
860 2045 930 2078 nisi
965 2043 1052 2078 mihi
1089 2055 1205 2077 meum
1234 2043 1404 2077 honorem
1440 2042 1650 2077 restituerit.
1702 2041 1770 2075 Sed
1798 2041 1840 2074 ad

67 2097 252 2143 paululum
280 2097 442 2131 laetiora.
493 2096 608 2130 Hodie
635 2108 714 2131 cum
751 2098 828 2142 ipse
863 2109 1003 2131 mecum
1031 2100 1165 2140 ageret,
1193 2108 1368 2140 suamque
1395 2096 1613 2140 legationem
1649 2094 1736 2129 mihi
1764 2106 1841 2139 pro-

66 2154 226 2196 poneret,
254 2163 334 2185 eum
361 2151 482 2194 quieto
509 2151 626 2183 animo
654 2150 786 2196 audiuj,
814 2152 1049 2194 suauiterque
1075 2150 1254 2195 respondj,
1290 2150 1374 2193 quia
1400 2150 1494 2193 quod
1520 2149 1676 2194 petebat,
1705 2149 1780 2193 ipse
1806 2147 1840 2181 in

64 2217 174 2239 causa
201 2204 270 2238 fuit
296 2205 389 2248 quod
417 2203 591 2238 hactenus
619 2216 689 2237 non
716 2203 892 2238 habuerit.
946 2205 1120 2248 Equidem
1158 2205 1250 2248 apud
1278 2203 1575 2238 Jllustrissimum
1611 2202 1806 2247 principem
1823 2203 1842 2239 ¹,

62 2258 105 2292 de
144 2257 243 2292 nullo
278 2257 372 2291 male
408 2256 551 2291 locutus
583 2268 674 2299 sum,
710 2259 850 2292 tantum
880 2257 931 2302 illj
960 2258 1003 2292 ad
1041 2257 1102 2291 illa
1130 2261 1263 2302 puncta
1291 2257 1470 2301 respondi,
1507 2267 1600 2300 quae
1635 2257 1759 2289 contra
1787 2266 1844 2287 me

62 2312 248 2356 proposita
275 2313 377 2345 erant
405 2322 426 2344 a
452 2310 491 2344 P.
512 2310 665 2352 Canisio,
694 2310 760 2345 Vel
787 2322 808 2344 a
834 2310 872 2344 P.
894 2311 1058 2351 Cen-010²,
1094 2310 1159 2344 Vel
1188 2322 1207 2344 a
1235 2310 1374 2344 misello
1403 2310 1440 2344 P.
1461 2310 1600 2343 Mari0³
1626 2312 1692 2342 etc.
1738 2307 1842 2342 Jdem

66 2365 185 2399 dicere
220 2375 366 2409 possum
403 2365 446 2398 de
473 2364 511 2397 2⁰
537 2366 670 2408 puncto
705 2364 794 2398 mihi
829 2366 1023 2410 proposito,
1059 2364 1230 2398 videlicet
1256 2366 1296 2397 ut
1322 2375 1391 2397 non
1422 2367 1496 2397 tam
1530 2363 1588 2396 diu
1616 2373 1779 2396 maneam
1808 2361 1841 2394 in

64 2418 158 2452 aula.
210 2417 392 2462 Siquidem
430 2429 499 2451 non
535 2417 654 2451 minus
692 2418 791 2451 illam
828 2418 1024 2452 etiamnum
1061 2418 1254 2459 abominor,
1291 2429 1398 2461 quam
1435 2420 1542 2451 antea
1578 2427 1721 2460 semper
1751 2414 1843 2448 feci·

61 2475 251 2516 propterea
287 2482 367 2505 cum
403 2471 533 2505 scirem
570 2474 676 2505 antea
712 2483 828 2505 meam
867 2475 1034 2506 naturam
1081 2472 1239 2506 actiuam
1273 2483 1373 2511 esse,
1418 2482 1535 2514 neque
1572 2481 1627 2503 me
1664 2468 1843 2503 continuis

64 2525 195 2558 studiis
221 2536 328 2569 posse
354 2524 533 2568 occupari,
561 2526 597 2558 et
622 2524 873 2560 melancholiis
899 2525 1049 2559 nimium
1076 2525 1251 2565 laborare,
1290 2523 1402 2569 petiuj
1429 2528 1469 2557 ut
1496 2523 1590 2568 apud
1618 2522 1846 2556 conuictores

62 2589 190 2619 essem,
217 2578 278 2613 vbi
304 2579 413 2612 etiam
441 2577 638 2611 maleuolas
664 2578 808 2621 linguas
835 2579 1056 2613 commodius
1082 2578 1266 2612 refrenare
1294 2578 1555 2622 potuissemus:
1592 2578 1629 2609 et
1664 2580 1760 2609 certe
1786 2574 1844 2608 hic

64 2643 153 2676 opus
180 2634 257 2665 erat
283 2631 580 2670 consideratione,
616 2631 807 2675 prudentia
843 2635 879 2666 et
913 2644 1045 2676 magno
1072 2631 1213 2669 iudicio,
1249 2632 1344 2675 quod
1370 2633 1491 2664 tamen
1527 2632 1634 2663 antea
1669 2629 1844 2672 ignoraui,

63 2685 148 2728 quia
172 2687 214 2718 ut
238 2684 349 2719 libere
368 2684 495 2725 dicam,
522 2684 687 2730 ignorauj
715 2686 857 2719 omnino
884 2697 940 2720 me
967 2697 1047 2720 esse
1073 2686 1229 2729 positum
1258 2685 1290 2718 in
1319 2686 1421 2718 tanta
1439 2683 1534 2728 apud
1554 2682 1717 2717 homines
1735 2681 1841 2716 subli-

65 2739 200 2778 mitate,
236 2749 344 2782 quam
381 2742 502 2772 tamen
538 2738 672 2773 habere
711 2738 830 2773 nolim.
888 2739 1105 2774 Concessum
1143 2741 1197 2772 est
1230 2737 1374 2772 tandem
1410 2740 1450 2770 ut
1488 2737 1581 2782 apud
1621 2735 1846 2770 conuictores

64 2791 248 2826 solitarius
275 2803 508 2833 remanerem,
535 2793 598 2826 sed
635 2803 743 2836 quam
778 2792 908 2827 misere
943 2796 1030 2826 tunc
1064 2794 1185 2826 actum
1211 2795 1268 2825 est
1293 2803 1444 2831 mecum,
1477 2793 1513 2824 et
1549 2801 1655 2834 quam
1690 2790 1846 2833 turpiter

188 2905 197 2924 ¹
225 2903 468 2938 Guilielmum.

186 2957 199 2976 ²
225 2957 264 2991 P.
295 2957 461 2991 Carolum
495 2956 651 3001 Leopold
686 2956 884 3000 significari
919 2959 1017 3002 puto,
1053 2956 1221 2991 Clusinae
1259 2955 1452 2999 (Klausen)
1490 2955 1525 2989 in
1562 2953 1673 2989 Tiroli
1708 2956 1845 2994 natum,

67 3010 138 3054 qui,
174 3022 253 3044 cum
292 3010 336 3043 42
373 3021 485 3044 annos
521 3010 556 3043 in
593 3010 772 3044 Societate
808 3010 972 3052 vixisset,
1010 3022 1040 3044 a.
1076 3010 1168 3044 1⁶:04
1203 3008 1384 3043 Monachii
1419 3011 1582 3043 mortuus
1617 3010 1674 3042 est
1709 3007 1844 3050 (Duhr,

67 3063 139 3098 Jes.
160 3063 173 3097 I
199 3063 288 3104 452;
318 3064 387 3097 Ad.
406 3064 524 3097 Flotto
543 3063 641 3103 S.·J.‚
669 3062 831 3098 Historia
851 3063 1062 3098 Provinciae
1082 3062 1274 3098 Societatis
1291 3062 1379 3097 Jesu
1399 3061 1614 3096 Germaniae
1633 3059 1845 3106 Superioris,

68 3116 158 3151 Pars
185 3117 304 3156 tertia,
332 3118 521 3160 Augustae
549 3115 816 3151 vindelicorum
846 3117 948 3157 1734,
976 3129 1008 3151 n.
1028 3117 1127 3160 417).

189 3171 202 3190 ³
227 3169 404 3204 Michaele
431 3169 554 3211 Mario,
581 3169 827 3204 convictorum
854 3169 1122 3204 monacensium
1149 3171 1318 3212 regente;
1344 3180 1379 3203 v.
1407 3179 1518 3213 supra
1545 3179 1578 3213 p.
1597 3168 1678 3202 491.
