2051 3433
157 196 237 237 104
568 193 667 228 1827.
696 193 862 228 Canisius
889 194 1099 239 Praeposito
1125 194 1284 238 generali
1311 194 1387 229 Soc.
1406 194 1497 229 Iesu.

151 314 327 354 ridurre
360 314 391 354 li
422 313 592 354 heretici
625 313 667 354 al
696 313 864 367 yrembo
898 314 1008 356 della
1041 319 1165 355 santa
1202 314 1299 355 sede
1331 316 1424 355 ete.“
1485 314 1541 356 Et
1568 315 1617 356 P.
1642 314 1920 358 Hermannus

156 378 374 433 Tligsraeus
414 379 688 433 provincialis
728 378 948 420 rhenanus
988 379 1208 433 Moyuntia
1251 381 1290 421 8.
1317 379 1547 421 Februarii
1586 381 1699 422 1573
1737 380 1920 422 Polanco

150 444 342 498 scripsit:
380 445 524 496 „Scire
548 443 769 484 desideras
792 444 843 485 R.
869 443 918 487 P.
943 457 1021 498 quo
1044 445 1089 485 in
1114 448 1225 485 statu
1247 445 1332 485 sint
1356 458 1420 485 res
1447 445 1672 486 catholicae
1705 446 1922 500 reliqionis

151 510 195 550 in
229 509 487 550 Germania:
529 513 566 550 et
607 523 689 563 (lua
733 509 895 550 ratione
932 510 1176 563 promoueri
1212 511 1420 563 possinffl‘.
1483 510 1539 551 Et
1571 510 1620 552 P.
1655 510 1918 552 Balduinum

150 574 202 614 ab
236 575 393 629 Anqelo
429 574 729 628 provincialem
764 574 1023 616 Germaniae
1063 574 1286 627 inferioris
1326 575 1537 616 Polaneus
1569 576 1704 616 Roma
1742 578 1811 618 10.
1848 576 1918 617 Ia-

149 641 437 681 nuarii1573
469 639 654 680 monuit:
691 639 754 688 „Il
786 639 908 693 Papa
941 640 996 680 ha
1029 640 1238 693 ordinato,
1273 640 1343 682 alze
1374 641 1572 682 seriuessi
1605 640 1663 681 ad
1694 642 1837 682 alcuni
1870 641 1924 682 de

149 705 285 759 nostrj
317 705 482 746 dessino
516 706 636 745 auiso
671 705 738 745 del
764 708 869 745 stato
894 705 1004 745 della
1029 704 1265 746 Germania
1299 710 1335 746 et
1368 706 1418 746 de
1450 706 1619 747 imezzi
1642 706 1692 747 de
1716 707 1919 758 aiutarla,

160 770 202 811 V.
228 771 281 812 R.
313 770 404 822 faci
436 774 574 824 questo
608 769 745 823 officio
787 774 941 824 quanto
985 771 1072 811 atla
1104 770 1338 812 Prouineia
1370 785 1463 823 sua,
1510 776 1546 813 et
1577 776 1732 825 quanto
1761 773 1922 825 prima,

150 841 185 877 et
218 849 259 876 se
291 836 324 877 li
353 849 459 889 pare
486 836 594 889 piyli
634 836 665 876 ii
704 849 837 890 parer
879 835 946 876 del
976 835 1124 877 Padre
1158 835 1324 877 Costero
1357 841 1393 877 et
1425 836 1571 877 Padre
1609 837 1778 891 Triyoso
1812 842 1847 878 et
1879 851 1923 878 se

148 902 179 941 li
207 901 369 955 pareret
402 901 430 941 d
454 901 593 941 'alcun
617 901 723 941 altro
748 921 756 929 ·
783 904 817 941 et
850 901 887 942 ei
920 901 1035 942 auisi
1062 900 1108 941 di
1131 902 1262 955 quello
1285 901 1356 943 che
1379 907 1491 943 sente
1514 906 1549 943 et
1571 916 1654 943 non
1676 903 1715 943 si
1734 902 1922 956 publiehi

149 970 287 1021 questo
329 966 481 1008 ordine
524 966 569 1007 di
601 966 644 1008 S.
681 966 850 1008 Santita
892 980 961 1007 ma
1004 967 1041 1007 si
1083 967 1314 1020 essequisea
1349 980 1424 1008 eon
1456 966 1650 1010 secreto“.
1715 966 1924 1009 Dubitari

150 1033 279 1086 iyitur
309 1045 394 1073 non
422 1035 566 1087 potest,
601 1033 704 1086 quin
736 1031 845 1073 idem
878 1032 1128 1073 mandatum
1163 1033 1216 1072 sit
1250 1031 1337 1074 PP.
1373 1032 1507 1073 Paulo
1531 1031 1710 1085 Hoffaeo
1745 1037 1779 1073 et
1800 1033 1919 1074 Lau-

147 1098 280 1138 rentio
304 1097 461 1152 Maqi'O,
488 1097 747 1138 Germaniae
769 1097 1003 1150 superioris
1031 1101 1066 1138 et
1089 1097 1293 1138 Austriae
1313 1098 1656 1151 provincialibus.
1692 1098 1920 1140 Praeterea

148 1167 319 1213 constat,
353 1162 583 1204 Polaneum
617 1162 758 1204 eodem
784 1163 852 1203 illo
875 1162 913 1204 d.
939 1163 1007 1204 10.
1033 1162 1237 1203 Ianuarii
1259 1162 1306 1203 P.
1332 1163 1585 1204 Theoderico
1611 1163 1783 1204 Canisio
1806 1164 1849 1205 S.
1875 1162 1918 1205 J.

148 1229 298 1268 rectori
330 1228 489 1282 eolleqii
521 1228 735 1282 dilinqani
767 1227 868 1268 liaeo
895 1228 1182 1282 praecepisse:
1217 1227 1288 1279 „S’
1312 1241 1529 1269 oeeorrera
1554 1229 1708 1269 alcuna
1741 1242 1834 1269 cosa
1871 1228 1924 1269 de

147 1296 350 1334 momento
383 1293 497 1334 eirea
529 1293 555 1333 Z'
579 1291 883 1346 informatione
915 1292 980 1334 del
1012 1296 1117 1334 stato
1142 1292 1250 1334 della
1276 1293 1511 1334 Germania
1532 1294 1636 1335 nelle
1659 1307 1747 1334 cose
1769 1307 1919 1348 apper-

148 1359 302 1399 tenenti
325 1358 412 1400 alla
435 1358 665 1413 Reliyione‚
702 1362 736 1398 et
769 1358 868 1400 delli
890 1359 997 1398 mezi
1019 1357 1089 1398 elie
1108 1362 1268 1412 potesse
1289 1371 1395 1399 usar
1416 1359 1447 1399 il
1468 1358 1592 1413 Papa
1613 1372 1690 1412 per
1713 1359 1920 1407 aiutarla,

147 1424 330 1465 scriualo
373 1428 410 1465 et
448 1427 603 1479 quanto
641 1424 784 1478 prima
823 1423 973 1478 perche
1015 1436 1095 1464 sua
1128 1423 1300 1464 Santita
1341 1437 1414 1464 eon
1453 1425 1494 1477 ql
1535 1424 1620 1464 zelo
1658 1423 1728 1465 elie
1761 1423 1845 1465 Dio
1877 1438 1918 1465 n.

148 1488 328 1543 Siquore
361 1489 391 1530 li
426 1489 482 1530 da
517 1489 557 1530 (ἰ)
583 1490 729 1530 aiutar
772 1490 801 1530 il
833 1502 905 1530 suo
937 1503 1070 1543 9reye,
1115 1489 1171 1529 mi
1211 1488 1267 1529 ha
1309 1502 1528 1530 eonnnesso
1561 1489 1632 1530 elie
1672 1491 1712 1530 io
1745 1489 1922 1531 rieerelzi

148 1554 195 1595 in
228 1558 366 1608 questo
401 1554 482 1595 due
514 1568 602 1595 6036
635 1555 664 1596 ii
692 1568 826 1609 parer
859 1555 910 1595 de
933 1555 1076 1595 alcuni
1098 1555 1245 1607 nostri,
1281 1559 1315 1595 et
1347 1554 1381 1595 s’
1404 1554 1573 1595 intende
1596 1554 1645 1595 de
1666 1556 1772 1596 mezi
1793 1556 1922 1596 suaui

147 1619 218 1660 elie
252 1620 296 1661 in
330 1621 389 1661 tat
420 1620 542 1661 modo
575 1621 737 1661 aiutino
769 1620 841 1661 elie
871 1634 957 1661 non
988 1620 1025 1660 si
1048 1620 1164 1661 desse
1187 1620 1213 1660 (ὶ
1235 1624 1363 1660 temer
1394 1621 1538 1671 (etiam
1557 1633 1637 1674 per
1668 1621 1709 1662 la
1733 1620 1923 1672 lieresia)

148 1685 195 1726 di
227 1685 359 1739 quello
392 1686 461 1727 elie
494 1690 603 1726 toeea
639 1686 680 1726 al
714 1686 898 1726 dominio
925 1686 1012 1726 loro
1035 1686 1212 1739 Zeqitimo
1237 1689 1271 1726 et
1295 1689 1432 1740 questo
1453 1685 1634 1737 faeeiasi
1657 1700 1732 1727 eon
1754 1690 1918 1737 secreto,

149 1755 184 1791 et
224 1755 363 1805 presto
402 1764 479 1805 per
519 1750 727 1794 elmi-itm.
793 1751 952 1803 Quodsi
993 1751 1223 1792 Potaneum
1267 1765 1293 1791 a
1332 1750 1586 1792 leeodorieo
1631 1751 1803 1792 Canisio
1846 1751 1921 1792 leoe

146 1816 382 1870 postulasse
415 1821 572 1857 certum
605 1821 675 1869 est,
709 1817 826 1871 lonye
859 1817 982 1858 etiam
1018 1817 1171 1858 certius
1193 1821 1263 1868 est,
1299 1830 1388 1857 eum
1413 1816 1524 1857 idem
1548 1830 1571 1857 a
1597 1816 1721 1858 Petro
1746 1816 1920 1858 Canisio

147 1882 391 1935 postulasse.

268 1972 404 2008 Notatu
440 1973 586 2017 dignum
623 1975 694 2015 est,
731 1973 1045 2017 congregationem
1082 1973 1316 2008 cardinalium
1358 1973 1639 2017 „germanicam“
1678 1984 1698 2007 a
1733 1973 1765 2007 S.
1788 1972 1849 2007 Pio
1876 1973 1920 2007 V.

150 2026 241 2061 1568
277 2026 483 2061 institutam
518 2046 562 2051 —
600 2027 766 2062 Canisius
801 2039 893 2061 unus
929 2039 974 2061 ex
1009 2027 1212 2072 praecipuis
1248 2027 1353 2061 huius
1389 2027 1528 2061 consilii
1562 2026 1768 2061 auctoribus
1802 2026 1923 2061 fuerat

151 2079 256 2123 (Can.
281 2080 332 2114 VI
359 2080 563 2125 581-583)
591 2100 637 2105 —
663 2080 764 2115 initio
792 2092 822 2115 a.
854 2080 943 2115 1573
983 2080 1029 2124 (si
1064 2092 1133 2114 non
1170 2080 1269 2124 ante)
1308 2092 1329 2114 a
1356 2080 1530 2123 Gregorio
1556 2079 1653 2114 XIII.
1680 2079 1920 2114 instauratam

149 2145 240 2168 esse.
284 2133 324 2167 In
351 2133 458 2168 huius
477 2134 766 2178 congregationis
786 2145 956 2168 consessu
975 2146 1006 2169 a.
1028 2134 1119 2169 1573
1137 2146 1207 2168 uno
1226 2146 1270 2168 ex
1289 2133 1414 2179 primis
1432 2133 1587 2168 Ianuarii
1608 2133 1733 2167 diebus
1753 2133 1851 2176 (ante
1870 2133 1921 2177 7.)

146 2186 269 2222 habito
296 2187 489 2222 cardinalis
514 2187 704 2222 Zacharias
730 2187 929 2232 Delphinus
955 2188 1151 2222 orationem
1177 2187 1312 2229 habuit,
1348 2187 1384 2221 in
1411 2187 1513 2222 cuius
1540 2187 1684 2221 exordio
1720 2186 1923 2221 cardinales

146 2240 324 2282 monebat,
351 2241 449 2286 ipsos
474 2253 494 2275 a
520 2240 690 2286 pontifice
716 2243 955 2285 congregatos
982 2253 1060 2276 esse
1083 2253 1167 2283 „con
1186 2240 1383 2275 intentione
1410 2240 1445 2275 di
1464 2240 1648 2275 consultat
1665 2251 1772 2285 sopra
1789 2239 1922 2285 quello.

148 2293 213 2328 che
248 2294 550 2328 fruttuosamente
578 2297 613 2328 et
638 2296 874 2328 suavemente
900 2295 978 2328 fare
1005 2306 1024 2329 ο
1049 2297 1170 2329 tentar
1195 2294 1226 2328 si
1252 2305 1359 2339 possa
1384 2305 1448 2338 per
1472 2305 1541 2328 non
1568 2293 1642 2328 solo
1668 2305 1862 2328 conset-var
1886 2293 1922 2327 le

148 2347 298 2392 reliquie
317 2347 519 2382 catholiche
540 2348 574 2382 di
593 2348 796 2388 Germania,
824 2359 882 2382 ma
907 2359 970 2393 per
988 2349 1127 2382 aiutare
1152 2351 1248 2382 tutta
1275 2347 1394 2392 quella
1412 2348 1596 2393 provincia
1614 2347 1649 2380 in
1668 2358 1706 2381 re
1725 2349 1760 2381 et
1777 2347 1925 2390 negotio

148 2399 331 2444 religionis
359 2405 395 2435 et
420 2401 533 2436 fidei.“
585 2402 718 2435 Iterum
749 2401 873 2437 habita
904 2403 960 2436 est
988 2402 1101 2436 sessio
1133 2402 1165 2436 d.
1195 2402 1226 2436 7.
1257 2401 1420 2443 Ianuarii,
1449 2403 1483 2435 et
1513 2401 1545 2435 ei
1576 2401 1816 2435 interfuerunt
1846 2412 1920 2434 car-

147 2454 284 2489 dinales
321 2454 515 2497 Comensis‚
551 2454 775 2490 Varmiensis
810 2454 1028 2499 (Stanislaus
1064 2455 1227 2498 Hosius),
1263 2454 1475 2496 Twehsess,
1511 2454 1668 2499 quinque
1701 2453 1761 2488 alii
1790 2455 1855 2497 (W.
1876 2455 1919 2488 E.

149 2508 329 2551 Schwarz,
364 2507 459 2542 Zehn
486 2507 691 2543 Gutachten
727 2508 815 2542 iiber
850 2508 905 2542 die
935 2509 1031 2552 Lage
1069 2508 1132 2542 der
1166 2507 1418 2542 katholischen
1447 2507 1577 2541 Kirche
1612 2507 1647 2540 in
1674 2506 1919 2541 Deutschland

148 2559 343 2605 [1573s76].
379 2561 584 2596 Paderborn
613 2561 714 2604 1891,
750 2573 948 2596 xv1—xv11
978 2563 1039 2603 19;
1078 2562 1287 2603 Schellltass,
1324 2561 1423 2595 Nunt
1457 2560 1507 2594 III
1535 2571 1722 2601 xv———X1x;
1759 2561 1922 2604 Hansen,

148 2613 268 2648 Akten
297 2614 394 2658 648).

274 2673 442 2709 Canisius
468 2674 624 2709 Polanco
651 2674 837 2720 respondit
861 2675 894 2710 8.
916 2674 1099 2709 Februarii
1128 2674 1229 2709 1573.

148 2796 302 2834 1827.
409 2798 625 2834 CANlSlUS
662 2801 698 2833 et
734 2799 861 2844 reliqui
897 2799 990 2835 Socii
1025 2800 1227 2843 Augustam
1265 2799 1474 2842 congregati
1513 2799 1673 2844 (praeter
1713 2798 1919 2842 Hoffaeum)

337 2856 784 2894 PRAEFOSITO
818 2856 1173 2894 GENERALI
1211 2857 1403 2892 Societatis
1430 2857 1510 2892 Iesu
1545 2857 1708 2903 proxime
1743 2857 1917 2901 eligendo.

1013 2924 1182 2967 Augusta
1208 2922 1475 2957 vindelicorum
1503 2922 1559 2957 22.
1584 2922 1739 2957 Ianuarii
1768 2922 1869 2957 1573.

267 3004 323 3039 Ex
348 3004 481 3040 litteris
507 3004 725 3050 archetypis,
753 3017 774 3040 a
793 3006 830 3040 P.
852 3005 1064 3040 Wendelino
1085 3004 1234 3040 Volckio
1254 3005 1289 3040 S.
1307 3005 1340 3039 J.
1362 3004 1508 3050 scriptis
1537 3004 1573 3048 (2
1587 3005 1620 3045 ⁰3
1647 3004 1667 3038 2
1687 3016 1762 3050 pp.;
1789 3004 1824 3038 in
1844 3016 1876 3049 p.
1895 3005 1919 3038 4

146 3057 252 3092 inser.
273 3059 308 3092 et
326 3069 410 3103 pars
427 3058 524 3102 sig),
552 3058 681 3103 quibus
707 3058 840 3102 singuli
860 3070 988 3093 nomen
1008 3070 1073 3093 sua
1093 3070 1201 3093 manu
1227 3058 1529 3103 subscripserunt.
1566 3057 1686 3092 Germ.
1708 3057 1774 3092 152
1793 3057 1816 3093 f.
1836 3057 1919 3092 294.

146 3111 365 3145 Litterarum
393 3113 515 3157 partes
541 3111 660 3156 posuit
687 3113 804 3157 Deder,
833 3112 906 3147 Jes.
936 3112 949 3146 I
976 3112 1055 3146 787.

266 3178 407 3220 Royanc
434 3188 522 3221 enm,
550 3189 591 3210 ne
617 3178 655 3212 P.
677 3178 867 3221 Hoffaeum
895 3178 1014 3221 officio
1036 3177 1272 3222 provincialis
1297 3177 1391 3211 levet.
