2062 3443
692 162 890 206 Oeniponte
920 161 1072 196 19.1ulii
1102 162 1203 195 1574.
1751 166 1832 207 227

68 283 334 336 compertum
377 283 456 323 est.
524 281 698 323 Habent
741 280 911 323 interim
959 280 1072 334 quod
1115 280 1347 323 mirentur³
1392 294 1442 322 ac
1483 280 1613 322 etiam
1654 282 1835 325 molesto

68 346 223 393 ferant,
258 348 306 388 ut
338 346 479 396 credo,
513 346 566 387 de
598 349 724 388 tanta
757 345 997 388 mutatione
1031 348 1275 387 nostrorum
1306 345 1567 399 Jngolstadij
1602 345 1720 388 facta
1754 361 1836 389 11011

67 411 158 453 31110
180 411 395 466 gymnasij
419 410 701 453 detrimento:
726 410 838 452 unde
853 410 1053 463 quoniam
1078 424 1156 452 nos
1170 414 1237 453 tot
1259 414 1565 464 praeceptores
1583 411 1835 462 amouimus,

66 479 263 531 sumptus
296 476 426 519 etiam
460 475 711 518 imminuere
743 476 856 517 uelle
889 475 1104 519 uidentur.
1158 475 1260 516 Mihi
1296 489 1380 516 non
1413 476 1661 530 displiceret
1695 478 1837 529 plures

67 556 90 584 e
122 541 282 584 nostris
315 541 408 583 dari
442 540 772 596 p1·aeceptores¹'
803 540 1032 594 gymnasio
1055 540 1413 594 Jngolstadiensi.
1447 541 1522 583 sed
1550 542 1642 583 sine
1671 542 1836 596 obliga-

67 607 198 658 tione,
234 609 279 649 et
310 606 432 649 saluo
465 606 681 650 instituto.
741 606 834 656 Qua
867 606 918 648 de
951 620 998 648 re
1029 606 1193 660 monerj
1227 607 1364 660 possit
1396 607 1440 649 P.
1469 607 1756 657 Prouintialis‚
1791 612 1838 650 ut

67 686 155 714 rem
180 686 274 714 cum
298 671 402 726 ipsis
426 672 493 713 uel
513 671 790 720 consiliariis,
815 671 883 713 uel
907 671 1225 725 professoribus
1243 671 1588 725 Jngolstadianis
1606 673 1836 726 transigat,

67 751 117 780 ac
165 737 317 779 deinde
365 737 419 779 ad
469 737 511 778 P.
560 736 607 779 T.
652 736 836 787 scribat,
885 736 1136 791 priusquem
1184 736 1291 778 certi
1338 737 1499 789 aliquid
1542 738 1836 781 concludatur.

66 802 165 844 Non
207 805 310 856 puto
353 801 659 851 necessarium,
704 805 751 844 ut
792 801 1062 843 occasionem
1104 801 1188 843 illis
1231 802 1379 844 demus
1414 801 1730 844 imminuendae
1763 817 1837 857 pe-

67 867 230 918 cuniae,
265 881 393 921 quam
427 867 557 910 etiam
592 867 634 909 in
658 881 816 908 annum
841 867 1077 910 auctiorem
1103 867 1195 909 dari
1219 868 1374 909 uellem
1400 867 1452 909 ad
1479 868 1621 921 plures
1645 869 1836 911 alendos.

67 933 148 975 Est
179 933 353 975 interim
387 935 619 985 utcumque
643 932 793 973 durum
819 937 863 974 et
885 946 1034 985 graue,
1067 931 1247 974 istorum
1272 932 1456 986 ingenijs
1489 933 1744 975 satisfacere
1768 934 1837 987 qui

66 1011 199 1051 aegre
232 998 409 1052 capiunt
441 999 486 1040 et
519 998 705 1052 probant
737 1001 930 1040 nostrum
964 996 1210 1040 institutum
1245 998 1422 1051 eiusque
1454 998 1715 1042 libertatem.
1770 999 1837 1041 Sic

66 1063 177 1105 enim
212 1063 354 1106 solent
386 1063 600 1116 religiosis
634 1062 829 1105 omnibus
863 1062 967 1105 dare
990 1063 1121 1116 leges,
1157 1067 1199 1106 et
1230 1063 1354 1116 quasi
1378 1064 1636 1106 Germanica
1659 1078 1837 1107 consue-

66 1129 213 1172 tudine
245 1142 291 1171 se
323 1131 480 1184 putant
513 1128 725 1178 excusari,
760 1128 895 1182 quodc
919 1128 1253 1171 Ecclesiasticos
1285 1128 1365 1170 sibi
1399 1143 1589 1183 suaeque
1622 1130 1839 1173 uoluntati

65 1194 282 1237 subiectos
315 1194 490 1238 tenere‘¹
525 1196 723 1249 pergant.

185 1260 450 1314 Scripseram
484 1260 538 1302 ad
574 1259 694 1302 Pont.
721 1259 852 1309 Max,
896 1261 939 1301 et
980 1258 1015 1300 si
1048 1273 1132 1300 non
1171 1259 1315 1314 placet
1348 1259 1393 1302 P.
1419 1259 1465 1300 Τ.
1500 1259 1606 1302 haec
1640 1260 1836 1315 epistola,

67 1339 195 1378 quam
228 1326 414 1368 extorsit
446 1339 472 1367 a
503 1338 571 1367 me
604 1324 670 1366 ius
702 1323 972 1366 obedientiae
1010 1338 1175 1366 summo
1218 1325 1383 1379 pastori
1418 1325 1652 1376 debitum¹,
1688 1326 1838 1368 lubens

65 1391 158 1433 fero
190 1390 308 1433 illam
342 1390 563 1445 supprimi,
598 1389 710 1433 sicut
743 1394 787 1432 et
822 1389 865 1432 Ρ.
893 1389 1126 1432 Posseuino
1160 1389 1325 1444 scripsi.

185 1455 326 1498 Tanto
350 1456 519 1510 gratior
540 1455 662 1498 nobis
686 1458 730 1497 et
752 1454 834 1498 toti
859 1455 1102 1509 prouintiae
1126 1455 1309 1508 contigit
1343 1455 1387 1498 P.
1413 1455 1587 1498 Natalis
1610 1456 1837 1506 aduentus,

67 1535 149 1574 quo
191 1521 263 1563 ille
305 1520 390 1563 fuit
434 1520 765 1576 inexpectatior.
831 1520 1076 1574 Vtcumque
1129 1520 1259 1563 habet
1303 1520 1512 1564 hactenus
1560 1521 1636 1563 Dei
1680 1522 1836 1575 gratia,

69 1601 194 1640 quem
228 1600 309 1640 ego
342 1591 489 1629 tamen
513 1587 696 1641 optarim
723 1585 916 1641 Reginae
941 1586 1350 1629 commendatiorem
1375 1600 1470 1628 esse
1483 1588 1511 1629 2.
1561 1586 1839 1629 Inibecillitas

67 1652 174 1694 haec
208 1652 519 1694 Germanorum
555 1654 634 1702 est,
678 1655 725 1694 ut
757 1666 858 1693 suos
900 1654 945 1693 et
979 1651 1219 1694 Germanos
1252 1652 1391 1705 magis
1425 1666 1552 1705 quani
1587 1656 1762 1694 exteros
1796 1656 1839 1694 et

70 1717 285 1771 Hispanos
323 1721 472 1759 ament
513 1719 645 1771 atque
689 1717 1046 1771 complectantur.
1110 1717 1245 1760 Deest
1286 1717 1448 1770 aliquid
1490 1718 1599 1759 bono
1633 1717 1754 1760 Patri
1786 1719 1839 1760 ad

68 1796 142 1825 eas
184 1782 527 1833 commoditates,
570 1796 678 1836 quas
719 1782 762 1824 in
804 1782 1047 1825 tractandis
1087 1782 1243 1837 studijs
1285 1782 1459 1836 suisque
1492 1783 1666 1837 scriptis
1698 1783 1840 1825 absol-

67 1847 217 1890 uendis
251 1847 498 1890 desiderare
531 1847 714 1891 uidetur.
780 1848 862 1890 Sed
897 1850 995 1902 post
1026 1861 1217 1890 mensem
1252 1848 1398 1891 ueniet
1430 1862 1556 1902 spero
1591 1849 1635 1891 P.
1662 1848 1840 1891 Prouin-

66 1913 196 1965 tiaIis,
240 1927 290 1955 ac
332 1913 521 1957 fortasse
562 1913 677 1955 illius
719 1912 930 1956 desiderio
972 1912 1105 1956 faciet
1146 1912 1267 1964 satis,
1309 1917 1358 1956 ut
1400 1917 1443 1956 et
1484 1913 1754 1968 scriptorem,
1797 1917 1841 1956 et

68 1979 306 2021 studiorum
341 1979 503 2021 socium
536 1982 733 2034 optatum
767 1992 911 2021 secum
939 1978 1113 2021 habeat.
1162 1979 1358 2020 Euentus
1381 1979 1564 2029 docebit,
1599 1993 1653 2021 an
1677 1979 1839 2033 frigora

68 2044 325 2087 Germanica
347 2044 461 2087 illius
484 2044 777 2087 ualetudinem
801 2044 990 2087 laedant.
1034 2044 1097 2086 De
1120 2044 1228 2086 meis
1250 2044 1405 2099 studijs
1427 2045 1508 2086 hoc
1533 2059 1660 2085 unum
1687 2044 1838 2094 dicam,

68 2111 213 2153 dolere
245 2124 313 2153 me
345 2110 515 2164 quidem
549 2110 662 2163 quod
694 2110 929 2152 multorum
963 2109 1365 2164 efflagitationibus,
1401 2109 1472 2163 qui
1496 2124 1604 2164 opus
1627 2110 1679 2152 de
1703 2110 1840 2152 Maria

67 2175 345 2230 impatienter
376 2179 625 2230 expectant,
660 2189 744 2217 11011
778 2175 1089 2230 respondeam:
1123 2175 1199 2217 sed
1232 2189 1361 2228 quum
1395 2175 1538 2229 priora
1568 2175 1710 2218 desint
1742 2176 1840 2217 sub-

67 2241 189 2292 sidia,
224 2241 377 2295 quibus
399 2241 601 2295 Dilingae
634 2240 921 2290 abundabam,
956 2243 1001 2283 et
1023 2240 1268 2295 superiores
1291 2254 1429 2282 meam
1455 2239 1733 2295 scriptionem
1757 2255 1839 2284 non

68 2307 194 2349 ualde
226 2321 381 2361 urgere
405 2312 565 2362 putem,
599 2307 758 2350 lentius
786 2306 1052 2361 progredior,
1088 2305 1345 2360 praesertim
1370 2306 1441 2359 qui
1464 2305 1516 2347 de
1540 2305 1646 2347 meis
1668 2305 1841 2360 scriptis

68 2372 172 2414 nihil
213 2373 436 2427 praeclare
474 2373 607 2415 debeo
646 2372 853 2427 polliceri,
898 2375 1079 2426 paratus
1121 2371 1278 2413 etiam⁰
1320 2371 1399 2412 1100
1440 2371 1655 2413 scribendi
1689 2385 1842 2413 munus

69 2437 165 2492 alijs
197 2438 334 2480 multo
367 2438 609 2493 aptioribus
642 2438 899 2491 relinquere,
934 2442 978 2480 et
1011 2451 1063 2479 ea
1096 2451 1207 2490 quae
1230 2436 1447 2478 uocationi
1481 2449 1603 2478 meae
1636 2436 1842 2479 uiciniora

69 2506 182 2555 sunt,
226 2503 349 2545 unice
382 2517 547 2546 curare.
612 2503 872 2546 Commendo
906 2516 974 2545 me
1006 2502 1236 2556 studiaque
1269 2516 1365 2544 mea
1398 2501 1614 2544 uoluntati
1648 2502 1692 2545 P.
1717 2502 1765 2545 T.
1799 2506 1843 2545 et

70 2568 161 2610 eius
202 2568 401 2622 precibus
442 2571 574 2623 atque
615 2569 839 2623 sacrificijs
882 2568 1064 2610 Domino
1108 2581 1240 2622 saepe
1285 2566 1430 2609 offerri
1471 2566 1667 2609 desidero
1711 2567 1842 2609 uehe-

70 2636 249 2677 menter.
299 2633 495 2676 Christus
526 2634 643 2677 illam
679 2634 750 2676 diu
783 2633 908 2675 nobis
931 2635 976 2675 et-
998 2633 1169 2686 utrique
1194 2633 1453 2675 Germaniae
1475 2633 1641 2675 saluam
1665 2646 1842 2675 seruare

72 2698 286 2752 dignetur.
351 2699 582 2753 Oeniponti
620 2701 671 2741 19
695 2698 799 2752 Julij
838 2700 963 2742 1574.

865 2770 914 2813 R.
938 2770 985 2812 P.
1010 2769 1058 2812 T.

1330 2828 1489 2870 Seruus
1522 2827 1723 2882 indignus

1327 2893 1484 2936 Petrus
1517 2893 1724 2936 Canisius

193 2981 220 3013 a)
242 2982 297 3005 Sex
319 2989 360 3005 ευ.
376 2989 434 3013 sqq.
450 2989 466 3006 (ι
483 2983 510 3008 ζ’,
529 2981 556 3005 In
579 2981 710 3012 maraine
734 2981 836 3006 addita
851 2984 927 3006 sunl.
1001 2979 1030 3011 b)
1056 2982 1112 3005 Ilm·
1135 2989 1156 3004 r.
1178 2988 1194 3004 a!
1216 2981 1244 3005 C.
1268 2981 1297 3004 1“1ι
1318 2980 1449 3011 margine
1469 2980 1602 3005 additum
1624 2985 1672 3005 ess.
1748 2983 1773 3006 cl
1796 2984 1841 3004 >²-

75 3021 174 3052 ιμιίίιω·
194 3021 296 3054 etiam,
316 3030 333 3045 (ι
355 3023 383 3047 C.
405 3022 494 3047 oblim.
582 3020 612 3055 d)
633 3023 771 3054 Sequitur
790 3021 896 3053 uelint,
917 3030 941 3046 τι.
965 3026 992 3046 ι’.
1015 3022 1103 3046 oblat.
1187 3021 1214 3052 e)
1236 3021 1374 3052 Sequitur
1393 3020 1440 3048 ab,
1460 3029 1477 3045 a
1500 3024 1528 3046 {'.
1549 3022 1638 3046 ohlill.

199 3117 206 3136 ¹
233 3114 324 3149 Vide
349 3126 459 3161 supra
485 3127 518 3160 p.
539 3115 620 3150 213.

196 3168 208 3188 ²
233 3167 485 3212 Magdalenam
513 3167 705 3212 significat.
746 3169 912 3203 Ceterum
940 3168 985 3203 cf.
1005 3169 1107 3209 infra,
1137 3179 1290 3202 monum.
1313 3168 1414 3203 1163.

1496 3228 1565 3261 15*
