2051 3433
204 145 289 186 216
393 141 493 176 1887.
521 141 560 175 Ρ.
580 140 732 175 Ioannes
758 140 874 174 Maior
900 139 1053 175 Canisio.
1090 138 1272 174 Florentia
1297 139 1391 173 inter
1416 139 1501 174 Mai.
1529 141 1565 174 et
1590 139 1655 174 Iul.
1677 140 1778 175 1574.

204 261 263 302 ad
285 261 589 316 Maydalenam
622 262 705 302 duo
740 261 856 301 dedit
878 260 1058 301 Brevia:
1089 259 1177 299 Uno
1202 259 1463 312 Maydalena
1497 264 1532 300 ct
1554 260 1740 314 reliquae
1769 259 1969 312 feminae,

204 341 310 381 quae
345 327 391 368 in
424 327 589 380 colleyio
624 327 711 367 eius
742 326 803 367 vel
837 330 957 366 erant
988 325 1048 365 vel
1082 326 1125 364 in
1157 328 1365 377 posterum
1397 324 1574 377 futurae
1607 329 1739 377 erant,
1784 339 1808 365 a
1842 326 1970 366 iuris-

204 393 384 433 dictione
415 407 539 433 sacra
569 392 747 446 parochi
779 391 965 432 balensis
998 394 1034 431 et
1068 403 1221 441 eorum,
1265 391 1338 444 qui
1370 391 1414 431 in
1449 392 1536 431 eius
1573 391 1705 432 locuni
1737 392 1973 432 successuri

203 462 337 511 erant,
381 457 682 509 eximebantur,
723 461 759 498 et
797 456 1131 510 permittebatur,
1183 459 1226 495 ut
1267 456 1335 508 iis,
1374 456 1695 510 quotiescunque
1726 457 1883 507 vellent,
1926 457 1972 497 in

204 524 372 565 ecclesia
406 537 485 564 sua
517 536 643 563 sacra
678 522 935 563 eucharistia
965 535 1043 575 per
1075 520 1293 574 quemlibet
1334 521 1589 561 sacerdotem
1623 522 1880 562 saecularem
1912 522 1975 562 vel

203 590 437 643 rcyularem
470 588 703 642 praepositi
744 587 812 627 sui
843 587 1012 628 licentia
1056 587 1306 626 instructu-ni
1336 586 1535 640 praeberi
1572 590 1608 627 et
1639 600 1808 627 sacrum
1841 587 1973 627 oleum

203 653 357 695 ibidem
392 654 608 694 asservari
630 655 1023 705 sacramentumque
1049 655 1254 692 ectr-omae
1285 652 1492 692 unctionis
1513 666 1588 705 per
1612 651 1814 692 eiusmodi
1835 665 1973 692 sacer-

204 719 316 760 dotes
352 720 403 759 iis
435 718 680 759 ministrari
710 721 845 772 posset
876 714 949 767 (ex
981 717 1107 757 huius
1141 716 1291 756 Brevis
1330 717 1518 757 versione
1547 718 1803 771 yermanica,
1847 730 1973 771 queem

198 784 506 839 posuitlz'app
534 784 559 824 l.
578 798 608 824 c.
634 782 845 833 76—78).
879 783 1024 823 Altero
1046 781 1176 822 Brevi
1194 781 1509 835 prohibebatur,
1537 782 1975 822 excommunicationis

200 863 337 904 poena
376 850 615 903 proposita,
662 863 713 890 ne
760 848 902 901 templi
942 848 1058 889 illius
1106 861 1255 888 sacrae
1302 848 1505 901 reliquiae
1553 847 1651 888 inde
1697 846 1977 899 auferrentur

201 913 377 969 (Rapp
399 916 424 956 l.
444 929 476 956 c.
497 914 585 967 76).
619 914 769 955 Portia
793 915 925 968 iqitur
946 913 1049 954 lzaec
1065 913 1236 964 Brevia,
1260 913 1478 966 Auaustae
1499 912 1581 954 sibi
1603 913 1780 964 tradita,
1805 913 1845 954 8.
1862 911 1976 953 Maii

202 980 362 1021 Halam
408 981 467 1021 ad
514 981 706 1033 reainam
753 980 869 1020 misit
914 978 1275 1031 (Scliellliass,
1323 977 1455 1019 Nunt.
1490 977 1569 1018 III
1601 979 1701 1019 232.
1743 978 1831 1018 283
1872 978 1973 1019 304.

201 1047 301 1088 308.
335 1047 435 1087 332.
469 1046 609 1098 3833,·
640 1045 706 1086 IV
721 1047 790 1086 15.
816 1043 906 1096 48).
956 1044 1124 1085 Deinde
1146 1044 1339 1097 Aiiyzcsta
1372 1045 1443 1084 29.
1469 1043 1579 1084 Maii
1603 1043 1717 1084 1574
1739 1043 1976 1084 Ptolemaeo

203 1111 422 1152 cardinali
456 1112 649 1152 Comensi
689 1111 882 1164 scripsit:
910 1109 999 1159 „La
1033 1109 1199 1163 Reyina
1233 1108 1501 1149 Maddalena
1542 1109 1693 1161 riceue,
1730 1122 1810 1162 per
1841 1109 1977 1162 quello

203 1176 272 1217 che
306 1176 427 1217 m’lia
471 1176 705 1231 siqnificato
749 1176 795 1216 di
827 1175 978 1216 ordine
1019 1188 1093 1215 sno
1135 1175 1166 1214 il
1198 1173 1342 1215 Padre
1376 1173 1571 1226 Canisio,
1616 1188 1688 1215 con
1721 1187 1879 1214 somma
1913 1174 1976 1214 ri.-

202 1254 400 1293 uerenza,
435 1246 471 1282 et
504 1242 784 1282 consolatione
816 1241 851 1281 le
882 1241 1019 1295 9ratie
1051 1239 1096 1280 di
1118 1239 1272 1280 Nostro
1295 1240 1473 1294 Siqnore
1507 1239 1530 1279 a
1566 1240 1634 1280 cui
1657 1239 1800 1280 baccia
1822 1238 1975 1280 humil—

213 1311 345 1348 mente
378 1307 392 1347 i
423 1307 670 1349 Santissinzi
701 1304 858 1360 piedi.“

321 1381 539 1426 Magdalena
573 1383 668 1416 certe
704 1381 812 1425 digna
839 1383 926 1421 erat,
963 1391 1054 1423 quae
1081 1391 1101 1413 a
1137 1379 1305 1424 pontifice
1331 1379 1577 1423 singularibus
1612 1379 1740 1423 gratiis
1775 1382 1974 1413 ornaretur.

204 1436 259 1470 Ita
285 1435 328 1469 de
354 1447 397 1469 ea
423 1437 459 1469 et
486 1435 625 1469 Helena
661 1436 738 1469 eius
765 1446 886 1468 sorore
913 1433 1006 1467 Hala
1033 1445 1125 1467 anno
1155 1433 1245 1468 1573
1281 1434 1313 1468 8.
1333 1432 1555 1478 Septembris
1573 1434 1623 1476 (22)
1656 1433 1835 1475 „Matliias
1860 1433 1976 1466 Laclc-

204 1501 311 1523 nerus
329 1489 471 1534 collegij
491 1489 717 1523 Vicerector⁴‘
740 1489 784 1523 ad
803 1487 1071 1522 Mercurianum
1089 1487 1279 1521 Societatis
1297 1487 1540 1532 praepositum
1565 1486 1770 1530 generalem
1785 1485 1975 1531 *scripsitz

208 1543 280 1585 „De
307 1542 526 1577 Halensibus
561 1542 694 1576 nostris
731 1542 790 1586 qui
817 1541 900 1576 olim
935 1553 1025 1586 pene
1052 1553 1175 1575 omnes
1210 1540 1347 1575 haeresi
1383 1540 1509 1575 infecti
1544 1542 1655 1580 erant,
1692 1540 1759 1574 hoc
1785 1540 1974 1574 dicendum

205 1596 369 1637 occurrit,
396 1608 456 1630 eos
483 1596 598 1630 indies
624 1596 741 1639 magis
767 1596 811 1630 ad
839 1595 1015 1638 gremium
1042 1597 1189 1629 sanctae
1208 1594 1390 1628 Romanae
1417 1593 1589 1628 ecclesiae
1616 1594 1741 1633 redire,
1770 1605 1882 1637 eoque
1909 1605 1974 1638 per

205 1649 271 1684 Dei
307 1650 461 1693 gratiam
499 1661 606 1694 opera
641 1652 840 1684 nostrorum
867 1660 909 1683 ac
935 1647 1094 1692 Reginae
1120 1648 1338 1693 peruenisse,
1374 1650 1414 1682 ut
1448 1650 1592 1692 praeter
1617 1659 1724 1681 unum
1753 1647 1975 1682 obstinatum

202 1703 353 1747 figulum
389 1715 492 1737 nemo
519 1705 666 1748 apertus
691 1703 896 1737 haereticus
922 1702 1136 1744 inueniatur,
1172 1702 1387 1736 erubescunt
1413 1701 1538 1736 diebus
1565 1700 1760 1735 Dominicis
1795 1712 1837 1735 ac
1872 1701 1978 1735 festis

204 1757 248 1792 ad
282 1757 457 1802 templum
493 1768 532 1791 se
568 1757 729 1791 conferre
763 1756 833 1791 nisi
868 1757 903 1790 in
939 1759 1063 1801 aperto
1098 1756 1273 1790 rosarium
1302 1756 1340 1789 B.
1361 1755 1521 1799 Virginis
1556 1754 1593 1788 in
1618 1754 1782 1788 manibus
1818 1757 1973 1798 gestent,

204 1811 297 1855 quod
333 1813 453 1845 tamen
480 1811 562 1845 olim
591 1811 704 1844 Halae
740 1822 911 1854 magnum
945 1809 1127 1855 piaculum
1163 1809 1367 1854 putabatur,
1403 1809 1438 1843 in
1473 1808 1529 1843 his
1559 1820 1644 1842 uero
1671 1808 1831 1842 Romana
1866 1811 1978 1842 anta

203 1864 335 1899 nostris
361 1865 445 1898 data
471 1864 634 1898 omnibus
661 1864 742 1910 alijs
768 1864 876 1898 etiam
904 1863 1179 1908 preciosissimis
1205 1865 1437 1908 anteponunt,
1473 1862 1595 1906 itaque
1631 1861 1881 1896 serenissimae
1908 1861 1974 1896 Re-

203 1919 310 1963 ginae
345 1918 388 1952 ob
424 1918 516 1952 hanc
551 1930 696 1952 causam
733 1919 776 1952 ad
804 1917 901 1952 mille
927 1917 1064 1952 rosaria
1091 1919 1298 1951 coemerunt
1323 1918 1363 1950 ut
1397 1928 1460 1961 per
1494 1919 1636 1950 nostros
1663 1915 1974 1949 distribuerentur.

204 1972 340 2006 Deinde
374 1973 438 2006 uix
469 1973 524 2006 est
549 1972 675 2006 domus
702 1972 760 2005 ubi
788 1983 857 2005 non
893 1971 1007 2005 altare
1033 1971 1176 2015 aliquod
1204 1982 1335 2014 magna
1371 1969 1557 2013 diligentia
1583 1971 1619 2003 et
1654 1968 1789 2013 pietate
1816 1971 1975 2003 erectum

204 2026 414 2070 reperiatur,
442 2027 525 2059 ante
551 2025 644 2070 quod
671 2037 797 2070 preces
823 2037 908 2059 suas
935 2025 1098 2059 fundant.
1141 2024 1218 2058 Hoc
1244 2035 1336 2058 anno
1363 2027 1506 2068 praeter
1532 2022 1621 2057 alios
1640 2022 1797 2066 quinque
1815 2022 1977 2066 insignes

204 2079 248 2113 ab
274 2079 414 2113 haeresi
440 2082 525 2113 sunt
550 2078 716 2120 absoluti,
742 2090 835 2113 unus
861 2078 1042 2113 aurifaber
1068 2078 1296 2112 concionator
1322 2079 1358 2111 et
1384 2078 1602 2111 confortator
1627 2087 1773 2110 suorum
1802 2076 1976 2116 occultus,

205 2132 266 2178 alij
293 2133 345 2167 ita
371 2135 473 2166 erant
499 2132 671 2167 obstinati
698 2133 791 2176 quod
818 2132 978 2176 Reginae
1005 2132 1041 2166 in
1067 2132 1195 2166 faciem
1222 2131 1423 2165 restiterint
1449 2142 1490 2165 ac
1517 2132 1639 2175 aperte
1666 2128 1833 2171 dixerint,
1868 2129 1979 2163 malle

204 2198 242 2221 se
268 2186 366 2220 mille
391 2186 486 2220 uitas
513 2187 543 2221 si
570 2198 631 2220 eas
658 2186 832 2220 haberent
858 2198 964 2230 quam
983 2197 1086 2220 suam
1114 2184 1219 2219 fidem
1244 2196 1308 2219 seu
1334 2184 1454 2228 potius
1480 2184 1664 2229 perfidiam
1685 2184 1858 2224 deserere,
1886 2194 1977 2227 quos

204 2242 326 2274 tamen
352 2240 524 2274 Dominus
560 2240 603 2273 ad
641 2239 822 2274 meliorem
849 2241 1005 2273 mentem
1040 2239 1195 2282 benigne
1221 2238 1381 2272 deduxit.
1432 2237 1510 2272 Non
1538 2237 1642 2282 pauci
1668 2238 1824 2272 animum
1851 2236 1974 2270 fictum

206 2294 424 2339 deponentes
450 2305 534 2327 uere
561 2296 596 2327 et
623 2306 668 2327 ex
695 2293 812 2327 animo
839 2305 880 2327 ac
899 2305 979 2328 cum
999 2291 1213 2338 Lachrymis
1238 2292 1448 2327 abiurarunt
1475 2302 1614 2326 omnem
1641 2290 1831 2325 haeresim.
1875 2289 1977 2324 Sere-

204 2347 374 2382 nissimae
400 2346 560 2390 Reginae
594 2349 729 2381 matres
754 2349 899 2381 nostrae
926 2346 1228 2381 clementissimae
1253 2345 1356 2379 nobis
1382 2346 1515 2386 fauere,
1550 2344 1761 2378 benefacere
1788 2356 1828 2378 ac
1863 2344 1978 2389 nai-ijs

205 2401 399 2436 commodis
434 2412 567 2444 augere
602 2412 672 2434 non
708 2400 898 2442 desistunt,
934 2403 1043 2444 atque
1078 2399 1262 2444 antiquius
1297 2398 1385 2433 nihil
1420 2398 1554 2433 habent
1588 2409 1694 2442 quam
1729 2400 1770 2431 ut
1804 2397 1978 2442 plurimos

204 2455 356 2489 Domino
382 2454 630 2488 lucrifaciant⁴⁴
664 2453 725 2498 (ex
752 2457 911 2498 autogr.;
940 2454 1060 2489 Germ.
1082 2454 1148 2488 153
1177 2453 1199 2488 f.
1221 2452 1468 2495 192b—1932).

206 2551 360 2588 1882).
428 2552 488 2588 Ρ.
509 2551 808 2589 IOANNES
832 2551 1060 2589 MAIOR
1090 2551 1143 2588 S.
1164 2550 1235 2595 J„
1258 2553 1376 2586 rector
1396 2550 1538 2594 collegii
1558 2549 1748 2591 florentini,
1773 2548 1977 2584 CANISIO.

1114 2611 1295 2646 Florentia
1321 2611 1416 2645 inter
1441 2610 1576 2645 Maium
1605 2612 1640 2644 et
1666 2609 1796 2644 Iulium
1825 2609 1926 2643 1574.

327 2671 383 2707 Ex
411 2671 546 2707 Canisii
574 2672 705 2707 litteris
732 2672 985 2717 autographis;
1014 2671 1133 2707 Germ.
1156 2671 1222 2706 183
1249 2683 1282 2705 n.
1301 2671 1381 2705 277.

327 2740 527 2781 Canisius
561 2740 787 2794 Oeniponte
809 2738 1023 2781 Kalendis
1056 2739 1369 2793 Septembribus
1394 2737 1507 2778 1574
1540 2738 1583 2777 ‘in
1618 2737 1767 2777 litteris
1796 2735 1975 2776 Romani

208 2804 265 2845 ad
287 2804 336 2845 P.
356 2805 588 2846 Antonium
609 2805 879 2847 Possevinum
898 2806 1116 2847 Societatis
1140 2804 1413 2845 secretarium
1438 2802 1573 2843 datis:
1611 2801 1774 2852 „Valde
1798 2799 1974 2853 nziror“,

209 2870 355 2924 inquit,
393 2873 503 2921 „tam
536 2871 658 2910 tarde
683 2871 815 2912 isthuc
846 2869 1032 2926 perferri
1063 2871 1294 2921 sarcinam,
1330 2868 1381 2908 de
1402 2882 1485 2922 qua
1519 2867 1773 2921 iampridem
1807 2869 1975 2919 accepta

209 2939 243 2976 et
265 2934 439 2975 Romam
472 2936 602 2975 missa
626 2936 775 2977 Hector
805 2937 974 2990 scripsit
999 2934 1279 2976 Hor-eminus.
1315 2933 1384 2974 Er
1417 2934 1486 2974 illo
1515 2933 1775 2986 intelli-(jatur
1795 2931 1974 2982 obsecro,

204 3014 281 3054 per
322 3013 440 3054 quem
482 3005 515 3040 et
556 3001 726 3054 qumzdo
770 3003 927 3042 miserit
969 3001 1081 3055 quod
1120 3001 1277 3054 partim
1319 2999 1440 3040 Pont.
1482 2998 1600 3039 Max.
1640 2997 1799 3051 partim
1834 2995 1884 3036 R.
1927 2994 1973 3037 T.

210 3065 382 3106 debetur
413 3079 462 3106 ex
486 3065 699 3106 uoluntate
723 3066 1031 3107 Coloniensium
1055 3065 1298 3106 amicorum.
1333 3064 1464 3118 Spero
1493 3063 1621 3117 plane
1653 3076 1735 3103 non
1769 3061 1975 3101 amissum

210 3144 308 3184 esse,
351 3131 460 3185 quod
493 3132 622 3171 tantis
655 3132 834 3172 constitit
866 3130 1112 3185 sumptibus,
1158 3143 1352 3184 meaeque
1383 3142 1510 3170 curae
1552 3129 1813 3169 commissum
1842 3123 1973 3178 fuit“.
