2062 3443
652 165 853 210 Oeniponte
881 166 910 200 1.
931 164 1097 200 Octobris
1126 165 1227 200 1578.
1738 170 1822 210 459

50 284 187 327 nostri
232 298 350 326 more
394 298 445 326 ac
491 284 717 338 disciplina
761 286 981 338 pugnare¹
1031 285 1210 327 asserui.
1275 285 1333 327 Et
1380 286 1421 326 in
1463 285 1528 326 his
1570 299 1709 326 meam
1753 284 1824 326 ille

49 350 252 404 probauit
273 349 549 397 sententiam,
583 350 840 403 praesertim
865 363 994 402 quum
1030 352 1202 391 nostros
1235 350 1276 391 in
1310 365 1389 392 sua
1422 353 1466 392 et
1489 349 1705 402 collegiali
1738 350 1824 391 dis-

49 415 207 469 ciplina
248 414 554 467 relinquendos
596 414 797 464 dicerem,
841 414 922 455 nisi
964 428 1166 467 magnum
1211 415 1385 468 aliquod
1427 415 1587 457 malum
1624 415 1823 457 societati

51 493 199 522 creare
232 479 455 521 uellemuS.
503 479 695 520 Tandem
731 479 809 521 hoc
832 479 1084 533 postulauit,
1120 482 1167 521 ut
1190 479 1463 532 placaremus
1486 479 1822 527 Confessarium‚

48 558 173 598 quern
207 544 287 586 sibi
321 546 365 586 et
398 544 523 585 vxori
558 544 738 585 subinde
771 547 986 598 paratum,
1027 546 1071 586 et
1103 544 1144 585 in
1182 545 1371 586 Bauaria
1403 546 1548 597 quiete
1582 547 1822 585 morantem

47 623 224 651 cernere
257 612 448 663 cuperet,
483 622 529 650 se
562 623 646 650 non
676 622 936 662 repugnare,
972 609 1198 662 quominus
1223 624 1308 651 una
1331 624 1425 651 curn
1452 609 1550 663 alijs
1573 609 1614 650 in
1640 609 1822 662 collegio

47 675 237 728 degeret.
284 674 445 727 Jtaque
480 688 574 715 cum
610 674 759 715 eodem
784 674 1058 716 Confessario
1093 674 1195 714 mihi
1228 674 1507 716 tractandum
1539 674 1636 724 fuit,
1671 674 1742 727 qui
1777 678 1824 715 vt

46 739 220 792 Regens
260 739 565 781 institueretur
607 739 648 780 in
692 739 922 780 seminario
956 739 1266 790 Monachiensi‚
1311 743 1359 782 nt
1401 742 1530 781 antea
1573 753 1717 793 saepe,
1761 739 1823 781 ita

45 807 148 846 tunc
181 804 311 846 etiam
346 803 624 854 desiderauit,
660 807 704 845 et
736 803 846 845 alias
878 803 1009 845 etiam
1038 804 1350 857 exemptiones,
1386 818 1440 845 ne
1474 804 1649 845 Rectori
1681 805 1824 845 nouo2

49 869 248 910 subesset
281 869 462 911 aliorum
497 883 629 919 more,
669 869 804 910 libere
836 868 945 910 satis
979 868 1176 922 expetijt.
1242 869 1336 922 Ego
1370 869 1528 910 leniter
1560 868 1714 922 excepi
1746 869 1822 910 ho-

48 934 220 982 minem,
255 936 300 976 et
323 934 511 987 Principi
545 936 691 976 tamen
726 934 935 987 persuasi,
971 947 1054 974 non
1079 934 1311 975 conuenire
1335 933 1599 987 Confessarij
1634 933 1823 975 humeris

44 1013 198 1040 munus
221 1013 415 1052 onusque
437 999 671 1052 Regentis;
707 999 758 1040 de
789 999 887 1052 alijs
910 1012 1011 1040 uero
1035 999 1274 1052 priuilegijs
1302 1013 1370 1040 me
1393 999 1436 1040 in
1460 999 1600 1041 reditu
1625 1001 1822 1040 acturum

44 1078 131 1106 una
163 1078 258 1106 cum
292 1064 336 1105 P.
364 1064 630 1106 Prouintiale
664 1064 765 1106 dixi.
813 1064 954 1113 Quare
988 1078 1082 1105 cum
1107 1064 1221 1105 bona
1245 1064 1456 1118 Principis
1489 1066 1534 1106 et
1557 1064 1821 1117 Oonfessarij

43 1129 188 1182 gratia
228 1130 333 1184 redij
370 1130 541 1179 Halam,
577 1134 621 1172 et
655 1143 749 1171 cum
786 1129 830 1172 P.
857 1129 1124 1171 Prouintiale
1167 1130 1329 1171 contuli
1371 1129 1528 1178 omnia,
1573 1143 1684 1182 quae
1723 1143 1823 1183 per-

43 1194 233 1236 scribere
265 1195 441 1248 longum
474 1194 603 1238 foret.
650 1194 931 1237 Prouintialis
964 1195 1077 1236 haud
1112 1194 1238 1236 dubie
1262 1194 1409 1248 magni
1433 1194 1539 1236 facit
1562 1194 1674 1235 hunc
1698 1194 1822 1235 Prin-

44 1259 195 1314 cipem,
239 1265 442 1313 eumquea
476 1260 666 1302 molliter
704 1260 983 1302 tractandum
1025 1262 1152 1313 putat
1194 1259 1235 1301 in
1275 1260 1354 1301 hoc
1388 1259 1577 1312 negotio,
1620 1273 1674 1301 ne
1707 1259 1822 1302 illius

45 1325 234 1366 animum
268 1339 294 1366 a
325 1339 372 1366 se
396 1328 438 1367 et
462 1325 623 1367 nostris
647 1325 878 1375 abalienet,
913 1325 1172 1378 praesertim
1207 1325 1319 1378 quod
1351 1324 1674 1366 Confessarium
1709 1325 1823 1366 eius-

44 1404 126 1444 que
167 1393 286 1432 artes
328 1390 572 1433 vereaturb.
638 1390 820 1444 Scripsit
860 1390 994 1443 igitur
1026 1390 1301 1432 Confessario
1344 1391 1483 1432 multa
1525 1390 1587 1431 illi
1631 1389 1822 1443 largiens

42 1455 307 1509 priuilegia0,
342 1459 387 1498 et
419 1469 474 1497 ex
509 1456 708 1497 Rectoris
741 1458 961 1509 potestate
994 1455 1112 1496 illum
1148 1455 1323 1505 exemit,
1359 1455 1440 1498 etsi
1473 1455 1557 1497 iam
1592 1458 1724 1497 antea
1756 1455 1822 1497 ni-

42 1520 171 1561 miam
194 1521 267 1562 ille
290 1520 370 1562 sibi
393 1523 588 1562 sumeret
610 1521 872 1570 libertatem,
898 1535 946 1563 ac
970 1535 1123 1575 parum
1148 1520 1396 1574 religiosum
1421 1534 1518 1562 sese
1540 1522 1820 1569 monstraret,

42 1585 218 1627 nimium
252 1599 358 1627 sane
389 1586 558 1628 ociosus
591 1588 722 1639 atque
756 1586 983 1636 delicatus,
1019 1585 1088 1628 etUl
1122 1586 1214 1638 quie
1247 1586 1300 1627 ad
1333 1585 1582 1638 religiosam
1617 1586 1821 1640 simplici-

40 1652 177 1692 tatem
212 1664 343 1704 aegre
377 1651 531 1692 adduci
566 1665 692 1705 posse
725 1650 955 1693 uideaturf.
1011 1650 1142 1692 Faxit
1175 1650 1383 1700 Christus,
1419 1654 1467 1693 ut
1498 1665 1583 1692 non
1615 1664 1822 1703 magnum

42 1714 215 1767 aliquod
258 1717 419 1757 malum
461 1730 517 1758 ex
558 1716 709 1758 aulicis
752 1716 959 1757 eiusmodi
1002 1715 1289 1770 Confessarijs
1332 1715 1609 1770 accipiamus,
1654 1715 1727 1768 qui
1768 1716 1822 1757 in

43 1781 201 1834 peius
234 1781 546 1835 proficere3
578 1782 732 1832 solent,
777 1784 821 1823 et
853 1781 894 1822 in
929 1781 1124 1834 collegijs
1158 1785 1374 1834 quaerunt
1407 1781 1640 1830 licentiam,
1681 1794 1821 1834 neque

41 1846 179 1887 solum
213 1846 384 1888 onerosi
406 1846 665 1899 molestique
688 1846 994 1901 superioribus
1029 1847 1105 1888 sed
1128 1850 1172 1889 et
1195 1846 1403 1900 paulatim
1430 1846 1589 1889 nostris
1612 1846 1820 1888 intolera-

40 1911 148 1952 biles
182 1912 312 1961 fiunt,
357 1912 613 1966 praesertim
649 1927 779 1965 quum
822 1926 869 1953 se
901 1916 1053 1965 gratos
1095 1912 1137 1953 in
1180 1912 1280 1953 aula
1322 1912 1538 1961 sentiunt,
1583 1911 1653 1952 ubi
1692 1910 1820 1952 facile

40 1979 250 2030 patronos
291 1977 458 2018 faciunt
490 1974 693 2019 licentiae
736 1991 841 2018 suae
875 1981 1029 2020 contra
1062 1977 1321 2030 superiores,
1375 1977 1538 2029 „Itaque
1581 1979 1629 2017 ut
1672 1976 1820 2018 multis

0 2076 1 2082 ,
41 2041 251 2096 exemplis
275 2042 514 2090 didicimus,
549 2056 603 2084 ex
627 2042 806 2085 arbitrio
831 2043 1076 2096 Principum
1106 2043 1246 2095 magis
1270 2056 1397 2095 quain
1422 2041 1691 2096 superiorum
1716 2055 1821 2095 pen-

0 2119 1 2123 *
42 2107 158 2155 dent,
193 2110 238 2149 et
269 2107 425 2161 spiritu
457 2107 683 2149 societatis
706 2108 847 2157 uacui,
881 2108 1080 2149 humanis
1103 2108 1332 2149 affectibus
1358 2111 1572 2160 reguntur
1595 2110 1640 2148 et
1662 2110 1821 2160 regunt

41 2172 216 2223 aulicos,
253 2172 297 2214 in
330 2187 511 2225 quorum
546 2173 701 2214 animis
734 2187 885 2227 parum
920 2187 1025 2214 sane
1059 2186 1217 2227 operae
1252 2172 1440 2227 precium
1474 2172 1654 2223 faciunt,
1698 2172 1741 2213 in
1775 2186 1821 2213 se

40 2236 146 2291 ipsis
179 2251 282 2279 uero
316 2238 368 2280 de
401 2238 608 2291 religiosa
641 2239 732 2281 nita
766 2238 996 2281 remittunt
1019 2239 1264 2292 plurimum,
1299 2238 1549 2290 aulicosque
1582 2251 1724 2279 mores
1756 2237 1821 2279 in-

41 2301 178 2344 duunt
211 2305 255 2344 et
287 2302 510 2353 inducunt,
545 2303 727 2357 alijsque
760 2317 881 2344 suam
917 2303 1118 2345 affricant
1151 2303 1340 2344 scabiem
1375 2302 1626 2356 perniciose.

159 2366 371 2416 Quocirca
403 2382 482 2422 per
513 2371 711 2410 sanetum
735 2368 875 2410 JESV
909 2382 1065 2410 nomen
1100 2382 1188 2418 oro,
1224 2371 1268 2409 et
1302 2368 1345 2410 P.
1364 2368 1411 2410 T.
1446 2368 1639 2417 obsecro,
1674 2369 1722 2409 ut
1745 2367 1820 2409 ad-

39 2445 192 2474 uersus
214 2434 479 2487 praesentia,
511 2434 733 2486 multoque
756 2433 896 2486 magis
919 2433 1069 2476 futura
1092 2433 1365 2474 incommoda
1388 2436 1432 2475 et
1454 2433 1674 2482 scandala,
1710 2447 1821 2485 quae

40 2498 93 2539 ob
127 2497 289 2539 aulicos
311 2498 611 2541 Confessarios
644 2498 833 2540 maxime
866 2499 989 2541 nobis
1017 2498 1251 2540 metuenda
1274 2498 1490 2548 uidentur,
1526 2498 1622 2540 huic
1645 2501 1822 2540 nostrae

40 2562 241 2605 societati
262 2566 434 2606 mature
457 2567 697 2606 succurrat.
734 2564 900 2605 Vereor
922 2578 1028 2605 sane
1046 2563 1159 2605 haud
1179 2577 1331 2618 parum
1351 2563 1527 2616 grauari
1551 2563 1821 2617 superiorum

40 2628 341 2678 conscientias,
377 2643 507 2682 quum
532 2643 609 2683 per
631 2629 814 2682 ineptos,
840 2633 973 2681 atque
996 2632 1044 2670 ut
1066 2629 1127 2670 sic
1151 2629 1304 2676 dicam,
1339 2629 1603 2682 irregulares
1626 2628 1822 2670 homines

42 2693 156 2734 male
190 2697 399 2735 curantur
431 2693 668 2748 Principes,
709 2708 889 2746 quorum
922 2694 965 2736 in
1001 2694 1235 2736 Germania
1276 2694 1488 2747 plurimae
1527 2696 1572 2735 et
1604 2693 1822 2735 maximae

41 2761 143 2799 sunt
175 2759 458 2800 difficultates
492 2762 535 2800 et
569 2759 879 2811 aegritudines,
915 2762 963 2801 ut
995 2760 1048 2812 ijs
1081 2760 1214 2813 probe
1248 2760 1474 2800 consulere
1508 2762 1697 2813 apteque
1730 2772 1820 2800 me-

159 2851 187 2878 a)
208 2851 348 2882 Sequitur
367 2850 405 2881 le,
426 2851 516 2875 oblitl.
580 2849 610 2882 b)
633 2852 800 2882 Sequuntur
822 2859 863 2876 vr.
884 2850 909 2877 si
930 2851 956 2876 is
978 2852 1086 2884 pergat
1106 2850 1268 2883 utriusque
1282 2850 1444 2884 Principis.
1464 2849 1493 2876 id
1509 2850 1566 2881 est,
1587 2849 1645 2876 uiri
1666 2849 1697 2875 et
1714 2849 1822 2875 vxoris

40 2890 173 2916 animum
199 2891 351 2917 aduersus
370 2899 428 2917 nos
448 2892 613 2923 concitare,
640 2893 675 2917 ab
697 2893 759 2923 ipso
780 2894 808 2917 (¹.
837 2896 880 2917 rut
902 2893 1052 2918 videntur)
1073 2893 1250 2917 oblitterata.
1343 2894 1369 2925 c)
1391 2894 1415 2917 Α
1438 2894 1466 2917 (7,
1488 2901 1562 2917 corr.
1583 2900 1619 2917 ea:
1644 2891 1822 2924 priuelegia.

42 2931 72 2962 d)
92 2933 153 2957 Hoc
174 2940 196 2957 r.
212 2933 241 2956 in
264 2933 398 2964 margine
419 2933 555 2957 additum
576 2937 626 2958 est.
689 2934 717 2965 e)
739 2935 800 2958 Hoc
821 2942 844 2958 v.
858 2942 951 2965 snpra
974 2942 1087 2958 versum
1108 2934 1250 2964 scriptum
1272 2936 1332 2965 est;
1351 2934 1524 2958 antecedunt
1545 2941 1588 2958 vr.
1605 2932 1636 2957 et
1657 2932 1707 2965 qui
1727 2939 1821 2957 unum

41 2972 73 2998 et
91 2972 221 2998 alterum
243 2980 259 2998 e
280 2973 398 2999 nostris
418 2974 449 2998 in
470 2973 597 2999 aulicam
618 2973 700 2999 illam
721 2974 816 3000 uitam
837 2974 1023 3003 induxisset,
1043 2976 1078 2999 ab
1094 2976 1157 3006 ''1an
1173 2977 1200 2999 (J.
1216 2975 1305 3000 oblite.
1373 2974 1396 3004 f,
1418 2976 1442 2999 A
1459 2976 1487 3000 C.
1502 2983 1577 2999 corr.
1591 2982 1628 2999 ex
1647 2972 1821 2999 uideantur.

43 3015 120 3044 Quae
139 3018 312 3046 sequuntur,
333 3023 421 3046 usque
441 3016 481 3040 ad
501 3014 578 3040 male
599 3016 746 3041 curantur
765 3016 924 3049 Principes
944 3018 1014 3041 arel.
1035 3017 1153 3048 siynata
1174 3020 1252 3043 sunt.
1274 3020 1304 3040 nt
1323 3024 1428 3048 supra,
1448 3025 1476 3048 p.
1497 3018 1575 3042 453³.

162 3110 171 3129 ¹
198 3109 290 3143 Vide
308 3121 418 3154 supra
436 3121 469 3154 p.
489 3110 558 3144 449
568 3110 592 3144 5.
697 3110 710 3130 ²
728 3110 937 3145 Vicerector
957 3110 1101 3153 (deinde
1120 3109 1252 3152 rector)
1275 3112 1352 3143 erat
1371 3109 1410 3144 P.
1431 3109 1678 3144 Ferdinandus
1698 3109 1818 3144 Alber.

160 3162 172 3182 ⁸
199 3163 220 3196 2
247 3162 327 3196 Tim
355 3164 386 3204 3,
416 3163 469 3197 13.
