2051 3433
161 211 246 252 670
931 209 1026 243 Mon.
1057 208 1158 242 1137.

160 330 204 370 et
222 341 272 369 ea
288 326 627 380 Congregationi
645 327 938 381 proponenda,
960 327 1177 381 designati
1194 330 1296 370 sunt
1312 330 1404 370 tres
1421 328 1726 380 sequentes-P.
1742 327 1932 370 Christo·
1997 358 2001 361 -

159 392 281 434 forus
303 392 555 435 MadridiuS.
603 392 649 436 P.
673 392 898 435 Emundus
923 393 1074 447 Hayus
1098 392 1376 434 Prouintialis
1399 392 1620 435 Franciae.
1656 393 1701 435 Ρ.
1726 392 1932 434 Alfonsus

160 457 356 507 Pisanus,
401 457 471 510 qui
506 457 848 511 adiungerentur
880 462 1067 511 quatuor
1105 458 1215 512 alijs,
1258 457 1331 511 qui
1372 471 1427 499 ex
1469 461 1636 512 septem
1668 458 1712 499 in
1744 459 1932 500 Decreto

160 524 199 565 8.
236 525 296 564 2232
325 522 686 576 Congregationis
728 525 829 577 post
870 523 1123 565 electionem
1167 523 1400 566 nominatis
1441 527 1695 577 praesentes
1737 523 1932 566 aderant.

160 587 205 630 P.
240 587 450 630 Alfonsus
491 588 716 630 Salmeron
759 588 1041 631 Prouintialis
1082 588 1413 642 Neapolitanus.
1463 588 1509 631 P.
1534 588 1690 631 Petrus
1723 588 1931 631 Canisius.

158 653 204 696 P.
239 653 531 707 Hieronymus
564 653 752 696 Natalis.
798 653 845 697 P.
879 654 1064 696 Michael
1099 654 1353 703 Gouiernus‚
1388 657 1433 696 et
1466 668 1614 696 omnes
1646 654 1688 695 in
1721 654 1932 707 Congreg.

158 718 368 772 publicati
400 719 590 761 fuerunt.

847 785 1078 826 Decretum
1118 787 1241 827 14⁰³&

277 855 552 910 Propositum
586 856 718 899 etiam
742 855 837 905 fuit,
872 870 927 899 an
951 856 1083 909 aliqui
1105 858 1252 898 essent
1274 856 1523 910 deputandi,
1558 856 1630 909 qui
1653 856 1935 899 difficultates

158 920 273 963 circa
295 921 638 963 Constitutiones
672 924 717 964 et
748 922 899 963 Bullas
923 921 1154 964 Societatis
1188 925 1467 964 occurrentes
1501 922 1768 975 colligerent,
1803 923 1848 964 et
1880 921 1934 963 ad

157 986 548 1040 Congregationem
582 987 810 1030 referrent.
857 987 1027 1029 Placuit
1049 990 1196 1029 autem
1219 988 1297 1029 hos
1321 987 1592 1041 deputandos
1615 1000 1723 1037 esse,
1758 989 1802 1029 et
1823 987 1934 1028 hanc

159 1051 485 1106 deputationem
519 1052 680 1094 eisdem
717 1053 1070 1095 committendam
1106 1067 1213 1102 esse,
1254 1053 1407 1106 quibus
1441 1052 1628 1094 officium
1663 1051 1935 1106 expendendi

158 1121 258 1160 acta
290 1117 466 1173 Concilij
501 1117 743 1160 Tridentini
775 1117 1065 1160 incumbebat.

277 1190 511 1231 Decretum
544 1192 640 1232 45.“.ῃ
677 1189 745 1231 die
783 1192 839 1231 5.ΕΙ
865 1190 997 1245 Junij.
1052 1190 1156 1232 Cum
1193 1190 1237 1231 in
1271 1190 1401 1244 plena
1433 1190 1782 1244 Congregatione
1815 1189 1934 1242 lege-

157 1256 308 1296 rentur
348 1255 444 1305 illa,
489 1269 600 1308 quae
643 1255 841 1309 deputati
880 1269 935 1297 ex
978 1255 1165 1298 Concilio
1207 1255 1461 1298 Tridentino
1503 1256 1666 1298 nostris
1704 1255 1846 1297 Const.
1891 1256 1936 1296 et

156 1319 398 1375 priuilegijs
422 1334 667 1374 repugnare
690 1323 968 1371 annotarant,
993 1321 1215 1363 decretum
1238 1321 1333 1369 fuit,
1359 1324 1406 1363 ut
1428 1321 1710 1363 Reuerendus
1731 1321 1777 1363 P.
1795 1320 1935 1362 Gene-

157 1385 261 1427 ralis
292 1386 430 1439 primo
465 1400 634 1440 quoque
666 1388 862 1440 tempore
895 1389 1109 1441 oportuno
1132 1386 1447 1429 relaxationem
1481 1387 1653 1429 illarum
1687 1385 1935 1440 derogatio-

156 1465 257 1492 num
292 1454 479 1494 curaret.

276 1533 316 1566 In
352 1533 477 1567 iisdem
506 1534 608 1569 Actis
647 1535 686 1578 (l.
715 1547 744 1569 c.
773 1547 805 1580 p.
838 1535 1040 1578 136—137)
1080 1534 1373 1578 congregationis
1409 1533 1589 1578 generalis
1623 1533 1754 1568 tertiae
1789 1534 1936 1567 exstant

158 1586 249 1620 duae
292 1586 609 1630 „Designationes“
650 1589 729 1622 sive
764 1588 922 1630 indiculi,
959 1600 1051 1623 unus
1089 1589 1246 1623 locorum
1286 1588 1426 1622 concilii
1464 1588 1660 1625 tridentini.
1703 1599 1815 1631 „quae
1854 1598 1935 1620 cum

156 1640 290 1674 nost-ris
317 1639 478 1675 Constit:
514 1641 717 1687 priuilegijs
750 1646 786 1676 et
820 1643 954 1677 usitato
981 1643 1112 1685 agendi
1138 1643 1240 1676 modo
1276 1642 1383 1686 plane
1418 1653 1579 1686 pugnare
1606 1641 1808 1682 uidentur“‚
1843 1640 1936 1674 alter

158 1705 291 1733 eorum,
323 1705 435 1738 „quae
462 1705 542 1728 cum
570 1699 692 1730 nostro
719 1696 895 1737 instituto,
932 1697 1080 1740 eiusque
1107 1696 1309 1741 priuilegijs
1334 1696 1487 1740 quodam
1514 1695 1617 1729 modo
1643 1706 1805 1739 pugnare
1831 1705 1935 1738 posse

157 1746 367 1787 uidentur“;
404 1748 439 1780 in
475 1748 544 1781 fine
579 1751 700 1783 autem
736 1749 865 1794 prioris
901 1750 1047 1784 indiculi
1083 1751 1171 1784 haec
1207 1761 1347 1794 quoque
1383 1750 1569 1783 dicuntur:
1609 1748 1717 1792 „Visa
1743 1752 1800 1782 est
1825 1748 1933 1781 etiam

156 1799 263 1833 Bulla
288 1812 382 1834 110113
409 1800 574 1847 Gregorij
601 1803 694 1846 XlIJ.
715 1803 816 1837 Pont.
838 1804 934 1838 Max.
955 1815 1046 1848 quae
1072 1804 1229 1838 omnium
1256 1803 1476 1847 regularium
1504 1802 1704 1848 priuilegia.
1731 1805 1767 1835 et
1794 1800 1933 1834 indulta

156 1853 256 1898 prius
283 1865 455 1888 concessa
481 1858 638 1897 reuocat,
674 1868 806 1901 eosque
832 1857 919 1891 licet
944 1860 1132 1902 exemptos
1157 1856 1312 1902 subijcit,
1345 1856 1450 1901 plane
1477 1856 1699 1901 dispositioni
1727 1856 1815 1889 iuris
1840 1865 1931 1888 com·

157 1908 286 1946 munis,
313 1910 350 1941 et
377 1907 524 1954 Concilij
552 1910 758 1945 Trident.“:
793 1911 890 1953 Quae
918 1911 1025 1951 bulla,
1053 1911 1167 1945 Roma
1193 1911 1367 1945 Kalendis
1393 1911 1536 1945 Martiis
1565 1910 1655 1945 1573
1683 1910 1776 1949 data,
1813 1909 1934 1943 exstat

156 1959 193 1994 in
219 1962 388 1995 Bullario
415 1962 574 1996 Romano
602 1963 699 2004 Vlll,
729 1964 879 2009 Neapoli
909 1965 1010 2005 1883,
1039 1965 1189 1999 39-41.
1238 1964 1556 2008 „Designationes“
1588 1966 1708 1998 autem
1727 1962 1810 1996 illae
1837 1963 1935 2007 typis

159 2015 366 2059 exscriptae
392 2019 479 2050 sunt
506 2018 539 2049 in
571 2018 760 2059 „Instituto
787 2017 822 2053 S.
842 2018 896 2052 J.“
930 2018 959 2052 ΙΙ
987 2019 1186 2053 244—246.

277 2073 444 2109 Ceterum
472 2076 616 2110 9.1unii
646 2077 736 2112 1573
770 2077 914 2112 decreto
939 2078 996 2112 47.
1025 2089 1046 2112 a
1072 2079 1352 2121 congregatione
1386 2079 1564 2111 statutum
1600 2079 1674 2111 est:
1715 2075 1823 2119 „Cum
1851 2074 1934 2109 Pro-

155 2127 329 2162 uinciales
360 2128 623 2164 Vltramontani
651 2142 726 2171 suo,
763 2134 799 2165 et
825 2131 1009 2166 Sociorum
1036 2132 1178 2165 nomine
1203 2133 1385 2175 urgerent,
1421 2134 1461 2164 ut
1488 2130 1728 2175 Congregatio
1755 2128 1934 2172 generalis

156 2180 224 2215 hac
250 2181 473 2216 hebdomada
499 2183 767 2226 dissolueressur,
795 2188 832 2219 et
857 2197 1092 2229 quaecunque
1119 2185 1213 2219 intra
1239 2184 1327 2219 illud
1352 2188 1495 2229 tempus
1514 2184 1674 2229 expediri
1700 2186 1848 2228 possent
1873 2194 1935 2216 ex-

156 2235 364 2279 pedirentur
383 2253 389 2260 ·
410 2236 548 2281 reliqua
583 2249 669 2272 uero
695 2238 725 2272 si
753 2250 824 2283 qua
849 2242 1082 2283 superessent
1118 2238 1162 2272 ad
1189 2238 1230 2273 R.
1251 2238 1289 2273 P.
1310 2238 1523 2273 Generalem
1561 2250 1640 2272 cum
1668 2236 1934 2271 Assistentibus

156 2288 376 2322 conficienda
403 2290 657 2335 reijcerentur;
695 2292 813 2326 visum
848 2295 904 2326 est
931 2291 1210 2335 Congregationi
1247 2296 1287 2326 ut
1322 2292 1365 2326 ad
1402 2292 1603 2337 proximum
1631 2291 1721 2325 diem
1750 2288 1933 2330 sabbathi,

156 2341 213 2375 uel
232 2342 469 2384 Domhn’cum,
496 2344 558 2388 qui
577 2346 646 2379 erit
666 2346 719 2380 15.
738 2345 837 2391 Junij
858 2346 1021 2379 finiretur
1043 2346 1111 2388 (sic
1136 2348 1257 2380 tamen
1275 2349 1317 2380 ut
1334 2345 1507 2379 intercedi
1527 2347 1659 2390 posset,
1685 2343 1717 2378 si
1736 2342 1935 2377 necessitas

156 2395 308 2430 alicuius
327 2396 376 2429 rei
397 2397 520 2440 grauis
540 2400 589 2432 ita
608 2399 837 2443 postularet).
859 2426 866 2434 .
886 2426 892 2433 .
914 2426 921 2433 .
951 2399 1058 2433 Jntra
1084 2399 1151 2433 1100
1169 2410 1256 2433 uero
1274 2401 1417 2444 tempus
1437 2400 1565 2432 Patres
1583 2399 1762 2437 afferrent,
1790 2397 1820 2431 si
1843 2407 1933 2441 quae

156 2452 343 2493 praeterea
387 2451 568 2485 afferenda
610 2452 830 2493 iudicarent,
873 2455 909 2487 et
950 2452 1013 2486 illa
1052 2452 1170 2487 omnia
1209 2452 1466 2498 expedirentur
1505 2463 1597 2496 quae
1636 2451 1935 2494 Congregationis

156 2503 409 2537 auctoritatem
446 2506 649 2539 necessario
690 2507 897 2550 requirunt:
933 2506 1073 2550 reliqua
1108 2506 1147 2540 P.
1176 2506 1343 2540 Generali
1380 2505 1600 2540 conficienda
1634 2505 1933 2548 relinquerentur,

156 2556 207 2589 ita
232 2558 354 2590 tamen
380 2560 420 2591 ut
446 2560 641 2592 secundum
670 2559 863 2594 Societatis
890 2571 1023 2594 morem
1052 2571 1130 2594 cum
1151 2559 1418 2594 Assistentibus
1444 2571 1486 2593 ea
1511 2559 1707 2593 tractaret“
1732 2559 1793 2602 (ex
1819 2557 1932 2592 Actis.

160 2609 309 2653 „Congu
334 2611 386 2652 1“,
414 2622 446 2656 p.
473 2612 569 2656 113).
623 2613 711 2647 Cum
747 2616 867 2647 autem
896 2613 1211 2657 congregationem
1241 2615 1295 2648 15.
1319 2613 1411 2647 lunii
1437 2612 1624 2647 terminari
1651 2624 1720 2646 non
1747 2623 1852 2657 posse
1878 2622 1933 2645 co-

156 2663 295 2706 gnitum
323 2667 432 2705 esset,
460 2666 632 2710 postridie
659 2667 736 2701 eius
763 2667 831 2701 diei
858 2668 1004 2701 tandem
1029 2667 1194 2702 absoluta
1221 2669 1278 2701 est
1305 2667 1356 2710 (v.
1374 2678 1484 2711 supra
1510 2678 1542 2711 p.
1564 2665 1661 2709 667).

156 2767 299 2805 1137.
375 2770 432 2805 22.
460 2769 554 2806 Iunii
581 2770 674 2807 1573.

276 2835 331 2868 Ex
359 2834 499 2870 Hoffaei
525 2839 783 2873 commentario
811 2838 1047 2884 autographo,
1083 2839 1143 2883 qui
1176 2841 1232 2873 est
1258 2838 1293 2872 in
1325 2838 1434 2882 „Opp.
1463 2836 1539 2871 NN.
1569 2836 1647 2871 158.
1678 2836 1763 2870 159²
1795 2835 1932 2875 f.101¹‚

157 2889 194 2921 et
219 2899 264 2921 ex
294 2888 470 2930 „Casuum
499 2890 784 2935 disputatorum‘
814 2892 979 2937 exemplo
1009 2892 1072 2935 (A)
1102 2893 1177 2926 fere
1204 2892 1338 2932 eodem,
1374 2896 1414 2925 ut
1441 2890 1593 2930 videtur,
1629 2891 1800 2934 tempore,
1836 2892 1933 2922 certe

157 2941 302 2975 saeculo
321 2941 428 2983 XVI..
448 2942 615 2987 Dilingae
634 2945 669 2978 in
688 2957 793 2979 usum
812 2945 955 2989 collegii
975 2945 1166 2980 Societatis
1183 2946 1328 2990 scripto,
1348 2945 1440 2989 quod
1461 2947 1517 2979 est
1535 2945 1568 2978 in
1593 2943 1639 2985 ,C
1661 2944 1698 2976 1“
1722 2954 1753 2987 p.
1775 2942 1859 2976 10—
1874 2942 1930 2981 11;

157 2995 251 3038 quod
278 2996 485 3040 exemplum
521 2998 655 3031 contuli
683 3011 763 3032 cum
790 2999 810 3033 3
838 2999 940 3041 aliis;
977 3011 1127 3043 quorum
1155 3011 1264 3033 unum
1295 3000 1367 3042 (B),
1404 2998 1537 3032 Romae
1563 2997 1738 3042 scriptum
1764 2997 1800 3029 et
1826 3006 1939 3044 manu·

157 3048 196 3081 P.
217 3049 361 3082 Antonii
391 3050 577 3084 Possevini
605 3050 638 3085 S.
660 3052 692 3085 J.
722 3053 809 3096 (qui,
845 3053 874 3086 si
902 3065 970 3086 non
1007 3052 1125 3086 adfuit
1159 3052 1405 3097 disputationi,
1441 3054 1538 3086 certe
1565 3050 1698 3084 Romae
1733 3052 1809 3083 tum
1846 3047 1929 3090 suit)

158 3101 402 3144 emendatum,
440 3106 561 3137 exstat
596 3104 631 3137 in
662 3105 774 3150 ,Opp.
801 3105 877 3140 NN.
908 3106 984 3140 158.
1015 3106 1101 3140 159“
1132 3106 1156 3139 f.
1176 3105 1328 3147 83—84,
1365 3105 1518 3139 alterum
1548 3103 1621 3148 (C),
1656 3102 1800 3137 saeculo
1837 3100 1931 3135 XVI.

280 3208 290 3227 ¹
319 3206 394 3241 Hoc
421 3220 561 3253 quoque
589 3209 774 3244 decretum
801 3211 858 3246 29.
877 3211 1013 3256 Aprilis
1039 3211 1174 3245 factum
1203 3214 1269 3245 est.
