2051 3433
216 143 300 184 250
654 138 754 173 1912.
783 137 950 172 Canisius
977 137 1017 172 P.
1037 137 1145 171 Petro
1171 136 1431 172 Ribadeneirae
1458 135 1493 170 S.
1513 137 1545 171 J.

214 258 268 300 ad
301 257 492 301 rationes
530 257 633 299 dicti
667 256 843 311 Collegij
886 256 1072 299 tuendas
1113 255 1308 310 inprimis
1350 255 1538 298 arbitror
1569 254 1800 309 pertinere.
1864 253 1985 297 Viuit
2019 257 2023 260 ’

213 324 255 365 in
288 323 440 377 Belgio
474 323 523 366 D.
549 322 806 365 Franciscus
829 322 1045 372 Costems,
1081 320 1151 374 qui
1175 320 1416 363 Coloniensi
1445 320 1633 374 Collegio
1666 319 1908 369 restitutus,
1942 318 1984 361 id

214 388 327 442 quod
350 387 474 431 multi
496 388 748 442 frequenter
771 390 992 442 optarunt,
1021 386 1284 440 singularem
1308 385 1610 440 praesentibus
1631 384 1822 428 tenebris
1844 384 1984 426 lucem

213 453 420 504 adferret,
445 467 584 508 neque
607 453 744 495 solum
768 452 972 505 Collegio‚
1007 451 1082 494 sed
1106 451 1237 493 etiam
1261 450 1522 494 Academiae
1546 454 1591 492 et
1613 450 1719 492 Vrbi
1740 453 1832 492 tam
1855 449 1985 491 nobili

213 533 388 574 operam
422 533 528 562 sane
560 519 835 561 utilissimam
870 517 1035 560 daretl.
1089 516 1204 559 Nam
1237 520 1281 559 et
1303 519 1432 559 notus
1454 519 1521 558 est
1543 515 1722 558 Senatui
1745 514 1986 557 Coloniensi
2019 539 2021 541 ·

212 588 257 627 et
289 585 344 627 ad
375 584 513 626 nostri
536 584 713 637 Collegij
748 583 1106 636 gubernationem
1140 581 1407 624 authoritate
1430 582 1616 624 Senatus
1649 580 1879 634 aliquando
1912 579 1986 622 de-

212 650 350 692 lectus
379 652 423 692 et
446 649 699 702 designatus
721 648 818 699 fuit,
853 662 978 701 quern
1003 650 1047 690 et
1068 650 1249 702 propter
1272 647 1452 689 docendi
1482 645 1791 689 dexteritatem
1815 645 1985 700 praedi-

214 729 314 758 care
349 718 450 757 sunt
483 714 598 757 soliti
622 713 911 756 Colonienses.
957 712 1143 755 Proinde
1167 712 1373 755 maiorem
1396 712 1439 754 in
1461 712 1633 754 modum
1657 725 1763 764 rogo
1787 710 1985 754 Paterni-

210 783 349 823 tatem
367 781 517 831 Tuam,
552 782 600 822 ut
622 779 655 821 si
680 779 849 822 ratione
881 778 969 820 ulla
1001 778 1094 820 fieri
1126 780 1286 832 potest,
1320 777 1433 819 idem
1465 777 1512 820 P.
1539 776 1742 818 Costerus
1765 775 1984 818 Coloniam

210 845 349 900 primo
383 859 552 899 quoque
584 848 780 899 tempore
803 846 1045 895 reuocetur,
1080 846 1129 886 ut
1150 845 1376 897 acceptum
1408 842 1488 884 hoc
1512 842 1680 893 uulnus,
1715 841 1827 895 quod
1860 855 1985 896 prae-

212 911 360 966 cipuos
393 924 415 953 e
438 910 577 952 medio
600 910 789 961 sustulit,
815 909 960 962 aliqua
983 923 1038 951 ex
1061 911 1186 963 parte
1209 911 1388 950 sanetur
1405 908 1497 949 siue
1515 907 1753 961 mitigetur.
1801 907 1867 949 De
1889 906 1986 961 alijs

210 976 407 1030 proxime
429 976 629 1025 scribam,
654 990 766 1018 nunc
788 989 856 1017 me
879 977 1019 1017 totum
1035 973 1321 1017 Paternitatis
1340 973 1386 1016 T.
1407 973 1630 1027 sacrificijs
1653 975 1698 1014 et
1719 971 1919 1026 precibus
1941 972 1984 1013 in

212 1041 382 1084 Christo
416 1041 734 1084 commendans.

332 1119 564 1173 Oenipontj
601 1120 669 1161 20.
694 1118 897 1161 Decemb.
927 1119 963 1160 1.
988 1117 1028 1161 5.
1054 1118 1121 1160 74.

1042 1188 1089 1231 Ρ.
1113 1187 1161 1231 Τ.
1498 1244 1631 1287 Filius
1663 1244 1864 1297 indignus

1543 1311 1589 1353 P.
1618 1309 1826 1353 Canisius.

329 1402 482 1445 Ihesus
506 1424 515 1432 ·
540 1401 783 1444 Admodum
835 1401 1091 1443 Reuerendo
1141 1401 1185 1443 in
1233 1400 1403 1443 Christo
1457 1399 1576 1453 Patrj
1639 1401 1809 1449 nostro,
1863 1397 1982 1452 Patrj
2050 1387 2051 1393 ¹

212 1468 436 1511 Euerardo
469 1467 742 1510 Mercuriano
777 1464 1053 1522 [Societa]tis
1085 1466 1225 1509 JESV
1260 1465 1511 1520 Praeposito
1546 1464 1762 1519 Generalj.
1804 1464 1982 1506 Romae.
2050 1512 2051 1520 ἵ

330 1561 370 1594 In
398 1560 574 1605 epistulae
609 1560 741 1605 pagina
768 1561 898 1604 quarta
924 1571 1031 1594 manu
1058 1560 1238 1594 Posserini
1263 1558 1455 1594 societatis
1481 1557 1667 1593 secretarii
1693 1556 1883 1591 *notatum
1910 1558 1983 1590 est:

216 1614 407 1657 „costerus
432 1613 564 1648 Rector
599 1615 765 1647 mittatur
792 1613 1008 1648 Coloniam.“
1062 1613 1187 1657 Neque
1222 1615 1343 1647 tamen
1370 1624 1410 1646 eo
1437 1612 1578 1656 quidem
1614 1614 1775 1656 tempore
1802 1609 1984 1644 Coloniam

212 1668 344 1703 missus
379 1670 444 1702 est.
497 1667 561 1701 Die
597 1670 718 1701 autem
756 1667 810 1701 14.
828 1666 1044 1701 Novembris
1075 1667 1164 1701 1575
1202 1666 1240 1700 P.
1269 1668 1503 1700 Hemncmnns
1534 1665 1718 1709 Thyraeus
1752 1662 1985 1708 provincialis

210 1722 392 1756 rhenanus
417 1721 520 1764 Spira
556 1722 600 1755 ad
627 1720 894 1755 Mercurianum
921 1719 1111 1765 *scripsit2
1153 1719 1320 1762 „Colonia
1355 1719 1526 1754 scribitur
1560 1718 1711 1763 redijsse
1738 1717 1776 1751 P.
1797 1716 1983 1751 Cos-terum

209 1776 324 1821 pridie
351 1776 507 1809 omnium
533 1774 745 1809 Sanctorum
773 1773 810 1818 [i.
839 1785 868 1808 e.
897 1775 952 1808 31.
979 1773 1171 1818 Octobris]
1207 1774 1287 1817 Ago
1319 1774 1457 1816 gratias
1484 1771 1525 1806 R.
1554 1772 1593 1806 P.
1615 1771 1656 1806 V.
1677 1771 1770 1816 quod
1796 1770 1880 1805 huic
1905 1782 1983 1815 pro-

209 1829 349 1864 uinciae
375 1828 477 1862 illum
504 1828 707 1872 operarium
732 1827 954 1862 restituerit⁴⁴
989 1827 1051 1871 (ex
1079 1829 1240 1871 autogr.;
1279 1825 1398 1861 Germ.
1422 1826 1486 1860 136
1514 1826 1537 1860 f.
1559 1825 1672 1868 309³).

212 1950 354 1986 1912.
455 1950 672 1986 CANISIUS
704 1950 760 1986 P.
789 1948 1016 1985 PETRo
1044 1946 1584 1984 RIBADENEIRAE
1613 1946 1665 1982 S.
1691 1945 1745 1982 J.

798 2016 998 2060 Oeniponte
1024 2015 1118 2049 inter
1144 2016 1335 2049 exeuntem
1363 2025 1394 2049 a.
1415 2014 1506 2048 1573
1533 2016 1568 2047 et
1594 2013 1750 2047 medium
1778 2024 1810 2047 a.
1832 2012 1932 2047 1576.

329 2094 383 2128 Ex
419 2094 576 2139 imagine
611 2092 897 2138 photographica
933 2092 1179 2127 commentarii
1215 2091 1404 2136 archetypi
1432 2090 1506 2135 (2⁰;
1541 2092 1564 2124 4
1591 2090 1678 2135 pp.),
1714 2101 1819 2134 quem
1838 2089 1878 2125 P.
1899 2089 1983 2124 Gui-

210 2148 354 2183 lielmus
374 2148 526 2182 Elderen
553 2147 587 2183 S.
608 2148 641 2182 J.
685 2147 827 2181 Canisio
855 2146 1014 2180 dictante
1040 2145 1186 2191 scripsit
1212 2147 1248 2179 et
1273 2145 1350 2190 ipse
1370 2144 1535 2179 Canisius
1561 2155 1627 2178 sua
1652 2154 1759 2177 manu
1779 2143 1983 2177 emendavit

168 2228 172 2232 .
209 2204 245 2236 et
270 2201 518 2247 amplificavit.
571 2201 654 2235 Cod.
679 2200 845 2244 „Bele1·o“
878 2199 936 2243 (de
971 2210 1040 2243 quo
1067 2200 1298 2233 Monumenta
1326 2200 1518 2242 anatiana
1546 2197 1621 2232 Ser.
1653 2198 1667 2230 1
1697 2196 1777 2231 Vol.
1808 2196 1825 2230 1
1869 2208 1899 2241 p.
1920 2196 1979 2240 52)

209 2254 233 2289 f.
254 2255 426 2290 512-5211
456 2254 577 2298 (antea
604 2254 806 2297 162—1712).
857 2253 1015 2287 Ultimae
1051 2252 1297 2287 commentarii
1334 2252 1488 2297 paginae
1515 2251 1554 2285 P.
1584 2252 1747 2285 Dtdacus
1781 2251 1984 2284 Ludoricus

211 2309 416 2343 Sancitores
434 2308 469 2343 S.
489 2309 521 2343 J.
545 2308 621 2352 (qui
647 2310 773 2352 postea
799 2307 936 2352 primus
962 2306 1192 2350 evangelium
1219 2305 1350 2340 Christi
1382 2305 1417 2339 in
1444 2304 1582 2338 insulas
1608 2303 1792 2337 Marianas
1818 2302 1983 2338 intulisse

208 2362 328 2407 ibique
364 2363 394 2396 2.
426 2361 560 2407 Aprilis
589 2362 680 2396 1672
715 2360 890 2405 martyrio
923 2363 1115 2394 coronatus
1150 2370 1230 2394 esse
1265 2358 1434 2401 traditur)
1467 2358 1556 2392 haec
1582 2356 1815 2401 subscripsit:
1855 2356 1983 2399 „Estas

208 2419 313 2450 notas
339 2416 454 2450 embio
481 2415 513 2449 el
542 2415 582 2450 V.
603 2415 641 2450 P.
662 2414 804 2449 Canisio
831 2413 865 2448 al
892 2413 930 2447 P.
951 2412 1202 2458 Ribadeneyra
1226 2425 1250 2457 y
1278 2414 1380 2447 estan
1408 2411 1622 2446 emendadas
1642 2422 1685 2444 en
1711 2410 1766 2445 las
1793 2421 1982 2453 margenes

208 2470 251 2504 de
285 2481 327 2504 su
362 2470 490 2503 misma
525 2469 616 2503 letra
643 2469 699 2503 del
725 2468 841 2502 Padre
869 2467 1011 2502 Canisio
1038 2478 1138 2501 como
1164 2468 1290 2501 consta
1325 2477 1435 2511 porna
1472 2465 1644 2509 [Gorsium
1679 2476 1743 2509 por
1768 2464 1851 2507 una]
1881 2466 1981 2498 carta

208 2523 358 2557 firmada
393 2523 435 2556 de
470 2534 575 2557 mano
612 2522 666 2556 del
702 2522 830 2556 mismo
858 2521 973 2555 Padre
1000 2520 1115 2554 Pedro
1143 2520 1284 2555 Canisio
1312 2531 1380 2564 que
1407 2518 1443 2563 vj
1470 2530 1494 2563 y
1531 2518 1616 2552 tube
1642 2517 1698 2551 del
1724 2517 1840 2551 Padre
1868 2516 1982 2551 Pedro

207 2576 341 2611 Vivero
361 2576 492 2611 Rector
518 2575 574 2610 del
594 2575 739 2619 Colegio
765 2575 809 2609 de
828 2574 966 2609 Madrid
987 2601 993 2608 .
1013 2574 1169 2619 aplicose
1197 2573 1231 2608 al
1251 2573 1422 2607 Archivio
1450 2573 1492 2606 de
1519 2571 1656 2606 Alcala.
1675 2571 1695 2612 †
1720 2570 1833 2614 Diego
1858 2569 1943 2604 Luis
1961 2571 1982 2609 †

209 2630 255 2664 .S.
280 2629 424 2665 Vitores
459 2630 493 2664 S.
524 2630 556 2664 J.
581 2630 636 2671 †“.
688 2628 976 2663 Commentarius
1011 2639 1056 2661 ex
1090 2627 1168 2673 ipso
1203 2626 1400 2671 archetypo
1427 2626 1545 2660 editus
1576 2627 1633 2659 est
1659 2624 1693 2658 111
1723 2625 1982 2668 „Monumentis

208 2682 433 2727 Iynatz·a›1is“
461 2683 535 2717 Ser.
563 2683 624 2717 IV.
652 2683 691 2717 T.
720 2683 745 2723 Ι,
782 2682 919 2716 Matriti
949 2681 1049 2722 1904,
1085 2680 1301 2724 714—720).
1353 2679 1486 2714 Eodem
1522 2690 1608 2713 usus
1644 2681 1700 2712 est
1735 2680 1771 2711 et
1797 2677 1981 2722 complura

209 2748 253 2770 ex
289 2748 329 2770 eo
365 2737 409 2770 ad
437 2737 586 2771 verbum
623 2736 806 2781 expressit
831 2737 958 2770 Petrus
984 2736 1224 2769 Ribadeneira
1252 2733 1285 2768 S.
1313 2733 1346 2768 J.
1374 2733 1410 2766 in
1445 2743 1539 2766 nova
1573 2731 1728 2765 editione
1763 2742 1848 2765 suae
1875 2730 1980 2764 Vitae

208 2790 340 2834 Ignatii
368 2789 531 2830 Loiolae;
560 2789 593 2823 id
621 2790 714 2834 quod
742 2791 835 2823 infra
860 2789 1074 2833 singillatim
1101 2787 1351 2832 explicabitur.
1403 2785 1539 2820 Deinde
1565 2784 1699 2820 Canisii
1725 2783 1980 2818 commentario

211 2846 272 2885 (ex
294 2843 597 2886 „Monumentis“)
619 2854 706 2877 usus
725 2845 781 2877 est
800 2844 924 2876 Ladan
945 2854 973 2876 v.
993 2843 1133 2883 Pastor,
1153 2839 1370 2875 Geschichte
1389 2839 1451 2874 der
1473 2839 1601 2884 Papste
1620 2838 1675 2880 V„
1695 2837 1868 2882 Freiburg
1886 2837 1907 2871 i.
1920 2836 1978 2871 ΒΓ.

211 2896 312 2936 1909,
339 2897 408 2931 442
435 2896 515 2930 445.

332 3037 340 3057 ¹
367 3036 419 3071 De
438 3036 585 3071 Costero
604 3037 650 3072 cf.
673 3038 760 3071 Can.
780 3036 795 3070 Ι
814 3037 858 3070 95
874 3038 907 3077 ⁴;
935 3035 966 3069 V
988 3036 1051 3070 171
1073 3035 1162 3076 802;
1189 3034 1239 3069 VI
1259 3034 1370 3076 330⁷;
1401 3036 1564 3069 costerus
1585 3032 1705 3066 Duaco
1725 3031 1755 3065 3.
1776 3030 1866 3065 Iunii
1888 3031 1978 3065 1572

209 3089 248 3123 P.
269 3089 451 3124 Leonardo
478 3090 605 3124 Kessel
641 3090 832 3135 *scripsit:
873 3089 969 3133 „Ego
995 3100 1089 3123 nunc
1116 3099 1184 3131 ago
1210 3088 1430 3133 superiorem
1457 3086 1570 3121 Duaci
1606 3087 1641 3120 et
1666 3084 1772 3120 simul
1809 3083 1978 3129 praelego

209 3142 343 3186 aliquid
371 3144 404 3177 in
431 3143 647 3186 Theologia“
679 3143 741 3187 (ex
766 3142 973 3187 archetypo,
1002 3141 1086 3177 Cod.
1110 3141 1190 3184 „1X.
1210 3141 1280 3175 Ba“
1304 3139 1333 3184 [[
1360 3139 1419 3185 22]
1446 3152 1479 3174 n.
1501 3140 1572 3182 15).
