2051 3433
184 173 269 214 726
957 171 1050 206 Mon.
1079 171 1178 206 1169.

183 289 219 321 et
254 290 475 332 promouent.
527 288 576 321 3.⁰
602 287 772 331 Magnam
809 288 975 322 iniuriam
1012 289 1150 322 faciunt
1175 288 1392 333 pauperibus
1418 291 1583 334 potentes
1609 293 1646 324 et
1671 292 1872 334 magnates,
1898 292 1959 335 qui

182 342 354 384 tanquam
392 340 494 374 liberi
530 340 663 374 domini
699 341 800 375 bonis
836 341 912 376 suis
947 344 1107 382 utuntur,
1144 344 1180 375 et
1215 353 1365 385 magnos
1400 346 1567 386 sumptus
1601 342 1740 377 faciunt
1775 344 1809 377 in
1837 355 1959 388 equos,

182 404 302 434 canes,
338 405 514 438 pompam,
551 393 729 434 conuiuia,
765 394 896 429 stultos
922 398 958 428 et
984 395 1172 434 moriones,
1208 395 1336 428 uiuunt
1363 395 1399 428 in
1426 395 1575 440 delicijs,
1605 398 1820 430 consumunt
1846 396 1959 430 multa

182 449 223 480 ut
248 448 366 481 uentri
392 447 553 481 scruiant
580 450 616 480 et
640 458 681 481 se
707 447 872 492 repleant
897 448 993 481 omni
1027 447 1225 492 uoluptate.
1277 448 1376 482 lacet
1401 448 1543 482 interim
1579 459 1714 493 pauper
1740 453 1824 483 ante
1855 450 1961 491 fores,

182 500 314 534 dormit
339 500 467 543 nudus,
495 500 588 545 perit
613 500 718 541 fame,
754 500 843 534 nihil
869 501 1017 546 cupiens
1043 501 1111 534 nisi
1138 501 1181 534 de
1207 502 1311 535 micis
1337 501 1488 535 diuitum
1517 501 1577 546 [cf.
1605 502 1652 536 Le
1684 503 1737 541 16,
1774 500 1846 546 21].
1897 502 1963 537 Est

182 553 251 588 hoc
279 553 348 588 fac
363 566 433 587 ere
469 554 633 588 amicos
661 553 712 587 de
739 565 979 588 mammona
1014 554 1277 598 iniquitatis
1304 553 1378 598 [Lc.
1409 555 1462 593 16,
1489 555 1576 598 9]‘?“
1609 555 1647 593 (l.
1666 567 1695 590 0.
1716 556 1740 589 f.
1759 551 1962 596 28b—34b).

307 607 514 650 „Dominica
549 606 599 640 XI
635 610 718 652 post
751 609 1004 652 pentecosten“
1043 607 1122 642 sive
1158 608 1189 642 7.
1227 608 1386 651 Augusti
1424 609 1525 643 1575.
1582 608 1813 654 „Propositio.
1873 608 1962 650 Quia

182 660 375 705 praecipua
403 660 593 705 Euangelij
621 659 685 704 [Lc
707 661 758 701 19,
793 661 949 705 41—47]
986 672 1068 706 pars
1104 663 1239 695 tractat
1271 661 1313 695 de
1341 661 1585 696 destructione
1611 662 1710 696 urbis
1737 661 1964 696 Hierusalem

182 717 220 748 et
246 714 404 748 breuiter
430 716 543 748 totam
570 714 758 749 historiam
785 715 828 748 de
854 715 1037 749 obsidione
1065 718 1100 749 et
1127 716 1360 760 occupatione
1386 715 1485 750 urbis
1511 715 1792 760 comprehendit,
1829 727 1893 750 nos
1920 716 1963 750 de

183 767 246 802 illa
281 767 435 812 primum
472 778 622 811 agemus
657 768 833 812 quomodo
870 768 967 803 facta
1001 769 1050 803 sit
1085 771 1121 802 et
1155 769 1332 812 quomodo
1357 769 1460 803 nobis
1486 769 1589 803 hodie
1615 769 1752 803 seruire
1787 770 1902 813 possit
1927 772 1963 803 et

182 821 323 856 debeat.
375 821 412 856 2⁰
441 821 623 862 Quomodo
650 821 786 856 Christi
820 822 927 856 fietus
961 834 1025 856 nos
1060 824 1205 856 moneat
1239 825 1279 856 ut
1314 833 1422 867 super
1453 833 1518 856 nos
1544 826 1580 856 et
1606 822 1694 856 alios
1720 822 1857 856 utiliter
1892 821 1964 867 plo-

182 886 314 909 remus.
364 875 414 909 3.⁰
440 874 492 908 De
519 874 692 909 abusibus
719 876 968 910 communibus
995 876 1055 920 qui
1081 887 1175 910 nunc
1202 875 1292 910 fiant
1317 876 1352 909 in
1378 876 1513 910 nostris
1539 875 1694 921 templis,
1721 879 1757 910 et
1783 876 1872 910 iram
1899 876 1964 910 Dei

183 929 385 962 merentur¹⁴
419 927 457 971 (1.
478 940 508 962 0.
528 928 554 962 f.
575 927 779 973 {Mb-41¹³).

309 982 369 1024 „In
396 981 502 1016 Festo
529 982 647 1016 sancti
674 982 879 1028 Laurentij“
909 982 988 1017 sive
1017 983 1069 1017 10.
1090 983 1245 1027 Augusti
1276 983 1377 1017 1575.
1430 982 1561 1025 „Quem
1588 983 1745 1017 fructum
1771 982 1873 1016 nobis
1899 981 1965 1016 hoc

182 1035 319 1070 festum
345 1035 488 1069 adferre
516 1035 654 1080 possit“
689 1035 726 1077 (l.
746 1036 820 1070 esf.
839 1034 1042 1079 41b-42b).
1649 1042 1652 1045 '

309 1088 516 1131 „Dominica
542 1089 625 1124 X1.“
663 1093 746 1134 post
781 1090 913 1124 festum
941 1089 1130 1123 Trinitatis
1166 1091 1244 1123 sive
1273 1090 1327 1123 14.
1351 1090 1508 1133 Augusti
1537 1089 1639 1124 1575.
1695 1089 1767 1132 „De
1793 1089 1966 1123 Phariseo

183 1144 222 1176 et
248 1141 465 1176 Publicano“
497 1142 562 1186 (Lc
584 1144 638 1183 18,
666 1143 813 1185 9—14).
861 1143 958 1185 „Hoc
985 1143 1223 1186 Euangelium
1250 1155 1320 1177 non
1347 1155 1454 1187 agere
1482 1145 1517 1177 et
1543 1145 1682 1176 certare
1708 1145 1833 1176 contra
1859 1153 1966 1187 opera

185 1194 312 1230 bona‘.
367 1194 570 1238 „Quomodo
606 1196 845 1239 Euangelium
879 1208 944 1231 nos
979 1197 1106 1230 doceat
1141 1199 1238 1230 recte
1273 1198 1406 1230 orare.“
1465 1196 1541 1238 „An
1577 1195 1682 1230 homo
1717 1195 1792 1230 Deo
1828 1198 1864 1229 et
1901 1195 1966 1229 Dei

186 1248 454 1283 misericordiae
492 1249 608 1284 solum
648 1250 781 1284 habeat
818 1250 1030 1285 confidere“.
1096 1250 1301 1293 „Quomodo
1339 1250 1511 1284 utendum
1551 1248 1716 1294 exemplo
1755 1248 1963 1283 Publicani“

188 1302 229 1345 (l.
247 1314 276 1337 0.
296 1303 320 1337 f.
339 1303 533 1343 43a—461.;
561 1305 765 1347 492—5011).

311 1356 370 1399 „ln
397 1357 491 1391 festo
526 1358 796 1402 Assumptionis
831 1357 987 1392 Mariae“
1027 1358 1105 1392 sive
1143 1357 1197 1392 15.
1225 1358 1381 1401 Augusti
1410 1358 1511 1391 1575.
1568 1357 1639 1398 „De
1674 1367 1740 1390 usu
1776 1355 1965 1400 Euangelij

187 1408 305 1444 Lucae
340 1410 391 1444 X“
433 1410 499 1453 (Lc
531 1410 590 1452 10,
628 1411 798 1454 38—42).
860 1412 1049 1453 „Defensio
1085 1411 1170 1445 festi
1206 1415 1331 1446 contra
1366 1411 1592 1444 nouatores“.
1657 1409 1729 1452 „De
1764 1408 1967 1443 humilitate

187 1463 345 1497 Mariae“
377 1464 415 1503 (l.
436 1476 466 1499 0.
485 1465 510 1499 f.
530 1465 733 1509 47³-53³).

313 1516 519 1560 „Dominica
539 1518 581 1552 de
599 1519 707 1552 surdo
727 1520 762 1552 et
780 1519 898 1552 muto“
922 1518 1000 1552 sive
1020 1518 1097 1552 XII.
1117 1520 1198 1562 post
1216 1518 1351 1552 festum
1369 1516 1559 1551 Trinitatis
1577 1516 1649 1559 (21.
1670 1515 1825 1559 Augusti
1846 1515 1967 1558 1575).

193 1570 413 1615 „Praecipua
439 1573 575 1616 puncta
603 1571 830 1617 Euangelij“.
877 1570 965 1614 „Qui
992 1571 1096 1606 hodie
1123 1572 1196 1606 sint
1222 1570 1460 1616 spiritualiter
1485 1569 1585 1604 surdi
1603 1569 1733 1614 quibus
1751 1579 1968 1613 magnopere

187 1635 278 1668 opus
305 1624 438 1658 Christi
464 1625 592 1669 gratia.
646 1624 713 1666 Qui
739 1625 976 1670 spiritualiter
1004 1625 1112 1659 muti“
1147 1625 1180 1667 (l.
1204 1637 1233 1659 c.
1253 1625 1277 1658 f.
1297 1624 1499 1667 δὲῃ-573).

314 1678 373 1719 „In
392 1678 498 1713 Festo
517 1679 780 1713 Bartholomei‘
810 1680 889 1713 sive
916 1679 971 1712 24.
991 1679 1147 1722 Augusti
1179 1679 1279 1712 1575.
1326 1677 1398 1721 „De
1422 1677 1602 1711 erroribus
1629 1676 1724 1710 circa
1752 1677 1967 1720 potestatem

188 1730 333 1764 ciuilem
369 1734 406 1765 et
431 1732 735 1767 ecclesiasticam“
759 1759 766 1766 .
787 1761 793 1768 .
815 1760 822 1767 .
863 1732 1030 1775 „Probari
1067 1744 1136 1766 non
1172 1735 1294 1777 potest
1330 1731 1549 1776 prohibitum
1585 1731 1698 1764 fuisse
1735 1729 1770 1773 [a
1807 1727 1967 1772 Christo]

190 1783 458 1820 Ecclesiasticis
484 1788 524 1820 ut
542 1790 774 1832 acceptarent
791 1786 931 1821 oblatas
950 1786 1165 1820 secularium
1194 1785 1398 1820 facultates.
1419 1812 1426 1819 .
1448 1813 1454 1819 .
1475 1812 1482 1819 .
1510 1784 1601 1818 Sunt
1619 1786 1738 1817 autem
1758 1784 1968 1827 acceptatae

187 1849 274 1882 opes
310 1849 331 1872 a
365 1838 590 1874 secularibus
625 1852 705 1874 cum
732 1840 857 1874 multis
892 1839 1094 1885 priuilegijs
1129 1851 1210 1873 cum
1245 1839 1313 1873 hac
1349 1837 1566 1881 obligatione
1602 1840 1642 1870 ut
1678 1837 1818 1870 etiamsi
1847 1837 1969 1870 essent

189 1891 371 1936 principes
413 1894 448 1926 et
490 1897 680 1928 externum
723 1893 898 1928 haberent
939 1893 1099 1936 regimen
1137 1895 1259 1927 tamen
1301 1891 1490 1937 spirituale
1533 1890 1691 1924 officium
1735 1893 1771 1924 et
1808 1890 1970 1932 regimen

188 1950 369 1987 curarent,
412 1947 601 1991 magisque
644 1948 875 1992 prouiderent
916 1947 1104 1981 animabus
1147 1948 1268 1981 ouium
1311 1957 1419 1990 quam
1462 1946 1630 1978 curarent
1674 1944 1791 1977 lanam
1835 1945 1872 1976 et
1913 1942 1970 1976 lac

190 1998 243 2032 ita
269 2001 309 2032 ut
334 1999 370 2033 in
397 2000 648 2044 spiritualibus
683 2004 830 2046 propter
855 2000 1069 2045 temporalia
1093 2012 1164 2034 non
1190 1999 1460 2044 impedirentur,
1495 1999 1558 2032 sed
1585 1997 1704 2042 potius
1730 1997 1773 2031 ad
1800 1996 1970 2030 maiorem

190 2051 258 2086 Dei
305 2053 455 2096 gloriam
473 2082 480 2095 ‚
530 2055 574 2088 ad
618 2054 888 2089 laudabiliorem
933 2054 1279 2089 administrationem
1321 2055 1650 2092 sacramentorum,
1702 2051 1745 2085 ad
1789 2049 1971 2084 meliorem

112 2108 120 2111 “
189 2105 351 2140 ordinem
378 2107 413 2140 in
441 2107 540 2141 cultu
566 2107 633 2142 Dei
660 2112 696 2142 et
722 2109 765 2142 ad
793 2108 962 2142 maiorem
1000 2107 1232 2152 hospitalium
1259 2109 1295 2140 et
1321 2116 1517 2151 pauperum
1545 2104 1853 2139 conseruationem
1884 2106 1971 2136 tem-

190 2159 329 2203 poralia
355 2164 664 2196 conuerterentur.
706 2162 832 2206 Neque
858 2164 1048 2206 propterea
1072 2163 1269 2195 excusatur
1286 2160 1420 2194 abusus
1447 2158 1601 2198 illorum,
1627 2158 1687 2201 qui
1706 2157 1820 2192 solum
1840 2156 1974 2190 habent

190 2213 337 2247 titulum
363 2214 525 2258 nihilque
552 2219 680 2249 curant
705 2217 775 2250 nisi
802 2227 968 2260 pompam
997 2215 1225 2254 mundanam,
1261 2225 1373 2253 arces,
1400 2224 1520 2247 muros
1547 2215 1582 2245 et
1609 2211 1885 2246 dominationem
1913 2221 1973 2243 ex·

190 2268 332 2301 ternam
354 2295 362 2303 .
383 2296 388 2302 .
409 2296 417 2303 .
438 2296 445 2309 ‚
485 2269 579 2303 unde
617 2269 782 2303 strictam
824 2269 966 2303 Christo
1005 2268 1179 2302 rationem
1218 2267 1378 2301 reddent.
1439 2265 1508 2300 Sed
1543 2276 1668 2299 rursus
1703 2264 1868 2298 excusari
1904 2274 1973 2297 non

192 2324 354 2365 possunt,
390 2322 450 2366 qui
478 2323 632 2357 auaritia
667 2325 703 2357 et
729 2323 864 2356 inuidia
890 2321 1074 2356 excoecati
1101 2321 1260 2355 clamant
1285 2319 1422 2354 nullum
1450 2319 1703 2362 magistratum
1731 2329 1810 2352 esse
1845 2316 1974 2350 debere

192 2374 377 2419 praelatis,
404 2375 541 2410 nullam
566 2379 784 2421 potestatem
803 2376 963 2418 regendi.
983 2403 991 2410 .
1011 2403 1018 2410 .
1039 2402 1046 2410 .
1073 2374 1153 2408 Veh
1179 2374 1352 2408 fratribus
1371 2373 1479 2407 Iudae
1505 2371 1745 2417 spoliantibus
1764 2369 1974 2409 Ecclesiam,

193 2427 255 2472 qui
290 2440 370 2462 cum
398 2429 535 2463 Iuliano
562 2433 598 2464 et
624 2429 733 2464 Decio
759 2430 905 2474 rapiunt
930 2429 973 2463 ad
1000 2440 1039 2463 se
1075 2429 1166 2462 bona
1193 2427 1520 2462 ecclesiasticorum
1548 2430 1584 2460 et
1619 2425 1824 2470 opprimunt
1863 2423 1973 2468 priui-

194 2481 291 2525 legia
318 2486 354 2517 et
380 2483 583 2517 libertatem
613 2483 927 2518 Ecclesiasticam“
960 2483 998 2524 (l.
1019 2494 1047 2516 c.
1069 2482 1092 2516 f.
1113 2482 1210 2515 57¹³-
1225 2482 1314 2523 59²¹).

319 2536 578 2580 „Evangelium
598 2537 640 2570 de
659 2536 838 2571 charitate
860 2538 897 2570 et
915 2536 1160 2571 Samaritano“
1187 2534 1251 2576 (Lc
1273 2535 1325 2574 10,
1352 2533 1523 2576 23-37),
1543 2532 1635 2576 quod
1661 2534 1738 2565 erat
1755 2530 1855 2564 Doni.
1876 2529 1976 2563 XIII.

194 2590 277 2633 post
302 2588 398 2624 Trin.
417 2590 496 2624 sive
523 2590 579 2624 28.
600 2591 756 2632 Augusti
786 2590 887 2623 1575.
930 2588 1050 2631 „Quae
1082 2589 1272 2633 praecipue
1299 2587 1456 2621 notanda
1482 2587 1516 2620 in
1544 2584 1777 2628 Euangelio“.
1822 2582 1977 2625 „Contra

194 2653 286 2686 quos
322 2655 460 2677 errores
487 2655 550 2677 nos
587 2646 702 2677 munit
729 2643 1002 2685 Eiiangeliuni“.
1058 2642 1130 2684 „De
1167 2644 1358 2686 praecepto
1384 2639 1610 2675 cha1·itatis“.
1666 2637 1876 2681 „Doctrinae
1912 2647 1976 2681 pro

195 2696 423 2741 simplicibus
449 2697 492 2731 de
519 2696 764 2739 char-itate“(l.
784 2708 813 2730 c.
834 2697 857 2730 f.
877 2694 1081 2738 602-66b).

319 2750 526 2793 „Dominica
545 2750 643 2784 XV.“
675 2753 755 2794 post
775 2750 877 2784 Pent.
895 2750 974 2784 sive
992 2750 1026 2783 4.
1045 2747 1267 2793 Septembris
1289 2748 1389 2782 1575.
1431 2745 1598 2780 Canisius
1624 2757 1669 2779 ex
1688 2743 1878 2787 evangelio
1905 2742 1975 2776 diei

196 2802 362 2837 hortatur
393 2804 437 2837 ad
474 2803 634 2848 leprosos
661 2803 847 2843 iuvandos,
883 2802 1089 2836 sacerdotes
1125 2801 1361 2841 honorandos,
1398 2803 1547 2844 peccata
1573 2798 1785 2838 confitenda,
1821 2795 1976 2839 gratiam

198 2854 272 2890 Deo
300 2855 499 2890 habendam
527 2858 594 2890 etc.
624 2856 663 2899 (l.
683 2868 712 2891 c.
733 2857 755 2890 f.
775 2856 976 2898 670-7520.

321 2908 522 2951 „Natiuitas
549 2909 706 2943 Mariae“
744 2909 822 2943 sive
857 2909 890 2943 8.
918 2907 1139 2953 Septembris
1173 2907 1274 2940 1575.
1330 2905 1401 2948 „De
1437 2905 1544 2940 Salue
1578 2903 1738 2947 regina“.
1789 2901 1977 2937 Canticum

198 2961 265 2996 hoc
291 2961 466 2996 ecclesiae
493 2962 653 3007 explicat
679 2965 714 2996 et
740 2965 865 2996 contra
896 2962 1125 3004 „nouatores“
1158 2959 1342 2993 defendit'
1371 2959 1410 3003 (l.
1430 2970 1459 2993 c.
1479 2959 1503 2992 f.
1524 2956 1724 3000 Tzur—82⁸).

323 3069 413 3103 ¹Cf.
446 3069 483 3102 F.
516 3069 646 3112 F[alk]‚
686 3069 750 3103 Die
779 3069 923 3112 Gegner
961 3068 1024 3102 der
1062 3066 1245 3111 Antiphon
1285 3065 1394 3099 Salve
1435 3065 1573 3107 Regina
1613 3063 1660 3097 im
1700 3060 1979 3096 Reformations-

199 3122 381 3162 Zeitalter,
418 3122 451 3156 in
484 3122 695 3164 ,Katholik“
728 3123 783 3157 83.
809 3122 935 3165 Jahrg.
964 3121 1009 3162 11,
1044 3120 1161 3154 Mainz
1192 3119 1291 3157 1903,
1320 3118 1518 3156 350—354,
1546 3120 1581 3151 et
1608 3119 1644 3150 J.
1675 3120 1717 3150 A.
1746 3116 1787 3149 F.
1815 3116 1981 3149 Kronen-

200 3177 292 3219 lmrg]
319 3175 356 3209 C.
377 3175 437 3209 SS.
458 3174 511 3215 R.,
539 3176 685 3209 Maria's
714 3175 962 3220 Heerlijkheid
990 3174 1025 3208 in
1044 3172 1247 3207 Nederland
1269 3172 1346 3210 Vll,
1375 3170 1603 3205 Amsterdam
1634 3169 1736 3204 1911.
1763 3167 1905 3201 42—43
1923 3166 1980 3205 49,
