2062 3443
732 176 880 209 Ineunte
906 178 942 208 et
968 175 1083 208 medio
1109 186 1141 209 a.
1167 175 1267 208 1573.
1799 179 1884 219 665

110 296 404 345 accesserant)
437 294 530 335 fore
557 297 602 336 vt
625 309 650 336 a
674 294 882 336 Graeciae
916 292 1156 335 ceruicibus
1180 293 1417 335 Turcarum
1452 294 1597 346 iugum
1634 293 1882 346 pelleretur,

110 363 154 402 et
187 361 370 412 Vtraque
394 360 590 401 Ecclesia
613 359 655 400 in
679 359 901 412 antiquam
936 357 1209 399 concordiam
1235 363 1526 401 reuocaretur.
1573 359 1666 400 Hac
1699 372 1776 411 spe
1809 359 1883 400 de-

109 424 275 466 iectus1
314 424 355 465 in
389 427 561 466 tantum
596 424 747 466 incidit
788 438 1040 472 moerorem,
1085 426 1135 464 vt
1176 423 1364 464 dolorem
1407 438 1530 464 suum
1569 423 1611 464 in
1645 423 1758 464 omni
1793 437 1884 465 ser-

109 503 234 531 mone
267 490 539 543 praeseferre
572 503 654 530 non
679 489 911 539 dubitaret,
946 489 1209 531 Graecorum
1240 488 1397 530 damno
1426 488 1613 530 maxime
1647 491 1882 541 permotus.

108 555 282 607 Agebat
323 555 463 596 adhue
506 555 548 596 in
594 555 712 596 Vrbe
757 554 925 607 magnis
970 554 1022 595 de
1067 553 1209 595 causis
1255 554 1562 594 Trucksessius
1601 555 1885 606 Augustanus

108 619 361 669 Cardinafis,
397 620 433 661 is
466 621 518 662 ad
553 620 837 662 auertendum
871 620 925 661 ab
959 633 1012 661 ea
1044 619 1246 660 molestia
1279 619 1370 659 eius
1393 620 1596 667 animum,
1635 619 1883 661 Pontificem

108 685 354 733 admonuit,
403 685 613 727 finitimae
659 685 916 727 Germaniae
960 684 1076 725 mala
1120 698 1203 724 non
1251 684 1403 725 minori
1448 684 1509 725 illi
1557 698 1706 733 curae,
1755 698 1882 736 quam

110 751 319 792 Graeciae
353 754 445 792 toto
480 751 585 791 mari
622 764 647 792 a
669 750 791 791 nobis
825 750 1003 791 dissitae
1036 763 1133 791 esse
1166 749 1337 798 debere,
1372 749 1630 802 faciliusque
1664 749 1755 790 eius
1791 749 1884 790 vul-

108 829 213 857 nera
246 816 386 857 adhuc
420 815 624 865 recentia,
659 830 786 868 quam
812 815 1020 856 Graeciae
1043 815 1127 856 iam
1151 814 1398 857 inueterata
1421 816 1565 856 sanari
1590 829 1729 868 posse.
1786 814 1883 856 Non

107 880 274 923 auersis
306 880 484 922 auribus
516 880 623 922 haec
657 881 826 934 accepit
849 880 1065 929 Pontifex,
1101 880 1418 933 desperataque
1453 880 1637 922 Graecia
1670 880 1724 921 ad
1759 894 1882 933 opem

109 946 366 988 Germaniae
400 945 624 987 ferendam
659 959 784 987 omne
817 946 1005 988 studium
1041 945 1279 987 conuertit:
1323 945 1546 987 consilium
1588 946 1641 987 ad
1675 946 1716 987 id
1751 959 1884 998 quae-

107 1011 245 1059 renti;
294 1011 507 1053 neminem
558 1025 709 1064 posse,
759 1011 1024 1053 commodius
1081 1011 1304 1053 consilium
1362 1011 1423 1052 rei
1474 1011 1610 1053 totius
1663 1011 1881 1065 expedire,

106 1076 331 1130 respondit
383 1076 689 1129 Augustanus,
744 1090 871 1129 quam
927 1076 1100 1118 Petrum
1155 1075 1395 1125 Canisium,
1442 1090 1464 1117 e
1509 1076 1727 1118 Societate
1777 1076 1883 1118 Jesu

107 1142 247 1183 virum
290 1142 500 1192 doctrina,
544 1141 640 1191 fide,
688 1141 890 1194 vitaeque
923 1142 1182 1192 sanctitate,
1230 1141 1464 1183 Germania
1505 1144 1599 1183 tota
1645 1142 1686 1183 in
1736 1142 1884 1195 primis

107 1208 293 1255 clarum;
328 1207 467 1261 ipsum
493 1206 769 1249 Germaniam
803 1221 912 1260 pene
935 1220 1118 1257 omnem,
1153 1206 1469 1260 primariasque
1494 1207 1632 1248 Vrbes
1655 1207 1881 1257 lustrasse,

106 1273 224 1314 viros
256 1271 474 1326 principes
507 1272 678 1321 adiisse,
723 1286 805 1324 quo
845 1273 992 1313 morbo
1026 1271 1224 1325 singulae
1257 1285 1454 1325 quaeque
1487 1277 1634 1326 partes
1668 1273 1881 1318 laborent.

105 1338 370 1391 inspexisse;
414 1336 568 1390 quibus
610 1337 810 1378 remediis
851 1337 996 1379 sanari
1039 1337 1229 1390 possint,
1276 1338 1463 1379 omnium
1511 1338 1672 1391 optime
1718 1341 1881 1380 tenere.

106 1403 284 1446 Accitus
318 1402 516 1453 Romam,
559 1402 722 1444 nullum
765 1416 860 1444 esse
902 1402 1048 1445 docuit
1080 1402 1354 1456 praesentius
1392 1403 1640 1453 remedium,
1685 1417 1813 1456 quam
1847 1402 1883 1444 si

108 1469 421 1511 Germanorum
457 1468 726 1509 alumnorum
751 1467 1001 1521 Collegium,
1035 1468 1119 1509 iam
1153 1468 1252 1509 inde
1285 1482 1310 1509 a
1343 1468 1491 1522 primis
1528 1473 1703 1510 nostrae
1738 1468 1882 1510 Socie-

106 1533 213 1576 tatis
260 1533 394 1575 initiis
442 1533 608 1575 Romae
652 1533 925 1583 institutum,
965 1547 1042 1587 per
1087 1533 1128 1574 id
1172 1536 1343 1587 tempus
1388 1533 1442 1574 ad
1476 1547 1570 1575 eam
1617 1534 1882 1588 paucitatem

107 1599 345 1649 redactum,
379 1602 429 1641 vt
450 1612 550 1640 raro
573 1599 803 1640 admodum
828 1598 1050 1640 duodecim
1075 1599 1345 1640 alumnorum
1379 1613 1602 1640 numerum
1637 1600 1881 1649 excederet,

107 1663 424 1711 subleuaretur,
470 1664 641 1717 aliaque
673 1678 752 1718 per
785 1664 1060 1705 Germaniam
1101 1663 1308 1705 eiusmodi
1342 1663 1535 1716 Collegia
1568 1664 1881 1715 excitarentur,

108 1729 260 1782 quibus
285 1729 489 1771 Germani
511 1729 810 1771 adolescentes
833 1728 1144 1771 Ecclesiastica
1167 1728 1393 1783 disciplina
1416 1729 1699 1783 doctrinaque
1722 1730 1881 1772 Catho-

108 1794 190 1836 lica
232 1797 276 1837 et
308 1795 446 1837 literis
478 1795 800 1844 educarentur-⁸,
844 1794 910 1835 his
942 1797 1097 1847 postea
1135 1795 1377 1848 paroeciae,
1423 1795 1669 1845 cathedrae,
1711 1796 1884 1848 aliaque

109 1859 422 1902 Ecclesiastica
453 1873 634 1901 munera
656 1859 1034 1907 demandarentur,
1069 1860 1188 1901 nulla
1220 1874 1266 1901 re
1289 1860 1429 1912 magis
1454 1861 1728 1902 Germaniam
1763 1861 1884 1902 labo-

108 1938 218 1975 rare,
265 1939 392 1978 quam
438 1924 584 1979 inopia
625 1924 851 1967 doctorum
893 1925 1189 1975 Sacerdotum,
1235 1925 1305 1978 qui
1352 1925 1546 1979 praesint
1589 1926 1794 1968 Ecclesiis
1839 1930 1884 1969 et

108 1991 348 2033 animarum
371 2004 515 2042 curae,
548 1991 731 2044 populos
753 1991 922 2032 sincera
945 1990 1144 2032 doctrina
1167 1991 1380 2041 erudiant,
1415 1994 1460 2033 et
1482 1991 1649 2044 loquaci
1674 1991 1884 2034 audaciae

107 2056 425 2098 haereticorum
459 2055 657 2098 doctrina
689 2059 734 2098 et
756 2055 1024 2109 Euangelica
1057 2055 1245 2098 veritate
1277 2070 1323 2098 se
1357 2059 1591 2110 opponant.
1648 2056 1883 2099 Probatum

108 2123 176 2163 est
215 2120 534 2175 sapientissimo
568 2121 767 2163 Pontifici
808 2121 1078 2175 integerrimi
1111 2121 1294 2163 hominis
1329 2122 1565 2164 consilium.
1630 2122 1734 2164 Inde
1777 2122 1884 2165 Ger-

108 2186 321 2228 manicum
355 2186 592 2240 Collegium
626 2186 671 2228 in
704 2186 834 2236 Vrbe,
873 2188 927 2229 ad
959 2187 1083 2236 hanc,
1128 2200 1253 2239 quam
1289 2200 1401 2228 nunc
1435 2187 1644 2237 videmus,
1679 2187 1883 2242 amplitu-

108 2251 249 2293 dinem
283 2251 526 2301 redactum,
559 2251 744 2304 aliaque,
780 2266 890 2305 quae
924 2266 1035 2293 nunc
1069 2252 1183 2293 felici
1208 2266 1334 2293 cursu
1362 2252 1715 2306 progrediuntur,
1752 2253 1885 2295 variis

110 2317 368 2359 Germaniae
409 2316 453 2358 in
486 2316 675 2358 Vrbibus
706 2317 934 2367 instituta:
962 2331 1105 2359 annuo
1138 2322 1352 2371 prouentu
1391 2317 1558 2371 copiam
1592 2318 1717 2359 simul
1751 2319 1884 2360 hone-

108 2385 296 2433 storum,
339 2382 466 2424 simul
509 2385 554 2424 et
595 2382 816 2424 doctorum
860 2383 1144 2425 Sacerdotum
1180 2382 1438 2425 Germaniae
1470 2383 1766 2437 suppeditant,
1813 2384 1884 2437 qui

108 2460 362 2500 quocunque
409 2446 667 2497 mittuntur,
721 2447 921 2490 haeresin
974 2448 1221 2502 profligant.
1300 2447 1469 2489 Profuit
1522 2449 1746 2490 consilium
1800 2463 1884 2491 non

110 2511 368 2554 Germaniae
412 2513 576 2563 solum,
623 2513 697 2554 sed
743 2513 840 2555 aliis
887 2513 1019 2555 etiam
1066 2513 1341 2563 nationibus,
1389 2513 1551 2555 maiore
1604 2528 1732 2566 quam
1778 2514 1884 2556 Ger-

108 2577 254 2618 mania
306 2580 428 2631 peste
481 2578 805 2628 laborantibus,
860 2579 1018 2633 quippe
1067 2579 1311 2621 Germanici
1362 2578 1541 2632 Collegij
1591 2579 1791 2633 exemplo
1840 2583 1887 2622 et

110 2642 290 2684 consilio
335 2656 361 2684 a
402 2642 572 2684 Canisio
617 2643 829 2693 indicato,
877 2644 1026 2686 eodem
1069 2644 1206 2685 ferme
1252 2647 1472 2697 tempore,
1523 2644 1577 2685 ab
1620 2645 1769 2686 eodem
1818 2645 1884 2686 vi-

108 2707 420 2760 gilantissimo,
467 2711 511 2750 et
552 2708 775 2761 religionis
817 2710 1128 2764 propagandae
1171 2709 1487 2751 studiosissimo
1532 2709 1754 2760 Pontifice,
1798 2710 1886 2753 alia

110 2771 303 2825 Collegia
347 2773 389 2814 in
434 2773 550 2815 Vrbe
591 2773 816 2816 instituta:
862 2775 1103 2828 Anglorum
1148 2774 1357 2828 primum,
1405 2788 1602 2824 numero,
1652 2775 1796 2817 studio
1841 2779 1886 2818 et

109 2838 273 2880 uirtute
306 2838 564 2880 Germanico
605 2839 720 2880 haud
762 2840 944 2881 multum
993 2840 1144 2894 impar.
1209 2838 1542 2893 Neophytorum
1588 2841 1797 2891 alterum,
1840 2841 1884 2882 in

110 2903 222 2957 quod
264 2907 417 2945 tenera
449 2906 598 2946 aetate
639 2903 939 2947 adolescentes
980 2918 1035 2946 ex
1067 2903 1284 2946 ludaismo
1327 2908 1372 2946 et
1405 2905 1796 2947 Mahometanismo
1830 2905 1884 2947 ad

229 2989 257 3019 a)
278 2987 460 3014 educaretur
481 2990 555 3014 Racl.

232 3071 240 3091 ¹
269 3070 393 3115 Neque
432 3071 705 3106 Maximilianus
739 3073 783 3106 ΙΙ.
803 3073 1005 3118 imperator,
1041 3084 1156 3117 neque
1193 3071 1342 3106 Carolus
1379 3072 1438 3108 IX.
1469 3072 1608 3107 Galliae
1646 3085 1709 3107 rex
1751 3073 1885 3106 foederi

110 3124 286 3158 adversus
304 3124 440 3159 Turcas
458 3125 554 3159 facto
572 3126 703 3160 ascribi
722 3125 910 3167 volebant;
938 3127 1046 3160 immo
1066 3126 1214 3159 Carolus
1233 3125 1370 3159 Tui-cas
1389 3126 1554 3166 fovebat3
1582 3129 1618 3161 et
1634 3126 1765 3160 Veneti
1785 3126 1887 3160 initio

110 3188 141 3211 a.
162 3177 252 3212 1573
280 3189 300 3211 a
327 3177 469 3212 foedere
495 3177 556 3212 illo
582 3181 821 3214 recesserunt.
