2051 3476
847 864 1063 926 Imprimi
1103 865 1267 925 potest

264 989 439 1031 Coloniae,
470 987 526 1022 die
551 987 607 1022 22.
629 986 764 1032 Aprilis
791 985 882 1020 1922

1441 1075 1575 1114 Bern.
1601 1073 1708 1122 Bley
1739 1074 1774 1112 S.
1797 1073 1846 1119 J.‚

1392 1135 1520 1179 Praep.
1540 1134 1644 1168 Prov.
1665 1133 1784 1168 Germ.
1812 1132 1878 1166 Inf.

898 1269 969 1314 Im
974 1267 1213 1328 primatur

262 1396 436 1439 Friburyi
461 1396 676 1439 Brisyoviae,
703 1394 759 1428 die
787 1393 842 1429 15.
862 1392 996 1439 Aprilis
1024 1392 1115 1428 1922

1347 1491 1392 1544 ss
1425 1488 1640 1544 Carolus,
1673 1489 1876 1544 Archiep.

810 1789 1076 1837 Protestatio
1108 1789 1301 1836 editoris».

295 1892 345 1926 Ut
370 1891 509 1935 legibus
535 1890 579 1924 ab
599 1890 743 1925 Urbano
761 1889 858 1924 VIII.
878 1890 1023 1924 Summo
1042 1888 1215 1923 Pontifice
1244 1889 1297 1923 13.
1317 1888 1441 1923 Martii
1461 1888 1562 1930 1625,
1589 1888 1620 1922 5.
1643 1888 1734 1922 Iunii
1757 1888 1843 1922 1631
1871 1890 1938 1922 etc.

175 1946 260 1980 latis
278 1956 320 1979 ac
338 1943 491 1978 decretis
510 1943 641 1978 Sacrae
659 1942 805 1977 Rituum
826 1942 1123 1986 Congregationis
1141 1942 1308 1984 satisfiat,
1328 1942 1442 1976 editor
1460 1941 1665 1987 profitetur:
1686 1940 1939 1985 Quaecumque

176 1999 212 2032 in
230 1997 297 2032 hoc
314 1997 496 2031 volumine
515 1998 707 2030 narrantur
726 1996 768 2030 de
787 1996 968 2030 hominum
989 1995 1180 2030 illustrium
1200 1994 1407 2036 virtutibus,
1433 1994 1628 2035 miraculis,
1646 1993 1939 2035 revelationibus,

177 2053 213 2085 et
238 2052 269 2085 si
295 2061 386 2095 quae
413 2049 483 2084 alia
508 2050 724 2091 referuntur,
751 2060 843 2093 quae
868 2050 1019 2083 naturae
1041 2049 1116 2083 vim
1142 2050 1178 2082 et
1203 2048 1444 2083 condicionem
1470 2048 1644 2082 excedere
1662 2047 1862 2090 videantur,
1888 2048 1939 2081 ita

176 2115 215 2139 se
241 2103 335 2138 velle
361 2102 535 2146 intellegi,
570 2104 611 2136 ut
636 2113 657 2136 a
682 2102 825 2147 privata
850 2104 991 2136 tantum
1023 2102 1237 2136 auctoritate
1273 2102 1434 2147 profecta
1460 2103 1497 2135 et.
1521 2101 1677 2136 humana
1702 2103 1843 2136 tantum
1868 2100 1940 2135 fide

177 2157 284 2201 digna
312 2168 390 2191 esse
417 2157 643 2197 censeantur,
670 2155 738 2189 nisi
765 2167 786 2190 a
811 2158 938 2190 sancta
964 2155 1116 2190 ecclesia
1142 2154 1339 2200 approbata
1363 2154 1446 2190 sint.

756 3027 911 3069 Omnia
942 3027 1037 3069 iura
1069 3029 1362 3070 reservantur.

713 3174 806 3208 Typis
826 3156 1032 3206 lierderianin,
1054 3175 1194 3208 Friburgi
1214 3174 1404 3208 Brisgoviae.
