2062 3443
674 54 734 67 “r

621 170 662 204 11.
691 170 912 204 Prooemium
942 169 1135 205 voluminis
1161 172 1315 216 septimi.
1745 185 1850 207 xxvii

87 287 143 321 vir
168 290 246 321 erat
271 286 364 322 acris
399 287 543 329 ingenii,
580 286 905 330 eloquentissimus.
942 286 1092 327 facetus,
1131 287 1164 320 in
1197 287 1266 321 fide
1293 287 1467 322 catholica
1496 288 1625 323 libellis
1653 290 1694 323 ad
1732 291 1850 335 populi

86 342 228 384 captum
248 340 525 374 accommodatis
551 339 773 374 defendenda
797 340 983 380 assiduus;
1011 340 1127 374 minus
1154 345 1272 374 tamen
1293 341 1436 375 valebat
1463 341 1614 376 scientia
1640 342 1851 388 theologiae.

87 396 122 428 et
147 393 305 428 ardentis
332 393 461 427 indolis
487 393 621 437 impetu
647 392 827 427 interdum
853 393 896 426 ad
924 404 966 426 ea
998 393 1210 437 proferenda
1236 394 1452 438 rapiebatur,
1488 407 1580 439 quae
1616 396 1758 440 probari
1785 409 1852 431 non

86 449 270 492 poterant;
297 446 432 481 dixisse
459 446 661 481 ferebatur:
697 446 935 480 Tolerabilius
962 449 1017 480 est
1043 446 1168 480 diebus
1194 447 1309 481 sacris
1335 448 1481 481 missam
1510 460 1577 481 non
1606 449 1719 483 audiri
1747 462 1852 494 quam

86 501 284 535 contionem
305 499 458 543 neglegi.
502 498 568 540 Qui
587 502 715 534 octavo
742 511 882 544 quoque
901 499 957 533 die
984 501 1133 544 peecata
1152 499 1377 540 confitentur,
1405 501 1498 535 haud
1527 501 1676 536 multum
1704 503 1854 537 fiduciae

86 554 121 588 in
142 553 213 588 Deo
231 553 406 588 collocare
425 553 601 587 videntur.
637 552 738 587 Solos
761 553 966 587 sacerdotes
987 556 1134 597 peccata
1155 553 1251 587 levia
1271 554 1432 588 confiteri
1452 556 1617 588 convenit
1645 557 1729 597 (173
1760 557 1852 599 174).

86 606 204 641 Nasus
236 606 357 650 igitur,
392 618 470 640 cum
508 606 585 640 loco
612 605 744 640 Canisii
771 607 995 640 contionator
1021 605 1161 640 aulicus
1188 607 1400 640 Ferdinandi
1430 607 1471 642 ΙΙ.
1499 608 1702 643 archiducis
1736 609 1854 643 factus

86 662 192 700 esset,
227 659 269 693 de
300 659 552 705 „hypocritis“,
591 659 967 704 „pseudoprophetis“,
1008 660 1172 704 „templis
1204 660 1457 703 angularibus“
1489 661 1616 695 iterum
1645 673 1686 695 ac
1712 662 1854 707 saepius

86 725 105 748 e
130 724 232 747 sacro
265 715 442 756 suggestu
479 713 528 746 ita
563 713 785 756 loquebatur,
822 716 862 746 ut
888 712 1079 746 Societatis
1114 713 1275 747 homines
1308 714 1352 748 ab
1386 726 1425 748 eo
1452 714 1647 757 significari
1674 715 1855 749 auditores

86 777 207 801 omnes
236 766 310 810 (qui
347 768 450 800 erant
485 766 642 811 plurimi)
672 766 777 800 facile
812 766 1082 809 intellegerent:
1120 768 1212 800 unde
1248 767 1367 807 fiebat,
1403 770 1441 801 ut
1478 768 1669 802 multorum
1701 769 1809 803 animi
1836 780 1856 803 a

87 819 265 855 Societate
291 819 535 856 alienarentur
556 820 640 861 (173
670 820 766 860 174).
802 818 901 853 Haec
928 819 1183 864 impedimenta
1202 819 1392 854 Societatis
1419 824 1569 855 externa
1589 825 1700 856 erant.
1738 823 1854 856 Unum

87 885 130 907 ex
165 873 314 907 internis
349 873 504 918 positum
540 876 618 907 erat
654 873 687 906 in
723 873 954 907 confessariis
988 873 1200 917 principum.
1243 873 1328 908 Vita
1364 874 1491 915 aulica,
1529 875 1648 909 aiebat
1679 876 1855 917 Canisius,

86 927 187 961 nobis
213 926 412 971 periculosa
439 930 512 966 est;
541 937 611 971 qua.
638 927 744 960 etiam
777 926 904 969 ,animi
934 927 1038 960 ferrei
1067 927 1184 969 frangi
1211 929 1275 960 aut
1301 927 1472 961 0111011111ι
1503 931 1670 973 possunt:
1704 929 1736 962 in
1766 929 1856 963 aulis

91 980 226 1025 „pisces
253 983 355 1014 extra
382 980 531 1025 aquam¹⁴
553 991 678 1014 sumus
707 979 766 1019 (17
795 980 893 1023 370).
934 979 1128 1024 Propterea
1147 979 1239 1014 Socii
1260 980 1472 1015 Germaniae
1499 983 1694 1026 superioris
1715 994 1744 1016 a,
1770 982 1856 1016 1573

87 1034 295 1078 congregati
321 1033 524 1078 petierunt:
562 1033 803 1077 Congregatio
830 1033 1009 1076 generalis
1036 1034 1282 1074 constitueret,
1309 1037 1350 1068 ut
1375 1034 1473 1068 solus
1500 1035 1726 1080 praepositus
1753 1047 1856 1079 gene-

86 1087 171 1122 ralis
197 1098 275 1121 eam
302 1098 376 1120 rem
403 1087 610 1132 permittere
637 1088 759 1131 posset
785 1089 820 1120 et
850 1085 1082 1128 ,difficuster‘
1114 1088 1340 1131 permitteret
1361 1088 1478 1131 (653).
1520 1089 1685 1123 Canisius
1703 1089 1856 1133 quidem,

87 1151 108 1175 a
134 1139 349 1184 Magdalena
383 1140 509 1183 regina
537 1141 659 1184 (quam
696 1151 805 1185 supra
841 1139 930 1182 dixi)
960 1139 1115 1180 adiutus,
1152 1140 1187 1174 id
1223 1144 1278 1175 est
1314 1145 1514 1180 assecutus.
1552 1147 1589 1175 ut
1615 1142 1796 1176 Florentia
1824 1145 1857 1176 et

90 1194 252 1228 Ferraria
278 1194 312 1228 in
341 1193 568 1228 Germaniam
598 1194 754 1228 redirent
780 1193 884 1235 Socii,
918 1193 977 1237 qui
1006 1194 1134 1227 ducum
1163 1194 1302 1228 illorum
1330 1195 1502 1229 uxoribus
1528 1207 1549 1230 a
1575 1196 1858 1230 confessionibus

88 1249 124 1281 et
149 1247 374 1282 contionibus
400 1250 544 1281 fuerant
573 1247 633 1290 (16
662 1247 705 1282 18
735 1248 837 1289 131);
866 1250 901 1280 et
928 1247 1178 1281 Mercurianus
1205 1248 1385 1290 generalis
1412 1248 1608 1283 Eleonorae
1634 1249 1857 1287 Austriacae.

89 1300 190 1335 ducis
216 1301 401 1335 mantuani
438 1301 590 1345 coniugi,
627 1301 886 1335 confessarium
924 1312 1133 1343 germanum
1162 1313 1180 1334 e
1207 1300 1386 1335 Societate
1414 1302 1498 1336 dare
1534 1303 1716 1337 recusavit
1745 1303 1858 1346 (148).

87 1353 210 1399 Neque
237 1366 322 1388 vero
358 1354 574 1398 Magdalena
609 1354 644 1388 in
679 1354 797 1388 locum
829 1354 865 1388 P.
895 1354 1123 1394 Hetzcovaei,
1160 1366 1274 1399 neque
1308 1354 1522 1390 Guilielmus
1551 1356 1728 1390 Bavariae
1763 1357 1860 1401 prin-

88 1419 171 1453 ceps
197 1408 232 1441 in
259 1408 373 1442 locum
403 1408 440 1442 P.
469 1407 628 1451 Mengini
664 1407 772 1441 alium
801 1407 1061 1442 confessarium
1087 1420 1106 1442 a
1134 1409 1337 1452 praeposito
1364 1409 1522 1452 generali
1550 1409 1719 1443 substitui
1750 1410 1858 1454 patie-

87 1461 228 1496 bantur.
267 1460 483 1504 Magdalena
502 1461 645 1495 Ganisio
672 1460 714 1495 ad
739 1472 778 1495 se
805 1461 978 1495 arcessito
1005 1461 1195 1506 epistulam
1224 1462 1268 1496 ad
1295 1463 1499 1505 generalem
1527 1463 1678 1497 dictavit
1705 1463 1859 1507 querelis

89 1515 230 1559 plenam
253 1515 375 1558 (454);
405 1518 440 1548 et
461 1514 631 1548 Hoffaeus
652 1514 884 1560 provincialis
905 1515 1115 1549 concederet
1134 1526 1283 1549 necesse
1304 1516 1382 1555 fuit,
1411 1518 1450 1549 ut
1471 1516 1729 1557 Hetzcovaeus,
1757 1516 1860 1550 homo

89 1568 251 1603 infirmus
276 1571 312 1603 et
341 1568 601 1610 stomachosus,
641 1580 682 1610 „a
707 1568 913 1612 regularum
941 1568 1192 1602 observatione
1223 1568 1312 1602 liber
1339 1570 1455 1603 esset“
1486 1571 1522 1603 et
1547 1581 1649 1604 suum
1687 1569 1860 1603 famulum

90 1624 126 1656 et
142 1633 227 1657 suas
250 1621 570 1665 „exhilarationes“
594 1621 761 1661 haberet;
789 1632 905 1665 neque
925 1621 1173 1656 Mercurianus
1200 1624 1341 1666 poterat
1358 1634 1426 1656 non
1446 1623 1599 1656 tolerare
1623 1623 1860 1667 perniciosam

90 1675 188 1710 illam
225 1679 261 1709 et
295 1676 529 1718 ⁷‚extortain¹‘‚
563 1679 603 1709 ut
637 1675 697 1717 ait,
738 1675 1051 1719 „permissioneni“
1085 1675 1198 1718 (466).
1250 1675 1303 1709 De
1329 1675 1499 1718 Mengino
1526 1677 1691 1711 Uanisius
1718 1677 1860 1720 quidem

91 1729 282 1764 Guilielmo
318 1729 469 1774 principi
507 1730 697 1774 persuasit,
734 1731 774 1763 ut
809 1729 840 1762 ei
876 1729 910 1762 in
944 1728 1026 1763 aula
1055 1729 1215 1763 versanti
1250 1729 1422 1763 conclave
1457 1730 1636 1764 modicum
1672 1730 1861 1774 cibumque

87 1783 318 1823 cotidianum,
346 1782 558 1828 disciplinae
585 1782 776 1826 religiosae
803 1794 923 1822 causa,
955 1783 1154 1827 praeberet,
1182 1785 1216 1816 et
1244 1786 1283 1816 ut
1310 1794 1390 1817 eum
1417 1783 1548 1818 cotidie
1574 1795 1714 1817 sacrum
1742 1784 1861 1817 facere

87 1835 237 1876 iuberet,
273 1836 427 1870 interdiu
454 1836 559 1870 otiari
585 1838 737 1876 vetaret,
770 1835 814 1869 ad
842 1837 1039 1880 pecuniam,
1076 1847 1184 1880 quam
1210 1836 1245 1870 in
1273 1847 1449 1881 pauperes
1475 1848 1543 1870 non
1571 1840 1767 1879 erogasset,
1794 1836 1861 1870 sibi

87 1889 303 1924 reddendam
330 1892 492 1933 cogeret3
530 1893 566 1923 at
593 1889 794 1933 Menginus,
822 1900 842 1923 a
869 1889 1012 1923 Canisio
1039 1892 1075 1922 et
1100 1889 1145 1923 ab
1171 1889 1248 1934 ipso
1275 1890 1500 1923 Mercuriano
1526 1890 1619 1924 serio
1647 1890 1860 1928 admonitus,

88 1954 167 1978 cum
202 1943 314 1978 semel
349 1946 458 1987 atque
494 1943 622 1977 iterum
659 1942 941 1977 emendationem
972 1942 1068 1976 vitae
1104 1942 1285 1987 pollicitus
1317 1947 1426 1987 atque
1459 1955 1656 1987 aggressus
1683 1947 1789 1982 esset,
1826 1943 1861 1977 in

87 1997 240 2042 pristina
264 2000 385 2030 tamen
412 2000 533 2030 errata
558 1996 750 2030 identidem
778 1996 971 2037 recidebat,
998 1999 1034 2030 et
1060 2007 1139 2030 cum
1167 1999 1339 2031 evocatus
1367 2000 1506 2030 tantum
1530 1997 1573 2031 ad
1601 1997 1861 2031 confessionem

88 2050 335 2095 excipiendam
372 2050 408 2083 in
443 2049 560 2084 aulam
596 2050 720 2084 venire
755 2050 922 2090 deberet,
962 2050 1107 2095 saepius
1144 2050 1351 2094 diutiusque
1387 2050 1422 2084 in
1459 2062 1499 2084 ea
1536 2051 1761 2091 morabatur,
1797 2061 1862 2084 nec

88 2105 292 2150 praeposito
327 2103 488 2147 generali
522 2103 630 2144 aliud,
666 2103 758 2148 quod
792 2106 927 2146 ageret,
959 2106 1156 2148 supererat,
1193 2104 1262 2137 nisi
1303 2103 1582 2146 „dissimulare“‚
1620 2104 1731 2138 donec
1767 2103 1864 2137 Deus

91 2157 264 2192 auxilium
300 2159 446 2191 afferret
483 2157 569 2201 (374
602 2158 670 2192 471
707 2158 777 2192 490
813 2158 880 2191 511
919 2157 1024 2201 827ss
1063 2156 1246 2202 prohibuit
1279 2160 1400 2191 tamen
1438 2157 1686 2191 Mercurianus
1722 2157 1863 2201 provin—

89 2211 182 2252 ciali,
215 2223 260 2245 ne
286 2212 479 2256 quicquam
506 2211 728 2252 concederet,
766 2211 859 2255 quod
886 2210 1078 2245 Societatis
1104 2211 1271 2245 instituto
1297 2212 1517 2245 contrarium
1544 2214 1657 2250 esset;
1691 2212 1862 2255 praestat,

90 2265 151 2306 ait,
176 2267 292 2299 totum
318 2264 509 2308 collegium
537 2275 750 2299 monacense
786 2264 902 2309 perire
930 2263 1043 2308 (471).
1096 2263 1197 2306 Quod
1227 2268 1348 2298 autem
1377 2265 1544 2299 Canisius
1570 2276 1601 2298 a.
1625 2265 1713 2298 1576
1741 2268 1865 2308 optan-

90 2318 172 2353 dum
208 2329 288 2353 esse
322 2318 416 2352 dixit
452 2318 574 2361 (371),
616 2322 656 2352 ut
692 2318 924 2352 confessariis
962 2318 1163 2363 principum
1207 2321 1325 2360 „certa
1365 2318 1509 2352 vivendi
1549 2317 1722 2352 formula‘*
1766 2328 1864 2362 prae-

90 2372 317 2414 scriberetur,
352 2375 475 2406 notum
503 2374 570 2414 est,
607 2372 744 2416 aliquot
769 2375 850 2417 post
877 2373 980 2406 annis
1007 2371 1196 2406 Claudium
1224 2372 1453 2416 Aquavivam
1480 2372 1725 2417 praepositum
1760 2382 1864 2414 gene-

90 2425 201 2460 ralem
229 2425 518 2468 ,ordinationem
545 2437 608 2470 pro
635 2425 866 2460 confessariis
893 2425 1111 2472 principum'‘
1136 2426 1379 2470 composuisse
1406 2430 1441 2460 et
1467 2426 1680 2460 servandam
1708 2436 1865 2459 curasse.

92 2479 306 2515 Guilielmus
325 2479 367 2514 V.
387 2479 459 2513 dux
484 2490 515 2514 a.
539 2480 628 2514 1578
655 2479 770 2524 petiit,
798 2483 838 2513 ut
863 2491 1006 2524 semper
1024 2479 1092 2513 duo
1112 2478 1204 2513 Socii
1231 2479 1371 2513 consilii
1397 2479 1589 2524 praebendi
1617 2489 1727 2513 causa
1744 2489 1864 2512 secum

92 2536 223 2575 essent,
259 2535 296 2567 et
321 2544 352 2568 a.
375 2533 464 2568 1580
500 2534 535 2567 111
562 2533 720 2567 animum
755 2532 910 2574 induxit,
946 2533 1133 2567 Hoffaeum
1170 2532 1426 2577 provincialem
1453 2533 1595 2566 senatui
1621 2531 1866 2566 ecclesiastico

91 2586 267 2621 Bavariae
287 2586 500 2631 praeficere;
528 2586 689 2621 Societas
708 2598 802 2628 vero,
831 2586 973 2620 Canisio
992 2588 1154 2630 urgente,
1182 2589 1374 2630 utrumque
1392 2586 1536 2627 abnuit;
1563 2589 1598 2620 et
1617 2585 1866 2620 Mercurianus

91 2640 271 2684 generalis
296 2640 338 2674 de
364 2640 591 2685 praefectura
617 2640 680 2675 illa
705 2640 873 2685 scripsit:
904 2640 990 2683 „Est
1016 2651 1074 2674 res
1093 2651 1113 2674 a
1131 2639 1233 2674 nobis
1259 2639 1500 2674 alienissima“
1533 2640 1618 2683 (449
1645 2639 1742 2683 541).
1780 2639 1866 2673 Con·

90 2693 262 2728 tentionis
289 2694 474 2728 materiam
501 2693 656 2738 amplam
676 2693 790 2728 Sociis
809 2693 1022 2728 Germaniae
1048 2693 1244 2738 superioris
1271 2693 1466 2738 praebebat
1492 2693 1656 2737 quaestio
1681 2704 1722 2726 ea
1748 2695 1867 2726 aetate

93 2747 250 2792 agitata:
288 2747 485 2781 possentne
512 2747 602 2781 citra
632 2747 766 2781 fenoris
793 2749 928 2781 crimen
955 2746 1048 2781 sumi
1074 2747 1183 2790 5⁰l0‘?
1225 2746 1357 2781 Selecti
1384 2747 1525 2791 quidem
1555 2745 1744 2781 Societatis
1771 2745 1867 2779 theo-

94 2800 168 2844 logi
195 2801 326 2834 Romae
353 2813 384 2836 a.
407 2800 497 2835 1573
524 2800 564 2834 Ρ.
582 2800 772 2835 Francisco
798 2800 923 2834 Toleto
958 2800 1122 2845 praeside
1153 2800 1410 2835 definiverant:
1446 2800 1484 2834 ld
1521 2799 1660 2834 licitum
1686 2811 1755 2833 non
1792 2799 1867 2833 fieri

99 2865 182 2899 „per
200 2853 310 2888 solam
339 2854 632 2888 consuetudinem
652 2855 762 2888 etiam
782 2854 863 2897 lege
889 2854 1096 2898 probatam“
1113 2867 1119 2894 ;
1149 2865 1254 2898 posse
1280 2857 1400 2887 tamen
1420 2854 1611 2888 Societatis
1629 2852 1868 2887 confessarios

94 2907 196 2952 sequi
227 2907 446 2952 „opinionem
475 2906 751 2942 Summistarum
779 2908 813 2941 in
844 2908 884 2941 15
913 2907 1067 2948 casibus,
1095 2907 1154 2951 qui
1181 2907 1297 2941 notari
1323 2907 1441 2942 solent
1467 2907 1510 2941 de
1536 2907 1742 2952 accipiendo
1769 2905 1867 2939 lucro

93 2960 189 2995 ultra
214 2965 347 2995 sortem
369 2962 402 2995 in
422 2965 555 2999 mutuo,
583 2961 749 3005 quamvis
767 2972 835 2995 non
855 2972 900 2994 ex
920 2962 1042 2994 mutuo
1069 2959 1154 3004 (672
1182 2961 1280 3004 673).
1316 2960 1390 2995 Nec
1408 2963 1530 2995 tamen
1549 2960 1616 2994 hoc
1641 2970 1813 3004 responso
1832 2959 1867 2993 in

96 3013 325 3049 Germaniam
344 3025 364 3048 a
383 3014 587 3059 praeposito
606 3013 765 3057 generali
784 3015 894 3048 misso
913 3025 1036 3048 omues
1055 3013 1350 3058 acquiescebant:
1379 3018 1416 3048 et
1441 3014 1476 3047 in
1495 3012 1648 3048 dioecesi
1666 3015 1868 3055 augustana

94 3067 245 3102 Ioannes
272 3067 456 3112 Egolphus
482 3078 503 3102 a
530 3067 737 3111 Knoringen
764 3067 953 3112 episcopus
981 3070 1127 3101 auctore
1154 3067 1312 3112 Caspare
1336 3067 1499 3101 Haivodo
1526 3066 1668 3110 collegii
1695 3065 1868 3108 dilingani

97 3120 199 3155 Socio
225 3120 455 3155 confessariis
480 3132 607 3155 severe
633 3120 825 3166 prohibuit,
852 3132 895 3154 ne
922 3121 999 3163 5⁰s0
1026 3123 1211 3155 sumentes
1237 3120 1485 3161 absolverent;
1522 3120 1584 3165 qui
1611 3131 1696 3154 vero
1730 3119 1763 3153 in
1792 3119 1868 3153 eius

95 3173 215 3208 locum
248 3174 442 3216 successit,
481 3174 720 3219 Marquardus
755 3185 775 3208 a
813 3174 924 3217 Berg,
963 3185 1037 3208 rem
1073 3173 1215 3208 omnino
1250 3174 1467 3209 contrariam
1501 3185 1628 3208 severe
1663 3172 1866 3218 praecepit;
