2051 3433
174 181 259 222 574
713 178 818 214 2072.
847 178 1014 213 Canisius
1041 178 1200 212 Oliverio
1227 178 1409 214 Manareo.

172 297 355 337 sanctam,
394 306 500 339 quam
537 295 705 329 fallacem
743 295 925 330 hominum
964 295 1141 339 gratiam,
1180 295 1345 330 dominus
1378 308 1444 331 nos
1478 308 1548 331 non
1585 297 1819 342 derelinquet.
1879 297 1948 332 Sed

173 360 265 382 vnus
291 361 347 382 me
384 349 500 383 adhuc
528 351 634 392 vrget
669 348 861 393 scrupulus
896 360 1001 393 quem
1038 348 1247 393 paternitati
1281 352 1426 384 vestrae
1460 362 1648 395 exponam,
1677 378 1684 386 .
1706 379 1712 385 .
1732 378 1739 386 .
1768 351 1860 395 quod
1886 379 1893 386 .
1913 378 1920 385 .
1941 379 1948 385 .

172 402 329 436 nesciam
365 402 446 447 alijs
473 403 503 436 si
530 413 620 446 opus
656 402 759 441 foret,
795 403 1021 447 respondere.
1073 402 1107 436 Si
1145 414 1212 436 non
1249 402 1420 437 debemus
1447 415 1512 437 nec
1548 415 1738 448 possumus
1764 405 1949 439 absoluere

171 455 253 490 illos
280 456 341 500 qui
368 456 679 500 praenominatum
716 458 940 490 contractum
978 458 1158 496 exercent,
1194 455 1338 500 signum
1365 460 1421 490 est
1447 457 1594 491 euidens
1620 462 1843 492 contractum
1871 470 1950 492 esse

171 509 206 542 in
243 521 281 543 se
318 509 463 543 malum.
515 508 550 542 Si
589 509 706 542 malus
741 511 796 543 est
832 521 895 543 cur
920 521 989 543 non
1025 509 1110 542 licet
1145 509 1246 543 illum
1282 509 1425 554 publice
1451 510 1633 552 detestari,
1671 514 1711 544 vt
1737 510 1819 556 alijs
1844 511 1951 545 timor

172 556 400 596 incutiatur?
442 562 508 596 1100
535 562 628 595 0111111
663 562 757 596 scire
783 563 890 596 debet
932 563 1130 607 paternitas
1166 565 1289 596 vestra
1331 562 1422 597 hanc
1462 563 1656 608 Rempub.,
1692 564 1777 598 item
1814 564 1949 598 Norim·

175 616 399 659 bergensem,
435 615 654 655 Ulmensem‚
690 627 813 650 omnes
850 617 934 650 item
962 616 1059 650 ciues
1085 628 1129 650 ne
1157 615 1271 650 dicam
1301 615 1500 651 Germanos
1525 610 1709 662 vtcunque
1738 618 1950 662 pecuniosos

171 668 237 703 hoc
264 671 452 703 contractu
480 669 673 713 implicitos
700 680 790 704 esse.
842 670 877 704 Si
913 672 1076 703 tacemus
1113 669 1181 714 ipsi
1207 669 1351 703 interim
1387 673 1541 714 pergunt
1568 682 1735 705 exercere
1771 671 1864 715 quod
1890 682 1950 705 ex-

171 726 304 764 ercent,
341 722 508 756 videntur
543 722 719 764 excusati,
755 726 818 757 aut
852 723 982 757 saltem
1018 734 1083 756 nos
1119 723 1313 767 participes
1340 723 1517 758 efficimur
1542 725 1681 769 peccati
1709 724 1829 769 alienj‚
1865 723 1949 768 quid

171 777 265 809 enim
305 775 443 810 faceret
481 776 635 821 populus
673 776 828 821 simplex
866 777 1008 820 quando
1048 776 1146 810 videt
1188 777 1483 811 consuetudinem
1523 777 1707 820 antiquam
1747 778 1889 812 defendi
1929 789 1950 812 a

170 829 409 872 Magistratu,
448 829 586 863 laudari
626 829 670 863 ab
706 829 902 874 Episcopo,
941 841 1010 864 non
1050 829 1263 873 reprehendi
1298 842 1319 864 a
1353 831 1653 865 contionatore?¹‘
1693 831 1754 873 (ex
1789 834 1949 875 autogr.;

171 882 290 917 Germ.
321 882 386 917 137
414 882 438 916 f.
468 883 563 926 150).
615 883 654 916 In
682 882 815 917 litteris
851 886 971 917 autem
1000 883 1037 916 P.
1062 884 1256 917 Theobaldi
1281 885 1367 918 Stoz
1394 883 1427 918 S.
1448 884 1492 925 J„
1525 895 1615 928 quas
1641 885 1822 919 Roseffius
1857 896 1949 918 00111-

169 940 366 976 memorat,
410 936 520 974 haec.
564 938 708 979 praeter
742 936 856 970 multa
895 936 985 976 alia,
1022 948 1042 970 a
1077 936 1283 970 Theobaldo
1323 949 1389 979 „ex
1424 937 1591 971 consilio“
1636 937 1775 972 Hoffaei
1810 937 1950 983 provin-

170 988 272 1023 cialis
308 989 475 1032 Augusta
511 990 543 1024 7.
575 990 660 1023 Maii
700 990 790 1024 1576
826 990 869 1023 ad
907 989 1173 1023 Mercurianum
1209 990 1480 1025 referebantur:
1516 990 1580 1024 Vir
1617 991 1763 1035 quidam
1803 990 1950 1033 „nobilis

170 1044 206 1076 et
232 1043 380 1087 potens“
421 1043 456 1076 in
489 1042 659 1076 familiari
703 1042 915 1085 „collatione
951 1043 1002 1076 ita
1040 1054 1180 1076 mecum
1217 1043 1302 1086 egit,
1343 1046 1383 1077 ut
1417 1043 1514 1078 nullo
1550 1044 1655 1078 modo
1689 1045 1795 1078 fateri
1832 1043 1950 1083 uellet,

169 1095 190 1129 5
216 1107 280 1140 pro
311 1096 376 1130 100
402 1095 576 1140 accipere,
613 1107 693 1130 esse
728 1101 936 1141 peccatum;
974 1096 1045 1129 imo
1081 1095 1295 1130 charitatem
1333 1096 1390 1130 uel
1426 1098 1583 1131 maxime
1618 1096 1686 1130 hoc
1719 1097 1824 1131 modo
1850 1108 1949 1131 exer-

170 1149 243 1183 ceri
278 1149 442 1194 putabat,
481 1151 517 1183 et
552 1152 655 1193 quasi
692 1149 860 1183 minando
895 1149 1009 1190 nobis,
1046 1149 1189 1183 dicebat
1215 1161 1254 1183 se
1288 1150 1411 1184 mirari
1448 1162 1512 1184 nos
1538 1149 1634 1184 solos
1668 1150 1752 1185 huic
1780 1154 1856 1184 tam
1882 1150 1951 1184 usi-

170 1204 247 1236 tato
283 1202 497 1243 contractui,
533 1214 724 1247 opponere,
760 1214 838 1237 cum
877 1202 937 1248 alij
966 1214 1107 1247 quoque
1134 1203 1208 1236 sint
1233 1204 1416 1237 Canonum
1444 1204 1627 1244 Doctores,
1658 1204 1718 1248 qui
1752 1206 1826 1238 tam
1862 1203 1950 1238 bene

169 1259 277 1300 atque
303 1268 369 1290 nos
395 1256 430 1290 in
458 1256 662 1290 Canonibus
689 1259 811 1290 essent
837 1257 984 1295 uersati,
1020 1260 1055 1290 et
1081 1258 1202 1290 tamen
1229 1256 1434 1290 huiusmodi
1460 1259 1683 1291 contractum
1714 1258 1951 1291 condemnare

168 1321 237 1343 non
274 1309 458 1351 auderent,
494 1310 650 1343 maxime
687 1322 766 1344 cum
802 1310 895 1344 scire
931 1310 1121 1354 possimus,
1156 1321 1273 1354 neque
1299 1310 1509 1344 modernum
1545 1311 1749 1355 episcopum
1777 1314 1950 1350 nostrum,

168 1365 330 1397 nostrum
366 1363 435 1397 hac
461 1363 496 1397 in
532 1367 634 1407 parte
660 1364 815 1407 rigorem
842 1374 956 1407 aequo
983 1363 1103 1397 animo
1138 1363 1307 1397 laturum.
1359 1363 1511 1398 Dicebat
1537 1365 1621 1398 item
1658 1366 1757 1398 certo
1782 1376 1822 1398 se
1847 1364 1950 1401 scire.

169 1415 350 1450 ι1111110111111
379 1416 579 1461 Imperiale,
615 1417 708 1460 quod
736 1420 868 1450 uocant
894 1416 1091 1456 Camerale,
1124 1416 1303 1450 ordinarie
1330 1416 1577 1461 pronunciare,
1606 1419 1645 1451 ut
1671 1417 1765 1452 inter
1789 1417 1951 1451 homines

169 1469 392 1513 promiscuae
418 1470 526 1504 sortis
553 1471 573 1504 5
602 1482 664 1514 pro
686 1470 762 1509 100,
790 1473 826 1504 et
850 1470 944 1504 inter
970 1470 1218 1513 negociatores
1245 1470 1267 1505 8
1293 1482 1357 1514 pro
1383 1473 1539 1512 centum,
1566 1482 1696 1505 census
1722 1470 1877 1512 nomine,
1904 1482 1948 1504 ex

169 1524 292 1557 mutuo
330 1523 576 1564 soluerentur;
616 1522 735 1564 Quare
774 1523 977 1558 consultum
1015 1523 1118 1557 nobis
1153 1524 1295 1565 aiebat,
1335 1526 1374 1558 ut
1408 1524 1502 1558 intra
1540 1524 1715 1569 templum
1753 1524 1788 1558 id
1823 1527 1879 1559 est
1915 1525 1948 1558 in

168 1576 420 1621 spiritualibus
438 1578 545 1612 rebus
563 1589 628 1611 nos
645 1577 912 1611 contineremus
931 1581 967 1611 et
981 1577 1088 1611 rebus
1106 1576 1263 1622 politicis
1277 1589 1342 1611 nos
1361 1589 1430 1611 non
1448 1578 1693 1612 misceremus.
1721 1577 1808 1612 Cum
1828 1581 1946 1611 autem

169 1631 463 1675 responderetur,
498 1643 563 1665 nos
599 1631 666 1665 hoc
700 1631 816 1665 solum
854 1631 1081 1672 contendere,
1117 1636 1157 1665 ut
1193 1643 1238 1665 ex
1264 1634 1388 1665 mutuo
1414 1631 1503 1665 nihil
1538 1631 1628 1666 lucri
1653 1632 1886 1676 acciperetur,
1913 1637 1949 1666 et

170 1684 263 1718 inter
288 1685 542 1728 negotiatores,
569 1687 606 1719 et
631 1696 693 1719 eos
719 1686 779 1729 qui
797 1685 1082 1728 negotiatoribus
1109 1685 1280 1730 pecunias
1306 1685 1464 1725 tradunt,
1490 1685 1612 1729 aliqua
1629 1685 1818 1719 iustificari
1845 1697 1949 1730 posse

170 1749 233 1782 per
251 1738 393 1772 modum
417 1739 602 1772 societatis
621 1766 628 1773 .
644 1765 651 1772 .
672 1766 680 1773 .
708 1750 800 1783 quae
826 1739 862 1772 in
880 1749 978 1772 mero
997 1741 1120 1772 mutuo
1146 1738 1263 1773 locum
1283 1737 1420 1772 nullum
1440 1738 1623 1780 haberent,
1651 1739 1739 1783 Jpse
1757 1739 1949 1783 respondet

169 1802 238 1824 non
266 1803 355 1836 opus
381 1803 461 1826 esse
487 1792 712 1835 ambagibus,
739 1791 870 1835 quibus
896 1792 1111 1832 uideremur,
1138 1791 1253 1826 Deum
1271 1791 1365 1825 uelle
1392 1791 1559 1837 dicipere.
1603 1791 1691 1826 Cum
1712 1792 1820 1826 etiam
1845 1804 1947 1837 prae-

170 1844 344 1886 tenderet,
379 1845 423 1879 ob
450 1845 648 1889 periculum
675 1846 784 1879 sortis
810 1847 997 1880 mutuatae
1023 1845 1159 1889 aliquid
1185 1844 1294 1879 licere
1321 1845 1446 1889 accipi,
1482 1846 1832 1890 respondereturque
1858 1845 1945 1879 illud

170 1897 380 1942 periculum,
407 1898 556 1943 pignore
583 1903 743 1943 accepto,
770 1899 878 1932 uitari
906 1910 1022 1943 posse,
1051 1898 1126 1944 ipse
1153 1898 1335 1932 iudicabat
1362 1898 1428 1932 hoc
1455 1910 1534 1932 esse
1561 1898 1763 1939 Judaicum,
1790 1899 1949 1932 minime—

169 1962 238 1995 que
273 1951 400 1985 decere
433 1952 688 1992 Christianum,
724 1963 833 1997 super
867 1953 1000 1997 pignus
1035 1951 1169 1996 aliquid
1206 1954 1382 1985 mutuare.
1528 1952 1715 1986 Postremo
1750 1955 1871 1986 tamen
1897 1951 1948 1986 ita

168 2016 224 2038 me
250 2004 385 2038 dimisit
412 2004 483 2045 ille,
510 2008 550 2039 ut
576 2006 722 2045 diceret,
761 2017 800 2039 se
827 2006 870 2039 de
896 2008 971 2039 toto
1007 2006 1151 2048 negotio
1178 2005 1387 2048 diligentius
1414 2005 1676 2048 cogitaturum“
1704 2007 1764 2047 (ex
1791 2010 1947 2049 autogr.;

169 2057 288 2092 Germ.
310 2058 377 2093 137
404 2060 428 2093 f.
451 2059 688 2099 1492—150³;
719 2061 759 2093 B.
782 2060 891 2093 Duhr
916 2058 951 2092 S.
971 2059 1016 2099 J.,
1070 2058 1135 2092 Die
1162 2058 1360 2092 deutschen
1387 2059 1551 2093 Jesuiten
1586 2059 1633 2092 im
1662 2058 1861 2101 5⁴'l0-Streit
1886 2059 1948 2093 des

170 2112 223 2145 16.
243 2111 520 2152 Jahrhunderts,
548 2113 583 2146 in
615 2112 842 2154 „Zeitschrift
868 2112 926 2146 fiir
951 2111 1178 2146 katholisehe
1204 2111 1420 2154 Theologie“
1448 2112 1578 2154 XXIV,
1605 2112 1825 2155 223—228).
1868 2112 1948 2157 Ipse

167 2165 295 2199 deinde
321 2167 497 2209 Hoffaeus
523 2167 690 2209 Augusta
717 2166 773 2200 21.
793 2165 929 2210 Aprilis
950 2166 1039 2199 1577
1059 2165 1326 2199 Mercurianum
1346 2166 1532 2199 *monuit:
1564 2166 1682 2207 „Sciat
1710 2165 1748 2200 P.
1767 2166 1807 2200 T.
1826 2176 1946 2200 casum

167 2218 210 2252 de
237 2219 270 2252 5.
297 2230 360 2263 per
395 2223 499 2253 cento
534 2221 637 2254 nobis
673 2220 807 2253 malum
833 2231 962 2253 nomen
998 2230 1145 2264 parere:
1183 2231 1251 2252 non
1280 2230 1425 2263 possum
1452 2231 1526 2252 rem
1555 2219 1726 2253 dilatare:
1762 2219 1819 2253 hic
1845 2219 1948 2253 mitto

167 2272 254 2306 duos
289 2272 379 2306 alios
414 2284 530 2314 casus,
568 2273 698 2307 saltem
726 2273 765 2308 P.
794 2273 838 2307 V.
866 2272 922 2306 his
949 2274 1001 2306 vti
1030 2273 1226 2318 permittat,
1263 2278 1304 2307 vt
1331 2273 1375 2318 ijs
1402 2273 1462 2316 qui
1490 2274 1522 2307 5.
1550 2285 1614 2317 per
1640 2275 1745 2307 cento
1772 2272 1866 2306 male
1888 2284 1947 2319 *ac-

167 2325 314 2370 cipiunt,
341 2326 476 2370 aliquid
503 2327 650 2372 remedij
678 2327 886 2360 adferamus
913 2326 1006 2370 quod
1033 2326 1269 2360 consolationi
1297 2337 1377 2360 esse
1404 2330 1533 2370 queat:
1559 2338 1604 2360 ne
1631 2338 1700 2360 11011
1726 2326 1841 2360 50111111
1869 2338 1947 2360 0011-

165 2380 338 2414 scientias
374 2380 573 2424 exagitare,
609 2380 673 2414 sed
708 2380 753 2425 ijs
789 2380 898 2414 etiam
933 2380 1091 2414 remedia
1126 2380 1268 2413 adferre
1296 2379 1390 2413 velle
1417 2379 1613 2413 videamur.
1665 2380 1840 2414 Nouerint
1869 2391 1948 2414 con—

166 2432 308 2478 fessarij
346 2433 398 2466 vti
424 2445 490 2467 sua
526 2433 725 2478 prudentia.
777 2434 817 2467 P.
847 2433 888 2468 V.
917 2434 947 2467 si
976 2433 1032 2467 1110
1059 2435 1156 2467 esset
1183 2433 1299 2475 magis
1326 2433 1429 2467 nobis
1455 2435 1733 2477 compateretur.
1786 2432 1822 2467 Si
1859 2432 1947 2467 haec

166 2485 234 2519 duo
253 2486 410 2520 remedia
429 2498 571 2530 quoque
590 2486 811 2531 reijciuutur,
838 2486 945 2520 facile
963 2486 1107 2530 quidem
1127 2486 1228 2520 nobis
1248 2486 1316 2520 erit
1334 2497 1458 2520 omnes
1476 2498 1497 2519 a
1522 2486 1692 2520 beneficio
1710 2486 1946 2520 absolutionis

166 2540 349 2584 repellere,
376 2542 413 2574 et
437 2540 587 2574 seruitia
612 2542 754 2574 tantum
782 2542 890 2584 atque
917 2540 1099 2574 mendicos
1124 2540 1335 2574 admittere:
1371 2540 1434 2573 sed
1462 2539 1546 2583 quid
1579 2541 1724 2573 tandem
1751 2539 1819 2573 hoc
1844 2539 1945 2573 nobis

168 2604 294 2636 parere
320 2594 446 2638 possit,
474 2605 543 2627 non
565 2593 714 2627 difficile
733 2598 789 2627 est
807 2593 995 2638 conijcere,
1023 2593 1235 2637 praesertim
1256 2604 1336 2626 cum
1357 2592 1417 2637 alij
1446 2593 1579 2637 passim
1607 2604 1729 2626 omnes
1748 2592 1947 2628 absoluant.

166 2650 202 2678 ct
227 2658 292 2680 nos
317 2647 385 2680 soli
411 2647 611 2692 scrupulosi
640 2649 675 2681 et
702 2648 789 2692 reip.
808 2647 1079 2692 perturbatores
1106 2646 1313 2680 habeamur.
1358 2646 1482 2680 Liceat
1502 2658 1588 2689 ergo
1607 2646 1709 2679 nobis
1735 2646 1791 2680 his
1809 2646 1947 2679 duobus

166 2699 309 2733 casibus
328 2700 381 2733 vti
408 2712 540 2744 eosque
568 2701 738 2745 priuatim
764 2703 904 2734 tantum
932 2699 977 2744 ijs
1003 2699 1155 2734 suadere
1182 2701 1242 2743 qui
1269 2700 1351 2733 illos
1378 2699 1547 2744 amplecti
1567 2699 1683 2733 velint
1709 2701 1745 2732 et
1770 2698 1842 2732 alia
1867 2710 1945 2732 con-

165 2752 247 2785 silia
273 2753 463 2787 admittere
490 2754 614 2788 nolint.
658 2754 831 2797 Theologi
854 2754 976 2797 aliqui,
1004 2764 1071 2786 non
1092 2764 1215 2786 omnes
1241 2753 1350 2786 huius
1369 2752 1577 2786 Prouintiae
1604 2751 1693 2786 haec
1712 2753 1780 2785 duo
1799 2751 1946 2785 consilia

166 2805 271 2839 aliter
298 2806 499 2850 improbare
517 2819 586 2840 non
616 2810 821 2851 potuerunt,
849 2818 956 2850 quam
976 2806 1069 2850 quod
1091 2806 1299 2839 viderentur
1317 2817 1420 2845 noua,
1448 2806 1602 2850 priuata,
1628 2809 1665 2839 et
1683 2805 1814 2849 quibus
1841 2804 1945 2839 facile

166 2858 297 2902 aliquis
324 2862 446 2903 posset
472 2860 598 2894 abuti·
618 2861 679 2894 sed
699 2872 743 2893 an
771 2860 836 2894 hoc
863 2860 954 2893 satis
980 2859 1039 2897 sit.
1066 2859 1173 2893 rebus
1200 2859 1251 2893 ita
1276 2859 1469 2898 stantibus,
1497 2862 1536 2892 vt
1564 2858 1774 2903 reijciautur
1792 2858 1945 2895 omnino,

166 2922 233 2953 ego
267 2924 336 2946 non
364 2915 555 2956 assequor“
589 2915 650 2955 (ex
679 2917 839 2956 autogr.;
870 2913 989 2947 Germ.
1013 2912 1078 2947 138
1106 2914 1129 2946 f.
1151 2913 1401 2955 15721—1582).
1453 2912 1506 2946 Ne
1543 2912 1595 2945 sic
1622 2911 1765 2956 quidem
1793 2911 1944 2945 multum

167 2965 366 3009 profectum
394 2969 459 3000 est.
506 2966 576 3000 Vix
603 2970 723 3000 autem
752 2966 966 3000 Guilielmus
987 2966 1029 2999 V.
1049 2965 1196 2999 Alberto
1216 2965 1259 2999 V.
1279 2968 1381 3010 patre
1400 2969 1540 2999 mortuo
1559 2966 1593 2998 in
1613 2965 1769 2998 Bavaria
1796 2975 1946 3007 regnare

166 3022 343 3062 coeperat,
372 3030 450 3052 cum
479 3031 543 3063 pro
570 3020 706 3064 pietate
725 3032 766 3053 ac
786 3019 958 3063 religione
977 3030 1043 3053 sua
1062 3020 1096 3052 in
1123 3018 1191 3053 hac
1210 3030 1319 3052 causa
1337 3019 1404 3053 sibi
1424 3019 1572 3062 suisque
1591 3018 1778 3052 consulere
1797 3017 1944 3051 studuit.

166 3072 219 3104 Ac
253 3072 406 3114 primum
443 3072 585 3115 quidem
613 3074 645 3107 8.
676 3073 860 3107 Februarii
891 3073 981 3107 1580
1016 3072 1173 3106 facultas
1209 3072 1297 3105 iuris
1332 3071 1366 3105 in
1394 3071 1634 3105 universitate
1661 3070 1944 3113 ingolstadiensi.

166 3135 203 3156 re
230 3135 309 3157 cum
347 3124 550 3167 theologica
587 3126 760 3160 facultate
789 3127 846 3167 (ut
873 3125 1032 3167 videtur)
1060 3136 1129 3158 non
1156 3124 1299 3164 collata,
1335 3125 1416 3158 duci
1442 3124 1637 3169 respondit,
1673 3124 1876 3168 pactionem
1903 3122 1944 3156 de

166 3176 241 3219 5⁰l0
266 3188 408 3222 semper
443 3178 605 3212 illicitam
637 3190 717 3213 esse
743 3191 859 3223 neque
886 3189 1044 3222 unquam
1071 3189 1091 3212 a
1127 3177 1287 3222 principe
1314 3178 1474 3222 permitti
1500 3189 1617 3222 posse.
1668 3177 1816 3217 Deinde,
1843 3179 1883 3210 ut
1909 3176 1941 3209 in
