2051 3433
191 184 276 225 570
727 181 831 217 2072.
861 182 1029 218 Canisius
1056 182 1216 217 Oliverio
1243 183 1423 220 Manareo.

248 300 275 352 †
311 300 400 341 Pax
434 298 591 340 Christi
623 299 729 341 Jesu
762 300 885 342 nobis
917 304 1109 350 aeterna,
1147 300 1387 342 Admodum
1422 302 1677 345 Reuerende
1712 304 1855 347 Pater.

308 370 422 419 Quas
457 370 501 411 P.
526 370 574 413 T.
610 372 687 411 24ο
720 371 955 425 superioris
988 371 1147 413 mensis
1180 371 1247 413 die
1280 372 1334 414 ad
1367 387 1436 414 me
1469 373 1598 424 dedit,
1643 388 1718 416 eas
1760 389 1888 428 quum
1922 375 1964 417 in

192 435 445 477 Prouintiali
478 437 695 477 conuentu
728 439 962 485 essemus¹‚
996 436 1156 490 accepi,
1191 451 1303 478 nunc
1327 438 1553 490 Augustae
1587 439 1762 491 degens,
1796 445 1840 482 et
1862 454 1964 482 mox

188 500 406 553 Dilingam
440 500 547 541 duce
580 501 828 543 obedientia
862 502 1176 555 profecturus2‚
1212 505 1256 544 et
1287 502 1491 545 fortassis
1520 503 1606 546 illic
1629 505 1759 546 etiam
1784 504 1962 559 hyema-

186 570 311 607 turus
344 565 513 607 Christo
547 565 752 619 propicio.

305 630 659 683 Quandoquidem
703 631 765 674 ita
807 632 898 673 Deo
940 646 1106 673 summo
1149 632 1292 673 visum
1339 635 1419 684 est,
1460 637 1509 676 vt
1547 634 1754 687 optimum
1789 635 1962 677 Patrem

187 695 478 737 Generalem3
511 695 567 737 ad
600 695 808 750 optimam
842 696 1225 750 beatissimamque
1259 698 1394 739 vitam
1428 699 1703 750 transferret,
1740 699 1842 742 licet
1873 700 1964 741 eius

186 760 328 803 obitus
361 760 484 802 nobis
516 764 561 803 et
583 761 792 803 Societati
826 762 954 803 ualde
987 761 1195 805 acciderit
1227 762 1449 805 luctuosus
1481 765 1562 806 hoc
1594 767 1804 819 tempore,
1838 765 1880 806 in
1914 778 1963 807 eo

141 851 144 853 -
185 839 290 867 sane
314 825 502 867 diuinam
527 825 619 868 eius
647 826 964 880 prouidentiam
989 828 1302 881 praedicamus,
1328 829 1440 881 quod
1464 842 1560 870 eum
1585 829 1798 872 demortui
1822 830 1965 872 Patris

187 890 404 932 Vicarium
449 890 630 940 dederit,
676 897 828 944 quem‘*
869 906 946 934 nos
989 892 1178 934 maxime
1221 893 1492 947 optabamus,
1536 897 1579 936 et
1613 895 1664 936 de
1697 895 1818 936 cuius
1852 895 1965 937 elec-

183 955 333 998 tione4
364 956 569 1010 permulti
605 957 716 998 haud
753 957 878 998 dubie
911 957 992 999 sibi
1024 958 1192 1011 totique
1226 958 1433 1001 Societati
1466 959 1518 1001 in
1552 960 1780 1002 Domino
1803 960 1965 1002 Jesu5

184 1021 536 1073 gratulabuntur.
584 1022 679 1075 Ego
713 1026 832 1064 certe
865 1023 933 1064 uel
968 1038 1051 1064 non
1086 1023 1275 1065 monitus
1307 1024 1348 1065 id
1383 1025 1631 1078 praestabo,
1664 1025 1782 1067 nullo
1817 1028 1864 1068 vt
1896 1025 1964 1067 die

186 1086 230 1129 P.
256 1087 304 1130 T.
339 1101 422 1128 non
457 1087 754 1129 commendem
788 1087 983 1138 Domino,
1028 1089 1099 1141 qui
1132 1103 1253 1131 suam
1293 1089 1353 1131 illi
1387 1091 1575 1142 gratiam
1609 1090 1664 1132 ad
1696 1090 1776 1132 hoe
1809 1104 1964 1133 munus

187 1152 317 1205 digne
350 1152 592 1194 obeundum
627 1153 799 1207 copiose
831 1153 1144 1196 subministret.

306 1218 372 1259 De
405 1217 580 1271 negotio
604 1217 800 1271 Reginae
832 1232 928 1260 cum
962 1219 1007 1261 P.
1037 1218 1291 1261 Prouintiali
1323 1222 1471 1262 nostro
1505 1221 1680 1271 contuli,
1715 1224 1760 1263 et
1792 1220 1964 1274 Vtrique

186 1282 324 1324 uisum
358 1288 438 1332 est,
484 1283 528 1327 P.
553 1283 599 1325 T.
634 1283 785 1325 literas
818 1283 880 1325 illi
912 1298 996 1325 non
1031 1297 1126 1326 esse
1160 1284 1453 1327 reddendasss:
1488 1285 1636 1327 utilius
1678 1286 1791 1327 enim
1832 1289 1965 1339 atque

184 1348 462 1401 tranquillius
503 1362 593 1390 rem
638 1363 806 1390 omnem
854 1349 907 1390 ad
951 1363 1108 1390 nouum
1153 1350 1409 1392 Generalem
1455 1351 1756 1405 Praepositum
1802 1351 1964 1393 differri

183 1418 316 1466 atque
361 1414 478 1468 reiJ'ci
521 1428 660 1467 posse.
726 1414 900 1456 Interea
940 1417 988 1457 ut
1029 1414 1104 1457 illa
1145 1415 1363 1457 tantillum
1406 1430 1553 1457 morae
1598 1416 1794 1458 modeste
1834 1416 1962 1467 ferat,

189 1479 316 1520 facile
349 1479 511 1534 poterit
544 1479 612 1521 hic
644 1479 885 1534 impetrari.

304 1544 466 1586 Verum
509 1544 561 1586 de
594 1545 674 1587 1100
712 1545 819 1598 ipso,
864 1548 907 1587 et
940 1544 1143 1587 Andreae
1178 1545 1326 1587 Poloni
1369 1547 1413 1588 et
1445 1546 1491 1588 P.
1516 1545 1654 1599 Crucij
1688 1546 1862 1600 negotio
1896 1561 1963 1589 re—

184 1609 397 1663 spondere
430 1610 705 1663 supersedeo,
740 1610 1087 1663 quandoquidem
1117 1611 1249 1652 Pater
1281 1614 1430 1654 noster
1462 1611 1743 1653 Prouintialis
1776 1625 1830 1653 ex
1865 1626 1963 1665 pro-

186 1674 301 1716 fesso
334 1675 522 1729 scripsit,
566 1679 609 1718 et
644 1676 933 1718 mutationum
976 1676 1217 1729 aliquarum
1261 1690 1415 1718 causas
1457 1677 1658 1727 reddidit,
1703 1690 1810 1729 quas
1842 1677 1888 1720 P.
1914 1677 1962 1721 Τ.

185 1753 270 1781 11011
303 1739 598 1794 displicituras
632 1754 727 1782 esse
761 1741 967 1783 confid07.

306 1805 425 1847 Jllud
468 1805 579 1847 scire
624 1806 833 1860 optarim,
883 1806 984 1859 quid
1028 1806 1101 1848 uni
1149 1809 1395 1849 nostrorum
1443 1807 1500 1849 sit
1548 1806 1818 1858 faciundum,
1868 1821 1961 1849 cum

183 1870 373 1925 exempli
412 1871 570 1924 gratia,
611 1871 751 1913 literis
790 1871 943 1925 Nuntij
976 1871 1215 1926 Apostolici
1251 1872 1465 1926 Delphini,
1511 1873 1581 1925 qui
1615 1873 1854 1914 Brixiensis
1896 1877 1963 1914 est

307 1964 334 1995 a)
357 1964 497 1995 Sequitur
516 1970 573 1989 nos
594 1965 637 1989 vel
657 1970 729 1994 non,
748 1964 839 1988 omitt.

307 2066 315 2085 ¹
342 2064 393 2098 De
422 2064 488 2098 hae
516 2066 795 2108 congregatione
824 2064 1035 2110 provinciali
1063 2064 1243 2099 Monachii
1271 2076 1289 2099 a
1318 2065 1350 2099 d.
1372 2066 1426 2099 14.
1445 2065 1489 2099 ad
1519 2066 1573 2100 19.
1593 2065 1814 2110 Septembris
1841 2065 1963 2099 habita

183 2118 264 2152 vide
292 2118 396 2159 infra,
425 2130 579 2152 monum.
602 2118 704 2152 1261.
853 2119 865 2139 ²
891 2118 982 2152 Vide
1010 2129 1061 2159 ea,
1089 2129 1181 2162 quae
1208 2119 1274 2152 sub
1301 2119 1400 2163 ipsas
1426 2118 1492 2152 has
1518 2119 1660 2153 litteras
1687 2119 1862 2153 dicentur.

307 2172 319 2191 ⁸
347 2171 626 2205 Mercurianum.

303 2226 314 2245 ⁴
343 2226 430 2259 Cum
470 2225 721 2259 Mercurianus
760 2225 934 2259 vicarium
974 2225 1179 2269 generalem
1219 2237 1287 2258 non
1327 2225 1565 2268 designasset,
1604 2225 1728 2259 statim
1768 2227 1848 2270 post
1887 2225 1962 2259 eius

183 2281 333 2312 mortem
372 2291 416 2312 ex
445 2278 747 2312 constitutionum
786 2278 978 2312 Societatis
1014 2279 1238 2323 praescripto
1275 2279 1484 2322 congregati
1520 2282 1606 2313 sunt
1641 2279 1791 2323 professi
1830 2277 1964 2312 Romae

182 2332 366 2376 degentes,
394 2332 453 2376 qui
482 2337 584 2365 erant
603 2332 667 2372 26;
695 2335 731 2365 et
749 2331 793 2365 ab
820 2332 875 2365 his
895 2332 1053 2366 vicarius
1072 2332 1209 2366 electus
1228 2335 1283 2366 est
1302 2332 1495 2366 Man-arens
1517 2332 1682 2375 (Astraia
1704 2331 1725 2366 l.
1746 2343 1774 2366 c.
1795 2331 1844 2365 111
1863 2331 1962 2374 207).

303 2386 315 2405 ⁵
341 2385 429 2419 Rom
462 2387 513 2424 14,
541 2386 605 2423 44:
636 2385 714 2419 Phil
743 2386 773 2426 2,
803 2386 865 2425 19;
896 2387 909 2419 1
941 2385 1056 2419 Thess
1083 2387 1115 2425 4,
1146 2387 1182 2425 1;
1216 2385 1350 2419 Philem
1380 2386 1400 2419 5
1427 2388 1494 2419 etc.

302 2440 314 2459 ⁶
345 2439 417 2472 Has
444 2439 488 2472 ad
517 2439 771 2482 Magdalenam
799 2438 940 2472 litteras
968 2451 1002 2472 v.
1021 2450 1131 2482 supra
1158 2450 1190 2483 p.
1211 2439 1410 2473 559—560.

303 2493 314 2511 7
341 2492 470 2526 Nescio
497 2504 587 2536 quas
614 2494 761 2535 Hoffaez'
796 2492 938 2526 litteras
966 2492 1131 2525 Canisius
1158 2492 1348 2535 significet.
1400 2492 1452 2525 De
1479 2491 1623 2525 Andrea
1651 2490 1875 2525 Gomoliiiski
1904 2490 1963 2524 ille

182 2545 357 2590 *scripsit
385 2545 571 2579 Monachio
611 2547 663 2580 11.
694 2545 915 2590 Septembris
945 2545 1055 2580 1580:
1095 2544 1239 2587 „Isthnc
1276 2545 1439 2585 veniet“;
1477 2548 1513 2578 et
1549 2545 1591 2578 de
1621 2544 1657 2579 P.
1678 2544 1806 2578 Iacobo
1834 2543 1959 2578 Crusio

184 2599 336 2641 (Kraus)
366 2599 530 2633 Venetiis
565 2611 707 2643 operam
747 2599 937 2633 Germanis
973 2601 1193 2642 praestante,
1230 2610 1334 2642 quem
1371 2601 1407 2632 et
1443 2598 1519 2642 ipse
1556 2601 1590 2631 et
1627 2597 1794 2631 Canisins
1829 2597 1963 2631 Lands-

181 2653 314 2695 bergae
350 2664 413 2697 pro
442 2653 478 2686 P.
502 2653 755 2686 Bonaventura
784 2652 981 2687 Paradinas
1018 2653 1231 2694 magistrum
1259 2651 1479 2685 noviciorum
1507 2652 1602 2685 effici
1630 2651 1832 2695 cupiebant,
1870 2651 1963 2684 idem

181 2706 356 2749 *scripsit
391 2706 580 2739 Monachio
617 2707 672 2739 27.
705 2706 859 2749 Augusti
890 2707 999 2740 1580:
1038 2705 1204 2747 „Vtinam
1233 2705 1272 2738 P.
1302 2705 1343 2739 V.
1373 2705 1517 2738 mandet
1553 2704 1654 2738 nobis
1682 2708 1720 2738 vt
1756 2704 1964 2737 remittatur

183 2758 221 2792 Ρ.
243 2758 393 2792 Crusius
419 2758 509 2793 cito:
537 2771 625 2802 egeo
655 2759 772 2793 Pater.
815 2759 915 2793 Fecit
942 2758 1025 2792 mihi
1056 2758 1094 2791 R.
1127 2759 1163 2792 P.
1184 2758 1224 2791 N.
1254 2770 1285 2802 p.
1316 2770 1360 2791 m.
1389 2769 1489 2802 spem
1516 2758 1592 2791 fore
1620 2761 1658 2791 vt
1685 2761 1857 2791 externus
1883 2757 1962 2790 sub-

184 2811 359 2845 stituatur
387 2812 533 2846 Crusio:
571 2813 708 2846 vtinam
745 2813 798 2846 sic
824 2813 907 2846 fiat:
944 2824 1009 2854 ego
1037 2812 1129 2845 enim
1168 2816 1311 2855 praeter
1338 2811 1503 2845 Car-olum
1532 2810 1746 2855 Leopoldnm
1785 2811 1962 2844 neminem

182 2864 294 2898 habeo
330 2876 434 2907 quem
463 2865 683 2899 substituere
712 2866 856 2910 possim,
892 2870 926 2899 et
954 2871 1073 2899 tamen
1112 2865 1168 2898 1110
1195 2865 1391 2908 reficitur&
1443 2864 1489 2898 Et
1518 2865 1571 2898 11.
1602 2863 1823 2908 Septembris
1852 2863 1961 2898 1580:

185 2918 305 2960 „Rogo
334 2917 373 2950 P.
394 2918 434 2951 V.
456 2921 495 2951 vt
522 2922 618 2952 recta
648 2919 716 2953 huc
744 2919 904 2952 remittat
933 2919 970 2953 l'.
990 2918 1179 2952 Crusium:
1217 2930 1282 2961 ego
1310 2919 1405 2952 enim
1431 2929 1550 2952 corani
1580 2917 1711 2951 Romae
1749 2917 1854 2951 facile
1881 2928 1961 2950 cum

184 2970 292 3014 socijs
319 2971 494 3015 supplebo
522 2972 554 3005 111
584 2973 831 3015 cognoscendo
859 2973 962 3005 modo
990 2984 1059 3015 quo
1087 2971 1221 3005 Romae
1248 2972 1282 3004 in
1301 2971 1487 3005 Nouitiatu
1516 2974 1678 3010 vtuntur,
1705 2981 1809 3014 quem
1837 2969 1964 3003 deinde

183 3024 221 3057 P.
242 3024 368 3057 Crusio
395 3025 673 3058 communicabo.
727 3026 799 3058 Aut
826 3025 854 3059 si
886 3025 921 3059 Ρ.
944 3024 984 3058 V.
1005 3027 1107 3069 putet
1134 3024 1248 3067 magis
1275 3025 1446 3068 expedire
1472 3026 1513 3057 vt
1540 3024 1687 3057 Romam
1724 3024 1823 3067 prius
1849 3022 1963 3056 abiret

181 3079 218 3110 et
253 3088 371 3110 cotani
409 3077 600 3121 inspiceret
638 3079 760 3112 modos
796 3083 832 3112 et
865 3079 1008 3111 ordines
1035 3077 1139 3111 istius
1166 3077 1383 3114 Nouitiatus.
1420 3089 1488 3111 non
1515 3077 1658 3111 omnino
1684 3076 1750 3110 hoc
1777 3075 1963 3120 displicet:

182 3129 243 3163 sed
275 3141 409 3172 quaeso
446 3130 509 3163 fiat
546 3130 610 3164 hae
639 3131 778 3175 hyeme,
815 3134 853 3165 vt
889 3131 1017 3165 deinde
1054 3130 1236 3164 nobiscum
1266 3131 1380 3164 redire
1417 3131 1530 3175 possit
1556 3131 1590 3164 in
1618 3130 1869 3164 Germaniam⁴⁴
1901 3130 1961 3170 (ex

181 3182 437 3226 autographis:
466 3182 585 3217 Germ.
610 3185 674 3218 158
702 3186 723 3218 f.
745 3184 835 3217 258³
862 3184 960 3227 280).
