2051 3433
160 183 245 225 682
726 181 820 216 Mon.
845 181 946 215 1144.
993 182 1046 215 15.
1065 180 1231 215 Octobris
1259 181 1362 215 1573.

159 298 259 333 Meos
294 310 435 343 quoque
471 297 695 332 consiliarios
730 298 834 343 cupio
869 297 1070 333 confirmari
1108 298 1146 331 P.
1179 297 1327 331 Petrum
1368 297 1562 339 Canisium,
1603 299 1642 334 P.
1673 299 1932 334 Theodoricum

159 352 353 393 Canisium,
373 352 411 387 P.
432 352 621 386 Alfonsum
641 351 824 386 Pisanum.
860 351 929 385 Pro
950 352 986 386 P.
1004 352 1148 396 Lanoyo
1167 351 1301 385 caeteri
1320 354 1447 396 optant
1465 351 1635 397 substituj
1655 352 1693 386 P.
1709 352 1933 395 'I'orrensem,

158 406 220 439 sed
261 417 341 439 cum
382 405 503 439 nullus
539 404 828 438 consiliariorum
865 416 1025 439 meorum
1062 405 1110 438 sit
1145 404 1365 446 Germanus,
1405 416 1570 449 cuperem
1607 405 1777 440 substitui
1817 407 1934 451 potius

159 458 198 493 P.
230 460 405 493 Joannem
445 458 665 492 Rabenstein
703 458 793 492 satis
831 458 920 492 bene
956 458 1222 502 qualificatum,
1262 460 1298 491 et
1331 470 1396 493 suo
1433 462 1592 503 tempore
1631 459 1934 504 prouinciabilem.

161 514 256 547 Ηιιίσ
273 515 314 546 de
341 513 560 547 consiliariis
585 513 823 555 provincialis
836 514 1001 555 petitioni
1020 513 1058 546 P.
1078 513 1287 545 Posset-inus
1306 513 1493 546 Soce’etcctis
1509 515 1723 547 secretarius
1739 525 1806 547 sua
1825 525 1933 547 manu

160 569 198 599 in
226 567 388 610 maryine
414 567 605 609 ascripsit:
631 565 784 598 Videtur
809 565 938 599 bonum
967 565 1155 599 dicendum
1183 567 1219 598 et
1245 566 1338 609 quod
1365 565 1500 599 iustum
1527 567 1584 599 est
1609 568 1648 600 ut
1674 565 1832 601 habeant
1849 567 1935 601 Ger-

159 631 317 654 manum.
370 621 411 653 In
448 621 653 652 litterarum
679 624 796 652 autem
823 619 937 652 Roma
964 622 1018 653 14.
1049 620 1256 652 Novembris
1284 621 1376 653 1573
1410 620 1594 659 datarum,
1623 632 1691 663 per
1726 632 1816 664 quas
1842 622 1936 655 Mer-

159 676 337 707 cim-ianus
371 674 522 716 Hoffaeo
559 673 762 715 respondit,
802 673 1010 716 apoyrapho
1049 673 1185 713 (eodem
1222 673 1299 714 fere
1337 678 1491 716 tempore
1523 674 1675 716 scripto)
1714 674 1799 707 haec
1833 679 1934 708 sunt:

160 726 361 761 Consiliarii
381 753 388 760 .
417 752 423 759 .
451 752 459 760 .
497 729 602 759 erunt
621 752 628 759 .
649 753 654 758 .
675 752 682 758 .
719 724 883 759 Rectoris
918 724 1160 770 Aenipontani
1198 725 1236 759 P.
1265 724 1450 766 Canisius‚
1488 725 1526 760 P.
1557 726 1758 761 Guilelmus
1794 726 1936 767 Eldren,

159 780 198 814 P.
228 779 424 822 Gregorius
452 778 610 823 Crispus,
647 778 686 812 P.
708 778 848 823 Gaspar
874 778 1153 821 Obergasserus,
1190 778 1248 812 uel
1276 778 1315 812 P.
1345 778 1523 822 Georgius
1558 779 1728 814 Rotarius
1749 805 1756 814 .
1776 808 1783 815 .
1804 807 1811 815 .
1849 781 1935 814 Con-

158 832 284 877 siliarij
312 832 351 866 T.
371 832 411 866 R.
433 832 470 866 P.
491 831 733 866 Theodoricus
762 832 938 873 Canisius,
966 832 1005 866 P.
1025 831 1231 876 Alphonsus
1258 832 1423 874 Pisanus,
1461 833 1500 866 P.
1522 833 1678 867 Joannes
1705 833 1935 868 Rabenstein.

278 885 347 920 Hic
382 885 492 929 igitur
518 885 649 920 Petrus
676 885 842 919 Canisius
877 885 912 919 in
947 896 1097 919 numero
1124 885 1408 919 consiliariorum
1444 886 1677 930 provincialis
1702 887 1841 931 positus
1868 899 1936 921 non

158 942 225 975 est.
276 941 324 973 At
359 940 436 973 eius
471 951 600 973 nomen
635 939 772 973 librarii
799 939 888 973 vitio
923 939 1095 973 omissum
1129 950 1208 973 esse
1243 938 1468 982 intellegitur
1502 941 1578 973 tum
1607 951 1651 974 ex
1678 940 1809 981 verbis,
1845 951 1937 985 quae

158 993 380 1027 Possevinus
406 992 583 1037 epistulae
610 992 749 1026 Hoffaei
776 992 956 1037 ascripsit,
990 994 1067 1026 tum
1094 1004 1139 1025 ex
1165 1003 1216 1034 eo,
1244 992 1336 1036 quod
1365 994 1516 1037 quartus
1542 993 1778 1035 consiliarius,
1814 994 1875 1038 qui
1901 995 1937 1028 in

159 1047 294 1081 Canisii
329 1046 445 1080 locum
472 1046 644 1080 substitui
671 1046 808 1087 debeat,
844 1046 880 1079 in
907 1046 1114 1091 apographo
1150 1045 1211 1079 illo
1246 1057 1315 1079 non
1343 1048 1570 1088 memoratur,
1606 1050 1682 1081 tum
1710 1047 1866 1081 maxime
1893 1060 1937 1081 ex

158 1100 272 1144 ipsius
311 1099 444 1134 Canisii
479 1099 612 1134 litteris
647 1099 702 1134 22.
733 1099 942 1134 Decembris
971 1100 1060 1134 1573
1097 1099 1141 1133 ad
1169 1099 1435 1133 Mercurialium
1462 1099 1575 1141 datis;
1612 1112 1647 1134 v.
1666 1112 1776 1146 supra
1803 1113 1835 1146 p.
1858 1101 1936 1136 154.

159 1154 199 1188 Ρ.
218 1153 455 1188 Wendelinus
481 1153 596 1187 Volck
632 1155 750 1187 rector
776 1153 1037 1198 oenipontanus
1065 1152 1265 1197 Oeniponte
1293 1153 1347 1187 16.
1378 1153 1560 1187 Februarii
1590 1154 1681 1188 1574
1710 1155 1937 1189 Mercuriano

159 1207 352 1252 *scripsitz
394 1206 637 1249 „Consilia1·ii“
676 1207 747 1240 mei
781 1209 884 1241 sunt:
924 1206 1088 1249 „Primus
1116 1206 1154 1241 P.
1183 1206 1313 1240 Petrus
1348 1205 1525 1241 Canisius.
1577 1207 1616 1241 P.
1638 1207 1853 1242 Guilielmus
1880 1208 1937 1242 El-

160 1261 321 1295 derensis
349 1260 427 1305 (qui
453 1263 490 1294 et
517 1261 672 1295 monitor
691 1271 791 1294 meus
810 1260 881 1304 est)
903 1278 911 1285 ·
931 1260 969 1294 P.
990 1260 1167 1303 Georgius
1187 1260 1335 1305 Crispus
1357 1277 1364 1285 ·
1383 1259 1422 1294 P.
1442 1260 1627 1306 Gasparus
1646 1260 1933 1305 Obergasserus“

163 1315 224 1359 (ex
251 1317 412 1358 autogr.;
442 1313 564 1348 Germ.
585 1313 651 1348 135
678 1325 711 1349 n.
737 1313 831 1357 164).

161 1406 303 1443 1144.
379 1407 427 1443 15.
450 1406 620 1443 Octobris
645 1406 738 1443 1573.

280 1467 336 1501 Ex
362 1467 600 1512 autographo.
645 1467 765 1502 Germ.
790 1467 857 1501 153
884 1467 908 1502 f.
930 1466 1162 1501 26812—2692.

282 1529 458 1571 Hoffaeus
480 1529 717 1571 provincialis
744 1532 864 1570 censet,
894 1528 1079 1561 Cam'sium
1107 1529 1323 1572 contionari,
1351 1538 1422 1561 non
1448 1527 1601 1560 scribere
1626 1527 1755 1562 debere.

280 1600 329 1642 P.
355 1599 564 1654 Hoffaeus
587 1599 865 1653 provincialis
887 1598 1116 1641 Monachio
1143 1601 1210 1642 15.
1231 1598 1433 1641 Octobris
1454 1600 1566 1641 1573
1589 1599 1644 1641 ad
1667 1599 1937 1641 Everardum

161 1664 481 1706 Mercurianum
515 1665 811 1719 praepositum
845 1665 1093 1718 generalem
1127 1664 1300 1706 litteras
1322 1664 1454 1715 dedit,
1487 1664 1530 1705 in
1554 1665 1721 1718 quibus,
1755 1679 1827 1707 res
1860 1678 1938 1720 pro

162 1743 283 1771 more
315 1744 392 1772 suo
426 1729 499 1782 (cf.
534 1744 666 1784 supra
699 1745 739 1784 p.
765 1731 869 1783 577)
901 1729 1094 1772 nonnihil
1128 1743 1407 1784 exasperans,
1442 1730 1549 1771 haec
1582 1743 1678 1771 eum
1711 1730 1937 1773 monebat:

167 1794 341 1844 „Quoad
372 1795 608 1849 operarios,
643 1809 761 1844 vere,
794 1794 1050 1836 Reuerende
1083 1794 1227 1843 Pater,
1272 1809 1442 1837 summa
1474 1798 1542 1837 est
1573 1795 1755 1849 penuria
1787 1798 1831 1837 et
1863 1809 1938 1837 ne—

161 1860 343 1902 cessitas
375 1864 554 1914 tamque
587 1863 936 1902 commensurata
977 1862 1079 1902 sunt
1112 1860 1257 1902 omnia
1299 1862 1347 1902 vt
1388 1860 1423 1901 si
1466 1861 1617 1902 vnicus
1657 1860 1938 1903 concionator

161 1928 429 1978 aegrotaret,
463 1940 548 1967 non
572 1928 688 1968 esset
712 1926 783 1979 qui
807 1925 936 1979 digne
968 1928 1118 1979 posset
1139 1925 1359 1980 substituj.
1407 1926 1451 1968 Si
1485 1926 1699 1980 principes
1731 1926 1938 1979 obsequia

160 1993 315 2044 petant
347 2005 431 2033 non
465 1991 717 2045 impetrant,
751 1991 925 2034 interim
959 2005 1037 2032 nos
1071 1991 1268 2044 cogimur
1299 1991 1354 2032 ab
1386 1990 1492 2045 ipsis
1515 1994 1559 2034 et
1580 2004 1712 2045 saepe
1735 1993 1780 2033 et
1801 1991 1939 2034 multa

160 2058 311 2109 petere
353 2060 397 2099 et
439 2057 638 2098 volumus
679 2057 937 2111 impetrare:
971 2057 1067 2109 Ago
1113 2058 1257 2097 autem
1300 2056 1572 2110 potissimum
1616 2056 1668 2098 de
1710 2056 1938 2098 conciona-

161 2121 328 2162 toribus
370 2125 415 2164 et
457 2121 735 2176 confessarijs
768 2121 947 2172 idoneis,
990 2121 1180 2163 maxime
1222 2121 1411 2163 omnium
1455 2122 1507 2163 de
1540 2121 1937 2164 concionatoribus:

162 2190 206 2228 et
239 2186 410 2240 quidem
445 2200 501 2228 ex
533 2187 599 2228 his
632 2191 699 2229 est
723 2186 1051 2241 Oenipontanus
1085 2186 1395 2229 concionatorl
1428 2187 1616 2229 Flander
1648 2189 1693 2229 et
1723 2187 1872 2239 lingua
1895 2189 1940 2228 et

162 2265 242 2293 vsu
274 2252 388 2294 male
420 2255 624 2295 versatus
656 2252 918 2306 ingenioque
951 2251 1060 2294 satis
1094 2251 1281 2293 difficilis
1315 2266 1440 2305 quem
1474 2252 1568 2294 sola
1599 2252 1838 2294 necessitas
1870 2265 1938 2293 re—

161 2316 273 2359 tinet
304 2317 348 2359 in
382 2317 607 2360 cathedra.
672 2318 806 2360 Pater
838 2317 1035 2359 Canisius
1068 2317 1241 2358 omnino
1275 2318 1371 2359 vult
1404 2318 1552 2359 viuere
1585 2318 1639 2359 ad
1672 2320 1844 2371 tempus
1876 2316 1940 2358 di-

161 2381 307 2435 lingae
341 2385 389 2424 vt
421 2397 545 2424 suum
579 2383 734 2424 librum
767 2383 919 2425 finiat2
952 2385 996 2424 et
1029 2382 1222 2424 concioni
1246 2396 1405 2424 vacare
1427 2396 1511 2424 non
1535 2385 1679 2436 potest
1703 2383 1778 2424 sed
1801 2395 1940 2435 neque

161 2447 324 2501 poterit
346 2447 380 2489 si
405 2448 597 2490 scribere
620 2451 816 2501 cogatur.
838 2481 846 2490 .
873 2482 881 2490 .
908 2483 916 2490 .
943 2448 1068 2490 Solus
1091 2446 1407 2501 Augustanus3
1429 2448 1472 2489 in
1498 2447 1791 2489 concionando
1815 2460 1940 2501 prae-

161 2512 306 2553 clarus
339 2514 420 2555 est.
458 2547 466 2555 .
503 2547 511 2556 .
547 2547 556 2556 .
591 2513 791 2566 Excepta
830 2516 1018 2566 augusta
1062 2512 1219 2565 vbique
1265 2516 1366 2555 sunt
1410 2512 1659 2567 paucissimi
1703 2512 1938 2562 auditores,

161 2591 291 2629 quum
325 2578 654 2620 concionatores
687 2578 774 2621 sint
805 2578 969 2631 ingrati
1012 2581 1056 2620 et
1088 2578 1271 2632 populus
1304 2579 1358 2619 ad
1391 2581 1598 2619 externos
1630 2577 1834 2619 confluat.
1860 2610 1869 2620 .
1895 2610 1903 2619 .
1929 2611 1938 2620 .

162 2642 350 2684 <Interim
385 2643 550 2697 petitur
587 2657 757 2697 quoque
802 2648 954 2686 nostra
995 2657 1128 2697 opera
1168 2643 1209 2684 in
1253 2643 1358 2684 locis
1400 2643 1471 2685 vbi
1513 2647 1615 2686 sunt
1646 2642 1940 2696 amplissimae

162 2721 326 2749 messes
359 2723 436 2761 pro
471 2709 689 2752 concione.
716 2743 723 2751 .
751 2743 759 2751 .
786 2743 793 2751 .
829 2709 886 2750 Jn
919 2709 999 2750 hac
1028 2709 1162 2761 igitur
1193 2711 1320 2750 tanta
1352 2708 1616 2750 necessitate
1639 2743 1649 2752 .
1675 2742 1683 2750 .
1710 2742 1719 2750 .
1753 2720 1940 2761 suggero

164 2771 245 2813 hoc
279 2774 592 2827 qualecumque
624 2774 863 2825 consilium,
898 2773 1114 2816 Videlicet
1147 2773 1219 2826 qui
1254 2773 1321 2814 vel
1353 2772 1630 2816 mediocriter
1662 2775 1808 2827 potest
1840 2786 1940 2814 con-

164 2836 325 2891 cionarj
376 2853 459 2880 non
506 2839 721 2892 gubernet
768 2839 839 2881 vel
886 2838 921 2880 si
965 2838 1211 2893 gubernare
1257 2838 1428 2880 omnino
1475 2838 1602 2881 debet
1646 2837 1699 2893 ijs
1743 2837 1786 2879 in
1835 2836 1940 2879 locis

164 2902 378 2953 gubernet
401 2903 472 2944 vbi
507 2906 652 2957 potest
685 2904 809 2945 simul
835 2903 1093 2946 concionari.
1147 2904 1265 2946 Jtem
1294 2903 1365 2956 qui
1399 2907 1545 2957 potest
1578 2901 1823 2944 concionari
1856 2915 1941 2943 non

164 2966 329 3009 scribat
362 2968 506 3018 libros,
542 2972 618 3011 aut
650 2969 685 3009 si
718 2969 990 3011 scribendum
1025 2971 1104 3018 est,
1139 2968 1394 3010 secundario
1417 2971 1587 3010 tantum
1622 2970 1667 3009 et
1695 2967 1812 3009 horis
1845 2980 1941 3008 suc·

291 3076 296 3088 ·
328 3070 364 3104 P.
385 3070 564 3105 Antonius
592 3072 785 3112 Guisanus‚
814 3073 1040 3106 contionator
1066 3071 1267 3116 parochiae.

287 3123 300 3143 ⁹
326 3123 470 3157 Librum
501 3125 543 3158 de
571 3125 609 3159 B.
631 3125 745 3159 Maria
772 3125 934 3169 Virgine,
961 3128 1086 3159 contra
1113 3125 1393 3159 Centuriatores.

286 3179 298 3197 ³
326 3176 365 3211 Ρ.
388 3177 586 3221 Gregorius
613 3178 825 3223 Rosephius‚
854 3178 1072 3213 cathedralis
1098 3178 1273 3212 ecclesiae
1300 3173 1534 3212 contionatur.
