2051 3433
225 222 301 245 Lxu

276 327 366 362 1580

275 494 366 528 1:380
417 537 418 540 Ἴ

277 660 367 695 1580
418 678 419 681 ¹

277 771 367 806 1580
418 749 419 800 ἶ

277 936 368 972 1580
418 909 419 928 1

277 997 368 1032 1580

278 1162 364 1196 1581

278 1326 365 1361 1581

379 210 433 245 lll.
461 209 618 244 Tabulae
645 208 917 252 chronologicae
945 209 1040 242 vitae
1067 207 1199 242 Canisii
1229 207 1318 242 1580
1345 206 1428 241 Dec.
1450 207 1503 241 12.
1531 225 1573 231 —
1596 206 1684 241 1581
1713 206 1788 241 Ian.
1808 206 1840 242 2.

529 325 612 361 Dec.
635 325 687 360 12.

548 1161 623 1195 Ian.
645 1160 675 1194 1.

549 1326 623 1361 lan.
643 1327 674 1360 2.

528 492 612 526 Dec.
634 491 686 526 18.

531 657 612 692 Dec.
633 657 687 691 20.

529 769 613 804 Dec.
633 769 688 803 21.

530 936 612 970 Dec.
634 935 689 969 22.

530 995 613 1030 Dec.
634 995 690 1029 25.

820 324 1039 359 Bonhomius
1075 325 1108 358 in
1145 327 1271 358 senatu
1308 323 1345 358 C.
1373 326 1410 358 et
1435 323 1627 358 Societatis
1663 322 1855 367 collegium
1890 323 1995 358 vehe-

878 380 1017 412 menter
1043 377 1287 416 commendat;
1319 379 1506 411 senatores
1531 388 1595 422 pro
1623 377 1661 411 C.
1689 377 1756 412 sibi
1782 376 1937 412 adducto
1962 376 1995 411 ei

878 432 1017 475 gratias
1043 434 1156 474 agunt
1185 430 1298 474 (859).

820 489 918 524 Dom.
939 490 999 524 IV.
1020 490 1111 524 Adv.
1140 488 1175 523 C.
1196 489 1424 524 contionandi
1449 500 1579 523 munus
1598 489 1634 523 in
1653 488 1786 534 templo
1805 489 1839 524 S.
1858 489 1996 524 Nicolai

880 543 1098 587 ingreditur;
1135 543 1178 576 de
1213 542 1403 586 evangelio
1429 542 1498 576 diei
1534 545 1570 576 et
1605 543 1734 577 animis
1761 542 1804 577 ad
1829 541 1996 577 Natalem

881 597 1013 631 Christi
1041 596 1296 641 praeparandis
1324 595 1411 630 dicit
1437 595 1553 640 (862).

821 656 908 690 Cum
929 655 1124 690 Bonhomio
1148 656 1271 690 nuntio
1291 654 1486 700 apostolico
1504 654 1540 689 in
1557 654 1815 689 monasterium
1835 653 1997 690 Marsens

881 711 982 743 venit
1011 709 1125 752 (866).

822 769 859 803 C.
886 768 1026 802 nomine
1063 767 1254 802 Societatis
1290 779 1311 802 a
1338 766 1532 801 Bonhomio
1568 767 1694 801 nuntio
1728 766 1925 812 apostolico
1959 767 1996 801 in

881 822 1039 855 omnium
1065 821 1236 855 bonorum
1273 821 1510 855 marsensium
1546 821 1811 866 possessionem
1841 820 1998 856 mittitur

882 874 998 918 (867).

823 932 911 968 Cum
938 933 1134 968 Bonhomio
1159 933 1253 967 redit
1282 933 1338 975 (ut
1363 932 1521 976 videtur)
1550 931 1774 978 Friburgum
1803 932 1918 977 (868).

823 993 888 1027 Die
914 993 1127 1027 Nativitatis
1155 992 1294 1026 Domini
1323 992 1360 1027 C.
1389 992 1423 1026 in
1449 992 1582 1038 templo
1609 991 1797 1027 S.Nicolai
1823 993 1867 1027 de
1892 991 1999 1027 huius

882 1046 976 1081 sacri
1015 1046 1083 1080 diei
1119 1046 1257 1080 ratione
1295 1048 1330 1080 et
1365 1048 1465 1080 recta
1490 1046 1734 1080 celebratione
1772 1046 1999 1081 contionatur

822 1159 888 1194 Die
924 1158 1216 1194 Circumcisionis
1251 1157 1393 1192 Domini
1421 1157 1458 1193 C.
1485 1158 1522 1192 in
1556 1158 1691 1204 templo
1727 1158 1761 1193 S.
1780 1158 1921 1194 Nicolai
1956 1159 1999 1193 de

882 1213 975 1247 sacri
1013 1212 1082 1247 diei
1117 1212 1255 1246 ratione
1291 1214 1327 1246 et
1363 1212 1405 1245 de
1446 1212 1571 1254 „xenio
1603 1211 1828 1256 elargiendo“
1868 1212 1999 1247 contio·

882 1269 989 1300 natur
1018 1265 1133 1309 (863).
1416 1274 1421 1277 ’

824 1327 977 1361 Senatus
1004 1325 1243 1368 friburgensis
1262 1324 1436 1368 Gregorio
1454 1324 1550 1359 XIII.
1569 1337 1634 1370 pro
1656 1325 1808 1370 collegio
1834 1325 1998 1361 instituto

883 1384 919 1413 et
946 1378 982 1413 C.
1010 1378 1119 1413 misso
1146 1378 1283 1422 gratias
1310 1378 1387 1421 agit
1416 1377 1529 1423 (861).
