2062 3443
713 167 809 202 Mon.
835 167 936 202 1093.
982 166 1225 201 1571—1580.
1769 169 1851 210 607

82 285 281 320 rationibus
316 284 436 327 colligi
474 287 510 318 et
545 284 657 319 conici
695 286 868 329 oporteat.
919 283 960 317 In
999 294 1146 317 numero
1183 282 1293 326 igitur
1329 283 1618 318 exhortationum
1655 282 1854 328 Oeniponte

82 339 186 373 annis
215 337 448 373 1572—1580
474 337 518 372 ab
544 349 585 371 eo
612 337 816 371 habitarum
842 336 909 371 hae
934 339 1020 370 sunt
1046 336 1253 380 ponendae:

205 404 232 437 1.
264 402 337 444 „De
371 401 638 436 tribulatione“.
695 401 838 443 „Dicam
868 402 884 435 1
923 400 966 435 de
993 400 1013 434 3
1049 412 1179 444 genere
1216 400 1460 435 tribulationis
1487 401 1508 435 2
1535 401 1627 445 quod
1654 401 1738 435 licet
1764 402 1852 435 desi-

81 456 206 490 derare
241 460 278 489 et
314 455 450 498 a[inare
477 454 603 498 eam].“
659 455 870 500 Explicatur
907 453 1033 496 regula
1069 453 1132 487 illa
1168 453 1369 494 Societatis,
1405 466 1496 498 quae
1531 466 1625 488 nunc
1661 457 1716 488 est
1745 454 1797 489 11.
1819 454 1853 488 in

85 508 305 550 „Summario
322 508 661 542 Constitutionum“.
690 507 992 542 Commentarium
1012 506 1185 551 scriptum
1202 509 1256 541 est
1272 519 1291 541 a
1308 507 1519 541 Balthasare
1534 506 1687 541 Arnoldt
1704 508 1809 549 (Can.
1826 509 1854 542 1.

81 562 98 595 f
125 562 334 604 65b—67³);
371 563 472 595 cuius
507 573 615 606 opera
652 561 687 595 in
723 560 948 595 contionibus
982 560 1182 594 scribendis
1210 560 1375 594 canisius
1402 560 1602 605 Oeniponte
1637 561 1681 595 ab
1717 563 1855 595 aestate

81 626 111 649 a.
134 616 220 650 1571
251 615 358 658 (Can.
378 614 425 648 VI
453 615 521 649 625
548 614 632 657 628)
672 626 785 658 usque
821 613 864 648 ad
892 625 938 648 m.
958 612 1202 658 Septembrem
1231 625 1261 647 a.
1291 614 1380 647 1572
1417 617 1451 648 et
1479 614 1522 648 ab
1550 613 1663 658 Aprili
1694 614 1784 647 1574
1810 614 1853 647 ad

80 668 320 702 Novembrem
350 668 439 702 1575
467 667 618 701 multum
645 667 815 701 utebatur
843 667 905 709 (cf.
924 678 1034 711 supra
1060 678 1092 711 p.
1119 667 1162 700 97
1191 665 1289 709 230).
1336 666 1634 701 Exhortationem
1660 679 1703 701 ex
1732 667 1852 700 eodem

79 723 335 756 commentario
358 721 456 765 typis
480 721 673 765 exscripsit
695 723 736 755 G.
755 721 934 754 Schlosser
953 719 987 754 S.
1008 720 1053 761 J.,
1081 720 1183 754 Beati
1204 720 1299 754 Petri
1320 720 1454 754 Canisii
1474 719 1508 755 S.
1526 721 1558 755 J.
1575 720 1854 755 Exhortationes

82 775 299 809 domesticae
329 774 618 817 (Ruraemundae
647 774 754 817 1876)
786 774 935 808 16-20.

199 828 230 863 2.
259 827 391 862 Eadem
419 838 526 861 manu
552 827 688 871 scripta
714 830 800 861 sunt
826 827 894 861 duo
920 826 1178 861 commentaria
1202 826 1492 860 exhortationum
1512 826 1571 860 vel
1589 826 1853 860 institutionum

79 882 123 916 de
152 881 278 924 „Bulla
305 880 463 915 Coenae“
495 879 558 923 (cf.
592 882 677 915 Can.
707 881 721 914 Ι
748 880 817 915 253
831 882 881 923 ³);
919 880 1045 914 horum
1072 891 1181 913 unum
1212 880 1317 922 (Can.
1341 881 1382 914 14
1410 881 1433 913 f.
1463 880 1699 923 1:2412—125b)
1732 880 1855 922 „Circa

79 934 212 970 bullam
248 946 379 969 coenae
414 934 575 968 Domini“
615 934 827 979 inscriptum
864 937 939 973 est;
977 934 1122 967 exordio
1157 935 1278 967 autem
1308 935 1477 967 Canisim
1511 934 1588 978 ipse
1623 934 1657 967 in
1693 934 1855 977 margine

79 988 266 1033 ascripsit:
308 987 435 1030 „Bulla
472 987 632 1022 timenda
671 990 707 1021 et
748 987 977 1028 tremenda“;
1021 986 1224 1031 explicatur
1264 987 1491 1031 potissimum
1528 987 1645 1031 prima
1680 987 1757 1021 eius
1795 999 1853 1020 ex-

78 1041 362 1083 communicatio,
399 1052 490 1085 quae
525 1043 581 1075 est
606 1040 650 1074 de
685 1040 876 1075 haereticis
902 1052 1096 1084 eorumque
1134 1040 1336 1074 fautoribus
1372 1042 1439 1074 etc.
1460 1068 1468 1075 .
1487 1067 1494 1074 .
1516 1067 1523 1074 .
1551 1040 1853 1074 Commentarium

78 1095 231 1129 alterum
261 1094 401 1138 (Can.1
431 1094 455 1128 f.
475 1093 664 1137 67b—682)
701 1094 913 1139 inscriptum
941 1097 997 1128 est
1034 1094 1101 1136 „Jn
1137 1093 1350 1138 principium
1379 1093 1504 1127 Bullae
1531 1105 1663 1128 coenae
1689 1093 1851 1127 Domini“

77 1152 113 1183 et
148 1148 293 1193 incipit:
335 1147 432 1190 „Non
468 1149 673 1192 repetemus
709 1159 801 1192 quae
837 1148 931 1181 dicta
958 1152 1043 1181 sunt
1078 1147 1254 1181 hactenus
1280 1147 1315 1181 in
1351 1158 1494 1190 genere,
1530 1147 1593 1181 sed
1625 1147 1740 1181 solum
1778 1159 1854 1192 pro-

78 1213 271 1246 sequemur
297 1212 412 1247 pa-uca
438 1213 529 1245 quae
555 1201 657 1235 nobis
683 1203 878 1245 supersunt
903 1201 1093 1235 tractanda
1119 1201 1161 1234 de
1187 1200 1293 1234 Bulla
1319 1211 1450 1234 coenae
1477 1200 1630 1246 Dominj,
1666 1203 1702 1235 et
1728 1201 1854 1234 deinde

79 1255 123 1289 ad
149 1255 303 1300 primum
331 1265 454 1288 casum
481 1254 862 1288 excommunicationis
888 1254 1193 1299 progrediemur‘.

197 1308 229 1342 3.
265 1307 354 1342 Item
382 1307 561 1342 Arnoldtii
596 1319 703 1341 manu
738 1307 875 1352 scripta
910 1310 966 1341 est
993 1306 1095 1349 (Can.
1123 1307 1169 1341 42
1206 1307 1229 1341 f.
1258 1306 1447 1350 222—2422)
1485 1309 1540 1341 est
1575 1307 1779 1341 exhortatio
1812 1307 1855 1341 de

78 1361 214 1404 regulis
242 1360 444 1402 societatis,
480 1372 572 1406 quae
598 1361 651 1395 sic
677 1363 734 1395 est
759 1361 932 1405 inscripta
964 1360 1166 1403 „Praefatio
1193 1361 1228 1394 in
1255 1360 1526 1395 exhortationes
1552 1361 1648 1395 circa
1674 1361 1854 1405 regulas“.

77 1414 165 1449 Post
199 1414 458 1459 praefationem
486 1414 714 1459 explicantur
744 1414 955 1457 „Summarii
983 1413 1308 1448 constitutionum*
1340 1413 1450 1458 (quod
1486 1414 1612 1459 incipit
1639 1425 1658 1448 a
1688 1414 1855 1457 „Summa

78 1467 300 1513 Sapientia¹‘)
337 1468 484 1511 regulae
514 1469 556 1509 1.,
583 1468 628 1507 2.,
655 1469 708 1508 3.;
743 1479 788 1502 ex
815 1468 903 1512 ipsis
930 1469 1050 1501 autem
1076 1479 1199 1501 earum
1227 1468 1348 1502 verbis
1374 1467 1609 1511 intellegitur,
1646 1467 1787 1502 Canisio
1814 1480 1855 1502 eo

75 1523 236 1566 tempore
271 1521 425 1555 nonduin
461 1533 546 1566 prae
581 1521 747 1556 manibus
781 1521 893 1556 fuisse
924 1520 1203 1563 „Summarium“
1234 1521 1322 1555 illud
1349 1533 1370 1555 a
1396 1521 1621 1556 Mercuriano
1651 1521 1856 1566 praeposito

77 1575 236 1619 generali
263 1574 498 1618 recognitum,
531 1575 624 1619 quod
651 1574 764 1609 Roma
793 1576 846 1610 14.
867 1575 1076 1609 Decembris
1105 1575 1196 1609 1578
1222 1575 1256 1608 in
1284 1586 1407 1608 omnes
1434 1574 1625 1609 Societatis
1650 1575 1854 1620 provincias

76 1629 226 1663 missum
263 1630 318 1663 est
345 1627 456 1671 (Hist.
484 1628 561 1662 Soc.
589 1629 645 1669 42,
682 1628 823 1662 Diuersi
859 1627 996 1669 ordini,
1030 1628 1066 1662 in
1103 1640 1133 1662 a.
1165 1629 1284 1672 1578),
1319 1628 1381 1662 sed
1416 1640 1495 1662 eum
1523 1640 1626 1662 usum
1654 1628 1856 1663 Summario

77 1682 148 1723 illo,
184 1682 276 1726 quod
313 1693 393 1716 cum
423 1681 656 1727 inscriptione
687 1683 889 1724 „Quaedam
917 1694 962 1716 ex
988 1682 1306 1716 constitutionibus
1332 1682 1525 1716 Societatis
1551 1682 1632 1716 Iesu
1659 1684 1849 1727 excerpta'‘

77 1735 212 1769 Romae
238 1747 270 1770 a.
301 1735 389 1770 1567
426 1735 525 1780 typis
561 1735 782 1780 exscriptum
818 1737 884 1769 est.
936 1735 975 1769 In
1002 1736 1165 1779 margine
1192 1735 1360 1769 inferiore
1396 1736 1533 1780 primae
1569 1736 1722 1780 paginae
1748 1735 1854 1770 huius

76 1789 323 1823 commentarii
353 1789 523 1822 Canisius
547 1788 625 1833 ipse
650 1788 816 1834 scripsit:
855 1789 894 1831 „1
923 1788 1090 1833 Cogitaui
1125 1789 1173 1823 sit
1199 1800 1243 1822 ne
1279 1789 1409 1823 bonum
1437 1791 1577 1823 mutare
1604 1789 1791 1823 materiam
1819 1789 1853 1822 in

75 1842 250 1887 principio
268 1842 351 1876 anni
378 1842 495 1877 huius.
529 1842 561 1876 2.
583 1842 736 1876 Videtur
761 1854 782 1876 a
805 1841 940 1886 regulis
958 1854 1027 1876 non
1048 1843 1315 1877 discedendum.
1350 1842 1453 1876 Vnde
1472 1842 1677 1877 excluditur
1703 1843 1854 1877 tentatio

75 1895 188 1930 Estne
213 1907 357 1940 semper
381 1896 596 1930 audiendum
624 1896 667 1930 de
686 1896 865 1939 Regulis‘?
892 1896 913 1930 3
940 1896 1028 1930 Dico
1055 1897 1148 1940 quod
1175 1908 1279 1930 nemo
1305 1898 1425 1941 potest
1450 1908 1488 1930 se
1516 1895 1574 1930 hic
1601 1907 1764 1940 grauare,
1791 1897 1853 1930 sed

75 1949 182 1983 debet
206 1949 325 1994 potius
350 1949 504 1983 libenter
529 1949 664 1984 audire.
715 1949 783 1983 Hic
810 1952 866 1984 est
891 1950 1084 1983 thezaurus
1110 1961 1174 1994 per
1201 1949 1238 1984 P.
1259 1949 1442 1993 Ignatium
1469 1961 1487 1983 e
1514 1949 1591 1984 celo
1619 1949 1720 1984 nobis
1747 1950 1855 1983 datus

75 2003 96 2037 2
134 2002 292 2037 Medulla
330 2004 366 2037 et
402 2014 544 2037 summa
581 2003 877 2037 constitutionum
917 2003 938 2037 3
973 2003 1146 2037 Doctrina
1183 2003 1316 2037 Christi
1355 2005 1392 2037 et
1429 2005 1635 2038 sanctorum
1671 2005 1693 2038 4
1729 2003 1853 2037 Testa-

75 2059 239 2090 mentum
264 2056 304 2090 P.
323 2055 493 2101 Ignatij“.

193 2110 228 2145 4.
254 2109 344 2144 Item
372 2109 560 2143 Arnoldtio
582 2110 752 2144 Canisius
777 2110 928 2144 dictavit
949 2109 1051 2151 (Can.
1070 2109 1116 2144 42
1143 2110 1168 2144 f.
1190 2110 1426 2152 1282—129b)
1448 2109 1734 2144 exhortationem
1753 2110 1855 2144 initio

74 2163 158 2197 anni
194 2165 277 2197 ante
311 2163 580 2197 renovationem
616 2165 782 2198 votorum
816 2163 1066 2207 religiosorum
1105 2163 1154 2207 (V.
1187 2165 1274 2199 Can.
1302 2163 1352 2197 IV
1380 2164 1490 2207 710¹)
1520 2175 1540 2198 a
1567 2175 1606 2198 se
1642 2163 1855 2198 habendam.

80 2215 225 2259 „Dicam
251 2217 407 2261 primum
433 2217 610 2260 quomodo
630 2216 742 2251 Deum
769 2218 898 2251 merito
925 2217 1115 2251 laudemus
1142 2218 1185 2251 de
1211 2217 1279 2251 hac
1297 2219 1424 2251 sancta
1442 2217 1678 2262 inspiratione
1696 2218 1855 2262 superio-

75 2269 176 2304 ribus
203 2270 337 2304 nostris
363 2270 548 2315 inspirata,
575 2269 626 2305 Vt
652 2271 845 2314 quotannis
870 2270 983 2305 semel
1010 2273 1045 2305 et
1070 2271 1200 2305 iterum
1228 2272 1314 2305 vota
1340 2271 1589 2305 renouemus‘.
1627 2270 1762 2304 Deinde
1792 2271 1855 2314 „de

75 2323 178 2357 modo
204 2334 243 2357 se
270 2324 509 2368 praeparandi
536 2323 580 2358 ad
607 2324 912 2358 renouationem‘.

194 2377 226 2411 5.
255 2376 424 2410 Eiusdem
442 2377 629 2422 scriptoris
655 2388 763 2411 manu
790 2378 926 2422 scripta
945 2379 1001 2411 est
1022 2378 1163 2412 Canisiz·
1181 2376 1385 2411 exhortatio
1407 2376 1480 2419 „De
1499 2376 1656 2411 Iubilaeo
1681 2376 1856 2411 fratribus

74 2429 309 2475 publicando‘
342 2430 444 2473 (Can.
474 2431 519 2465 30
546 2432 570 2465 f.
601 2431 851 2474 151b—1560).
903 2430 1003 2472 Quod
1041 2431 1237 2465 iubilaeum
1272 2442 1388 2474 neque
1424 2431 1460 2464 in
1487 2441 1619 2473 magna
1645 2430 1707 2465 illa
1742 2431 1855 2464 totius

75 2483 265 2517 Societatis
291 2482 442 2517 historia
468 2484 512 2518 ab
539 2483 747 2525 Orlandino,
774 2484 960 2525 Sacchino,
986 2484 1157 2518 Iuvencio
1176 2487 1244 2519 etc.
1264 2484 1471 2529 composita,
1498 2495 1615 2528 neque
1633 2483 1669 2518 in
1695 2483 1856 2518 historiis

73 2536 340 2581 provinciarum
379 2538 668 2581 germanicarum
708 2537 900 2572 Societatis
938 2540 1175 2572 memoratum
1215 2537 1369 2573 invenio.
1422 2537 1579 2571 Exstant
1604 2548 1690 2571 vero
1732 2537 1776 2571 de
1814 2549 1855 2572 eo

72 2589 216 2624 litterae
242 2590 447 2635 pontificiae
474 2590 659 2634 (nondum,
687 2591 782 2635 quod
808 2592 932 2632 sciam,
960 2592 1058 2636 typis
1082 2591 1316 2635 exscriptae),
1343 2602 1494 2635 quarum
1522 2591 1716 2636 praecipua
1736 2592 1855 2636 capita

75 2642 134 2677 hic
159 2647 342 2687 ponuntur
367 2654 409 2677 ea
435 2655 577 2688 quoque
603 2644 646 2678 de
673 2655 793 2684 causa,
829 2645 914 2689 quia
940 2657 986 2678 ex
1013 2646 1056 2679 iis
1083 2656 1163 2679 cum
1191 2645 1327 2679 Canisii
1353 2644 1606 2678 exhortatione
1633 2644 1776 2679 collatis
1804 2646 1856 2679 in-

75 2695 272 2740 tellegitur,
299 2696 567 2731 Mercurianum
596 2699 839 2742 praepositum
867 2698 1072 2742 generalem
1100 2698 1239 2742 gratias
1266 2697 1348 2732 illas
1366 2709 1410 2731 ex
1437 2700 1619 2742 potestate
1637 2698 1704 2732 sibi
1723 2698 1856 2732 collata

76 2749 138 2788 (cf.
167 2749 275 2783 etiam
305 2750 392 2783 Can.
422 2750 470 2784 IV
497 2751 582 2793 472)
621 2751 845 2795 aliquantum
883 2752 1117 2786 restrinxisse
1143 2751 1202 2784 vel
1238 2753 1481 2796 temperasse:
1522 2752 1720 2794 Gregorius
1744 2753 1854 2786 XIII.

73 2803 187 2836 Roma
216 2803 270 2838 10.
298 2802 484 2838 Februarii
512 2804 605 2839 1576
639 2805 683 2838 ad
711 2816 834 2838 omnes
861 2804 1054 2839 Societatis
1091 2804 1232 2838 sodales
1259 2807 1295 2838 et
1321 2816 1444 2838 eorum
1471 2805 1658 2839 ministros
1685 2805 1854 2840 famulos-

75 2867 144 2900 que
187 2858 296 2900 atque
339 2855 447 2890 etiam
489 2857 533 2891 ad
576 2856 851 2899 „scholasticos“
895 2860 1064 2892 externos
1108 2857 1320 2900 „societatis
1362 2857 1515 2901 collegia
1557 2858 1850 2902 frequentantes“

73 2908 219 2943 *Breve
255 2908 362 2950 dedit,
398 2920 468 2953 quo
503 2909 555 2944 eis
581 2915 710 2953 rogatu
736 2910 913 2945 Everardi
940 2911 1157 2945 Mercuriani
1194 2911 1390 2955 praepositi
1426 2911 1607 2954 generalis
1637 2911 1853 2956 „plenariam

73 2962 158 2996 anni
184 2962 341 2996 Jubilaei
376 2963 537 3006 proxime
564 2964 728 3008 preteriti
754 2965 913 2998 omnium
949 2967 1178 3009 peccatorum
1206 2975 1352 2997 suorum
1379 2964 1641 3008 indulgentiam
1669 2967 1706 2999 et
1731 2965 1854 2999 remis-

74 3015 229 3049 sionem⁴⁴
270 3015 498 3056 concedebat,
533 3016 723 3051 dummodo
762 3018 987 3062 „penitentes
1022 3021 1058 3051 et
1093 3017 1249 3051 confessi
1276 3020 1430 3061 quatuor
1464 3017 1594 3052 altaria
1620 3017 1853 3052 ecclesiarum

75 3079 139 3102 seu
167 3068 395 3113 Capellarum
421 3079 569 3103 suarum
594 3081 658 3114 per
683 3071 887 3115 superiores
912 3082 998 3105 suos
1024 3070 1239 3115 deputanda,
1266 3069 1323 3104 uel
1343 3070 1403 3104 ubi
1429 3073 1482 3105 tot
1499 3082 1568 3105 non
1588 3073 1710 3105 essent
1726 3071 1856 3106 altaria

75 3120 206 3155 saltem
232 3132 343 3155 vnum
379 3132 443 3166 per
468 3121 671 3166 quindecim
699 3123 776 3158 dies
801 3124 989 3158 continuos
1015 3124 1072 3158 uel
1096 3122 1350 3168 jnterpollatos
1376 3123 1505 3158 deuote
1531 3125 1722 3159 uisitarent
1748 3127 1785 3158 et
1810 3124 1854 3158 ad

74 3174 218 3218 singula
245 3185 290 3208 ex
317 3177 473 3218 quatuor
499 3174 673 3211 altaribus
699 3177 891 3221 quinquies
917 3177 1114 3212 orationem
1142 3176 1367 3211 Dominicam
1393 3179 1430 3211 et
1463 3177 1572 3212 toties
1597 3177 1850 3212 salutationem
