2051 3433
192 138 275 178 814
772 133 868 167 Mon.
891 134 994 168 1241.
1040 134 1093 168 17.
1116 133 1251 178 Aprilis
1280 135 1383 169 1579.

190 252 352 295 posuisse
373 252 538 284 feruntur
559 250 643 289 (Die
667 251 853 300 Gee'stlighe
871 252 974 284 Staclt
999 251 1124 283 Gottes.
1155 251 1193 284 A.
1215 250 1248 284 d.
1264 249 1485 295 Spanischen
1505 251 1697 286 iibersetzt.
1726 253 1774 287 III
1795 252 1965 297 [Regens-

189 304 280 348 burg
310 304 412 348 1886]
440 304 525 338 541³
551 302 750 347 [adnotatio
786 302 1046 348 interpretis]);
1084 303 1249 337 feruntur
1267 305 1285 344 ',
1322 304 1479 348 inquam,
1513 316 1629 348 neque
1665 306 1757 339 enim
1784 307 1835 340 ita
1862 306 1966 340 facile

190 358 310 398 fuerit,
348 357 511 401 singulos
548 358 656 391 hosce
693 368 859 390 numeros
886 357 921 390 in
949 356 1159 390 Sanctorum
1197 357 1337 390 illorum
1365 357 1474 398 libris,
1511 358 1572 402 qui
1602 370 1696 393 nunc
1722 362 1878 396 exstant.
1914 371 1966 393 re-

188 412 314 456 perire.
356 411 468 444 Serva
488 410 554 444 Dei
575 411 700 444 Mearm
719 412 761 443 de
780 411 923 454 Aqreda
943 410 983 444 O.
1004 410 1090 444 Min.
1110 410 1202 444 5115
1224 410 1351 454 plagas
1375 410 1548 445 salvatori
1576 411 1696 445 illatas
1716 423 1794 446 esse
1813 415 1968 447 asseruit

191 464 272 507 (Die
300 464 498 499 Geistliohe
525 464 630 497 Stadt
658 462 785 497 Gottes
813 464 861 497 lll
888 463 986 506 541).
1040 463 1175 497 Harum
1203 466 1323 497 autem
1351 468 1385 497 et
1412 464 1581 498 similium
1609 465 1870 499 revelationum
1898 466 1965 499 dis-

188 518 409 562 crepantiam
435 517 539 551 multi
566 528 604 550 se
630 516 758 550 tollere
785 528 890 561 posse
917 517 1138 557 existimant,
1165 529 1245 551 cum
1274 528 1334 550 eas
1363 517 1417 560 pie
1444 529 1485 551 ac
1511 518 1671 552 modeste
1698 519 1966 563 interpretando

188 571 290 605 modo
317 571 468 605 vulnera
494 572 636 604 tantum
664 569 820 613 flagellis
847 570 992 609 inflicta,
1020 570 1124 603 modo
1150 570 1222 604 alia
1248 581 1400 614 quoque,
1432 574 1472 604 ut
1497 582 1589 614 quae
1616 583 1679 616 per
1705 583 1870 606 coronam
1897 573 1966 616 spi-

188 636 302 665 neam,
330 636 393 669 per
420 624 544 658 clavos
571 627 639 658 etc.
668 623 810 658 Christo
838 623 938 657 illata
965 624 1048 664 sint,
1075 623 1272 666 significari
1300 624 1431 657 dicant.

310 678 360 711 De
386 678 515 721 quibus
542 677 700 711 numeris
726 677 820 710 inter
846 677 1034 719 theologos
1053 676 1113 710 alii
1140 676 1246 711 aliter
1264 679 1498 718 sensuerunt;
1526 680 1566 711 ut
1592 678 1744 721 insignis
1768 678 1828 712 ille
1847 680 1964 712 Ludo—

189 733 284 764 εἴακε
305 732 543 764 Granatensesss
564 730 727 773 (†‚1588)
748 729 789 764 Ο.
814 730 889 764 Pu:
920 730 980 772 „ln
999 733 1045 771 te,
1073 742 1091 763 o
1110 730 1199 763 bone
1218 730 1334 771 Iesu“,
1361 731 1488 774 inquit,
1520 731 1705 773 „scelerati
1724 731 1785 765 isti
1804 731 1965 766 homines

188 784 371 818 violarunt
397 796 536 818 omnem
563 783 679 827 legem
707 783 973 817 misericordiae
992 810 999 817 .
1021 811 1028 818 .
1050 811 1077 824 .,
1100 788 1141 817 vt
1167 784 1200 817 in
1228 783 1305 817 loco
1334 784 1574 828 quadraginta
1602 785 1789 829 plagarum
1816 785 1881 818 tibi
1907 785 1964 818 de—

191 838 310 871 derint
337 838 494 881 quinque
520 837 644 879 millia,
673 840 709 870 et
735 837 855 881 plures
883 837 1002 875 etiam,
1029 839 1070 870 vt
1094 837 1199 870 multi
1225 836 1398 870 Doctores
1423 840 1623 872 testantur:
1658 838 1709 871 De
1736 837 1906 872 Oratione
1932 841 1968 872 et

189 891 424 924 Meditatione
444 891 502 924 lib.
525 891 567 930 1.‚
596 890 662 924 Die
681 891 803 930 Mero,
823 891 865 924 de
884 890 968 933 flag.
991 890 1163 935 (Operum
1184 890 1317 924 Tomus
1335 891 1385 924 ΙΙΙ
1406 891 1589 933 [Coloniae
1607 891 1828 936 Agrippinae
1849 890 1965 935 1626],

187 956 220 989 p.
243 944 346 988 173);
375 946 528 978 Ioannes
547 956 568 977 α
589 945 751 988 Sylveira
780 946 816 987 (†
838 945 943 985 1687)
963 943 1004 978 Ο.
1022 944 1137 978 Carm.
1159 955 1197 977 se
1221 944 1453 985 „reuelationi
1478 944 1511 978 S.
1532 945 1709 988 Birgittae
1735 945 1964 985 adhaerere“‚

187 1010 267 1032 cum
305 998 427 1042 aliqua
461 1000 581 1031 tamen
617 998 849 1037 dubitatione,
887 998 1046 1032 affirmat
1084 997 1367 1037 (commentaria
1402 998 1437 1032 in
1464 998 1619 1032 Textum
1648 998 1906 1042 Evangelicum
1932 998 1964 1032 V

188 1051 266 1095 [Ed.
293 1054 338 1092 4.,
374 1051 539 1095 Lugduni
569 1051 672 1094 1679]
711 1051 732 1085 l.
755 1051 849 1091 VIII,
877 1063 954 1096 cap.
984 1052 1036 1091 10,
1064 1062 1122 1095 qu.
1151 1052 1182 1091 8,
1211 1063 1243 1085 n.
1271 1051 1326 1091 43,
1359 1063 1392 1096 p.
1420 1052 1526 1094 509);
1566 1053 1752 1086 Cornelius
1777 1063 1800 1085 a
1825 1053 1965 1096 Lapicle

189 1105 225 1146 (†
254 1105 359 1145 1637)
390 1104 423 1139 S.
449 1105 480 1138 J.
513 1116 721 1147 „numerum
757 1104 852 1138 hunc
886 1105 1064 1138 incertum
1100 1105 1199 1138 esse“
1240 1104 1366 1138 scribit
1404 1105 1706 1147 (Commentarius
1741 1106 1776 1139 in
1812 1110 1965 1149 quatuor

188 1158 387 1202 Evangelia
402 1158 416 1191 l
434 1158 670 1202 [Antverpiae
687 1157 803 1202 1639]‚
816 1158 850 1191 in
867 1157 997 1192 Matth.
1014 1158 1069 1199 27,
1081 1158 1136 1199 26,
1153 1169 1185 1202 p.
1200 1158 1287 1198 524;
1306 1159 1523 1192 Fumo-iscus
1538 1160 1676 1193 Sum-ez
1693 1160 1728 1200 (†
1746 1160 1851 1203 1617)
1866 1159 1899 1193 S.
1914 1159 1963 1193 J.:

192 1212 314 1254 „Licet
349 1212 582 1246 verisimilius
617 1212 665 1245 sit
700 1211 846 1254 flagella
880 1211 1033 1245 multum
1070 1211 1272 1245 excessisse
1309 1212 1634 1255 quadragenarium
1674 1224 1870 1253 numerum,

186 1268 308 1299 tamen
336 1270 493 1309 quantus
520 1265 629 1298 fuerit
656 1265 716 1298 ille
742 1276 922 1303 numerus,
951 1265 1132 1299 affirmare
1156 1276 1224 1299 non
1252 1268 1461 1309 possumus“
1488 1265 1759 1309 (Commentarii
1777 1277 1820 1300 ac
1842 1266 1964 1310 Dispu-

186 1319 343 1353 tationes
378 1319 414 1352 in
450 1319 595 1352 tertiam
632 1322 770 1363 partem
804 1318 888 1352 Divi
914 1318 1082 1359 Thomae,
1118 1318 1217 1352 Tom.
1246 1319 1289 1359 H,
1318 1318 1382 1359 Qu.
1409 1330 1507 1359 XLvi,
1535 1324 1601 1354 art.
1630 1320 1661 1357 8,
1689 1320 1779 1364 disp.
1807 1320 1862 1360 35,
1889 1331 1917 1354 s.
1944 1319 1964 1352 2

188 1371 414 1417 [Moguntiae
430 1371 547 1416 1604]
568 1385 600 1417 p.
617 1373 716 1414 347).
744 1374 864 1416 Atque
878 1372 948 1405 iam
969 1372 1154 1415 aliquanto
1172 1375 1255 1406 ante
1268 1373 1473 1416 Alphonsns
1488 1374 1674 1407 Salmeron
1691 1373 1727 1416 (†
1745 1373 1850 1416 1585)
1869 1372 1902 1407 S.
1915 1373 1965 1407 J.:

191 1426 416 1468 „Verisimile
434 1438 503 1459 non
524 1427 612 1467 est“,
641 1428 782 1460 tantum
810 1425 922 1459 fuisse
946 1425 1100 1468 ⁷,ictuum
1119 1426 1349 1460 numerum“:
1378 1426 1633 1460 Commentarii
1652 1427 1687 1460 in
1706 1426 1963 1470 Evangelicam

188 1480 397 1521 Historiam,
434 1482 470 1513 et
495 1480 531 1513 in
558 1480 650 1514 Acta
677 1479 943 1524 Apostolorum,
970 1479 1068 1513 Tom.
1097 1479 1124 1513 X
1164 1478 1350 1522 (Coloniae
1379 1479 1601 1524 Agrippinae
1630 1481 1750 1524 1604),
1776 1482 1882 1515 tract.
1909 1480 1963 1520 29,

307 1587 479 1621 Similiter
497 1587 539 1620 de
555 1586 690 1621 Christi
709 1598 838 1620 corona
855 1587 981 1632 spinea
1000 1587 1153 1621 Sanctus
1169 1588 1371 1620 Vincentius
1386 1588 1579 1621 Ferrerc'us
1600 1588 1636 1629 (†
1656 1587 1762 1630 1419)
1782 1586 1823 1621 O.
1837 1587 1963 1621 Praed.

186 1641 221 1674 in
249 1641 414 1675 contione
440 1640 594 1684 quadam
622 1652 724 1674 sacro
743 1641 799 1674 die
817 1640 1043 1674 Parasceves
1069 1640 1213 1674 habita:
1245 1640 1355 1682 „Eum
1382 1641 1416 1674 in
1445 1642 1563 1685 capite
1589 1643 1625 1674 in
1644 1641 1698 1675 72.
1726 1641 1814 1675 locis
1842 1641 1963 1675 erude-

187 1694 273 1728 liter
298 1694 527 1728 vulneravi&
559 1694 610 1735 (S.
630 1693 812 1728 Vincentii
838 1693 991 1727 Ferrerii
1019 1692 1349 1737 Quadragesimale,
1377 1694 1430 1728 ed.
1461 1695 1563 1738 Casp.
1584 1695 1736 1728 Erhard
1762 1693 1965 1739 [Augustae

187 1747 454 1782 Vindelicorum
485 1746 602 1792 1729],
637 1759 743 1781 serm.
771 1748 827 1788 64,
864 1759 897 1792 p.
925 1747 1023 1791 223).
1074 1746 1187 1789 Quam
1215 1748 1433 1781 sententiam
1460 1747 1520 1781 alii
1555 1759 1626 1781 non
1651 1747 1766 1782 solum
1793 1747 1963 1792 probave-

187 1804 280 1841 runt,
307 1801 370 1835 sed
397 1813 438 1835 eo
465 1802 574 1834 etiam
601 1800 813 1835 confirmare
840 1801 959 1834 conati
977 1803 1073 1842 sunt,
1100 1801 1193 1844 quod
1220 1801 1255 1834 in
1282 1800 1384 1834 lintei
1410 1800 1508 1835 illius
1534 1801 1612 1835 sive
1635 1801 1833 1843 „sindonis“
1855 1801 1963 1835 tauri-

186 1855 319 1894 nensis,
357 1866 427 1898 qua
453 1866 581 1899 corpus
610 1854 743 1888 Christi
772 1866 817 1888 ex
844 1865 949 1888 cruce
977 1854 1178 1899 depositum
1213 1854 1416 1888 involutum
1443 1866 1523 1888 esse
1550 1854 1726 1895 dicebant,
1762 1857 1865 1899 parte
1891 1854 1963 1897 illa,

187 1920 278 1952 quae
297 1908 341 1941 ad
362 1907 494 1942 Christi
523 1911 632 1952 caput
659 1910 871 1952 spectasset,
900 1908 944 1941 72
971 1919 1124 1950 magnae
1150 1907 1338 1950 sanguinis
1364 1910 1490 1950 guttae
1521 1911 1735 1953 apparerent
1764 1909 1964 1949 (Martinus

185 1973 250 1996 von
281 1962 424 1996 Cochem
451 1961 492 1996 O.
513 1961 610 2006 Cap.‚
637 1961 711 1996 Das
738 1961 865 1995 Kleine
892 1960 1012 1995 Leben
1040 1960 1173 1995 Christi
1200 1961 1433 2005 [Franckfurt
1461 1960 1565 2005 1683]
1594 1962 1651 1996 54.
1678 1961 1776 2006 Cap.‚
1813 1973 1845 2006 p.
1866 1961 1963 2000 532).

190 2016 321 2050 Verum
346 2016 497 2049 Iacobus
526 2016 670 2048 Gretser
705 2015 741 2059 (†
769 2015 876 2056 1625)
907 2014 940 2048 S.
961 2015 995 2049 J.
1023 2015 1066 2048 de
1100 2015 1284 2059 spinarum
1321 2015 1514 2049 earundem
1550 2027 1717 2049 numero:
1757 2014 1851 2056 „Res
1876 2014 1965 2048 haec

187 2069 324 2103 incerta
343 2071 415 2108 est;
444 2068 510 2102 hoc
537 2070 691 2107 constat,
717 2069 808 2103 satis
833 2067 967 2102 multas
994 2068 1126 2102 fuisse“
1151 2067 1219 2110 (De
1239 2067 1371 2102 Sancta
1390 2068 1504 2102 Cruce
1522 2068 1581 2102 lib.
1604 2070 1634 2109 1,
1658 2080 1734 2113 cap.
1757 2069 1810 2102 12.
1847 2067 1965 2113 Opera

186 2123 303 2156 omnia
331 2122 346 2155 I
374 2121 608 2165 [Ratisbonae
630 2121 746 2166 1734]
773 2122 848 2165 20).
888 2122 986 2164 Quae
1013 2122 1119 2155 etiam
1147 2121 1275 2166 probat
1297 2122 1356 2155 Ch.
1377 2122 1534 2155 Rohaztlt
1559 2123 1601 2155 de
1618 2123 1767 2166 Fleury,
1794 2121 1964 2155 Memoire

186 2187 248 2209 sur
273 2175 327 2209 les
353 2175 593 2209 Instruments
620 2176 662 2209 de
688 2176 724 2209 la
749 2176 900 2210 Passion
928 2176 970 2210 de
996 2175 1091 2210 N.-S.
1119 2176 1209 2210 J.—C.
1240 2175 1359 2216 (Paris
1388 2175 1495 2217 1870)
1524 2176 1604 2210 ⁶201.

304 2228 380 2262 Nec
403 2231 534 2270 tamen»,
561 2229 731 2273 quicquid
759 2229 926 2264 Canisius
952 2229 988 2263 in
1016 2230 1133 2274 capite
1159 2228 1220 2263 illo
1246 2228 1417 2269 affirmat,
1446 2228 1649 2262 fabulosum
1675 2228 1798 2263 vocari
1824 2230 1960 2273 potest;

186 2294 278 2322 nam,
306 2285 346 2316 ut
364 2282 422 2316 vel
441 2293 550 2316 unum
580 2283 787 2327 exemplum
812 2294 952 2328 ponam,
982 2282 1165 2317 Christum
1192 2293 1236 2316 ex
1256 2293 1360 2316 cruce
1379 2281 1579 2315 detractum
1601 2282 1636 2315 in
1654 2283 1781 2316 matris
1806 2282 1886 2316 sinu
1906 2281 1964 2315 vel

186 2336 322 2379 gremio
349 2336 506 2380 positum
533 2347 623 2376 esse,
659 2337 694 2370 in
725 2337 925 2380 evangeliis
952 2336 1096 2380 quidem
1123 2348 1191 2370 non
1220 2338 1398 2374 narratur,
1434 2335 1614 2369 communi
1649 2338 1770 2369 tamen
1804 2335 1964 2369 fidelium

187 2401 293 2423 sensu
321 2391 358 2423 et
381 2389 539 2423 virorum
567 2390 750 2423 doctorum
778 2390 962 2433 suffragiis
993 2394 1029 2423 et
1059 2389 1233 2424 ecclesiae
1264 2388 1412 2432 liturgia
1439 2392 1548 2433 atque
1576 2390 1663 2434 ipsa,
1689 2392 1730 2422 ut
1759 2389 1809 2422 ita
1835 2388 1963 2429 dicam,

187 2455 305 2477 rerum
333 2447 463 2476 natura
498 2443 768 2487 comprobatur;
806 2454 918 2487 quare
943 2445 1021 2477 tuto
1050 2445 1220 2487 certoque
1247 2442 1313 2477 hoc
1340 2442 1514 2476 affirmari
1549 2444 1679 2486 potest,
1715 2441 1857 2476 etiamsi
1884 2442 1963 2485 quis

187 2508 301 2540 neque
329 2497 482 2531 Sanctae
508 2498 685 2540 Birgysttae
720 2496 936 2531 auctoritate
962 2500 1152 2530 moveatur
1177 2507 1216 2530 se
1242 2496 1276 2530 id
1304 2495 1440 2529 vidisse
1470 2495 1666 2530 asserentis
1695 2494 1964 2537 (Revelationes

188 2551 364 2584 caelestes
394 2549 469 2592 (lib.
489 2549 566 2591 VII,
595 2561 671 2594 cap.
704 2550 756 2590 15,
783 2562 816 2585 11.
845 2552 897 2590 4.;
935 2550 988 2584 ed.
1018 2551 1104 2583 Sim.
1132 2551 1325 2583 Ho'rmann
1352 2548 1393 2583 O.
1413 2548 1472 2583 SS.
1493 2548 1590 2583 Salv.
1623 2547 1818 2593 [Monacbii
1847 2546 1963 2592 1680]‚

187 2603 275 2637 Rev.
295 2615 328 2647 p.
348 2603 444 2646 598),
472 2614 588 2647 neque
615 2603 737 2637 Sancti
757 2603 930 2638 Bernardi
957 2614 1036 2637 esse
1063 2604 1237 2637 concedat
1261 2613 1459 2637 sermonem
1486 2602 1586 2636 illum
1609 2601 1681 2644 „De
1706 2601 1964 2636 lamentatione

190 2657 341 2699 virginis
368 2656 540 2696 Mariae“,
577 2657 637 2700 qui
665 2669 746 2691 cum
773 2657 850 2691 eius
875 2657 1017 2690 nomine
1048 2658 1302 2691 circumfertur
1328 2659 1364 2690 et
1390 2655 1541 2690 Mariam
1569 2655 1715 2690 exhibet
1744 2655 1799 2697 „in
1826 2655 1963 2698 gremio

187 2710 270 2743 suo“
294 2709 427 2744 Christi
456 2709 587 2743 mortui
614 2721 743 2754 corpus
766 2712 988 2752 „tenentem“
1015 2710 1157 2753 (Sancti
1174 2711 1360 2744 Bernardi
1386 2708 1690 2744 Claraevallensis
1708 2708 1826 2753 Opera
1844 2708 1962 2742 omnia

188 2761 423 2807 [Antverpiae
452 2761 556 2806 1616]
585 2762 648 2797 col.
672 2764 887 2806 160—161).

307 2815 473 2849 Ceterum
509 2816 585 2860 ipse
621 2816 787 2851 Canisius
823 2818 1011 2860 Augustae
1046 2817 1077 2851 2.
1106 2816 1291 2851 Februarii
1326 2816 1417 2850 1562
1453 2826 1499 2849 ex
1535 2815 1708 2850 ecclesiae
1743 2813 1963 2849 cathedralis

187 2872 363 2912 suggestu
390 2868 513 2902 fideles
540 2872 738 2911 monuerat,
769 2873 810 2904 ut
834 2870 864 2905 si
892 2881 984 2914 quae
1010 2870 1098 2915 ipsis
1124 2870 1345 2904 referrentur
1370 2868 1623 2909 revelationes,
1663 2867 1961 2912 „apparitiones⁴‘.

188 2921 381 2961 miracula,
417 2921 511 2955 haud
539 2922 590 2956 ita
627 2922 733 2957 facile
769 2934 811 2957 ea
846 2923 1054 2965 crederent,
1089 2923 1153 2958 sed
1188 2934 1246 2957 res
1283 2922 1532 2956 examinarent
1567 2924 1635 2955 etc.
1672 2921 1778 2964 (Can.
1807 2920 1857 2954 ΙΙΙ
1892 2920 1960 2954 636

312 3028 319 3045 ¹
347 3026 506 3060 Vulnera
529 3027 662 3062 Christi
691 3028 783 3062 6666
811 3028 918 3062 etiam
947 3028 1040 3072 apud
1061 3029 1167 3062 Amet
1193 3027 1260 3061 ben
1279 3026 1433 3061 Abdalla
1459 3026 1668 3070 scriptorem
1697 3025 1841 3059 arabem
1869 3035 1960 3058 com-

190 3091 314 3124 parere
350 3080 509 3114 affirmat
536 3081 732 3127 Sclct·eibe1'‚
763 3081 909 3115 Manuel
936 3081 979 3115 de
1010 3081 1209 3115 l'Amateur
1235 3080 1277 3114 de
1304 3080 1338 3114 la
1366 3079 1529 3114 Gravure
1566 3090 1629 3113 sur
1664 3079 1741 3112 bois
1767 3078 1802 3120 Ι,
1838 3077 1959 3112 Berlin

192 3132 291 3173 1891,
318 3133 374 3167 82.
