2062 3443
217 163 321 198 2076.
350 162 388 197 Ρ.
410 162 543 197 Paulus
570 163 742 197 Hoffaeus
769 162 924 197 Canisio.
968 162 1198 206 Landsberga
1225 164 1320 198 circa
1348 164 1380 198 d.
1404 165 1455 199 16.
1476 164 1566 199 Nov.
1590 165 1690 199 1580.
1754 168 1836 209 587

68 283 202 324 bemla
234 283 366 324 habui
399 303 407 311 ·
452 283 502 322 ‹le
536 283 695 336 reliquo
729 296 790 322 me
823 281 1097 333 orationibus,
1142 287 1177 322 et
1217 284 1439 335 sacrificij-s·
1481 285 1570 324 suis
1607 285 1836 338 plurimum

67 348 304 389 commendo
328 347 548 400 Monac-ltij
568 348 636 388 14.
664 347 914 387 Nouembris
949 348 1075 388 1580.
1132 347 1175 388 1⁷.
1200 347 1250 388 Ic.
1273 348 1390 399 filius
1414 350 1457 389 in
1484 348 1649 389 Christo
1685 350 1727 389 in
1756 363 1838 390 om-

67 413 190 454 nibus
213 427 319 467 quae
343 413 661 467 appellationem
687 426 819 453 meum
846 426 926 453 non
951 417 1217 464 concernunt,
1242 413 1620 454 obedientissimus,
1668 416 1841 468 Gaspar

70 478 327 520 Heiuodusst‘

186 551 374 585 Persuasit
399 550 541 595 quidem
571 550 758 584 Haivodus
784 550 1016 594 Ninguardae
1052 551 1176 584 nuntio
1211 551 1420 595 apostolico,
1459 552 1527 586 sibi
1555 552 1597 586 ad
1634 552 1838 597 pontificem

66 604 249 650 appellare
275 605 332 638 fas
359 605 491 641 fuisse2
520 604 553 638 id
581 604 674 647 quod
703 615 747 637 ex
773 603 1004 647 Ninguardae
1040 603 1173 638 litteris
1200 603 1397 638 Ratisbona
1432 605 1488 639 23.
1506 604 1722 640 Novembris
1751 605 1841 640 1580

66 660 108 693 ad
137 658 367 693 Guilielmum
396 658 438 691 V.
467 657 643 691 Bavariae
670 657 796 691 ducem
824 657 918 691 datis
943 657 1068 700 liquet,
1095 668 1185 701 quas
1212 658 1331 702 posuit
1356 659 1465 692 Dalm·
1490 659 1524 692 in
1551 659 1758 693 Zeitschrift
1785 659 1842 692 fiir

66 710 378 754 kath.Tl1eologie
406 710 535 750 XXlX,
576 710 772 744 leh-182.
809 712 927 754 Atque
955 711 1103 744 eandem
1131 722 1204 744 rem
1233 710 1291 744 ille
1319 722 1364 744 ex
1392 712 1468 745 iure
1487 712 1657 746 canonico
1695 712 1841 746 Hoffaeo

71 765 224 809 aliisque
259 765 372 799 Sociis
408 764 625 809 persuadere
662 764 870 798 conabatur.
923 764 1180 798 Verumtamen
1218 764 1286 798 iam
1317 764 1501 808 Eugenius
1529 765 1610 805 IV.,
1646 765 1760 799 Iulius
1786 766 1842 805 11.,

66 818 135 852 Leo
161 818 216 857 X..
244 818 441 861 Gregorius
466 817 563 851 Xlll.
591 818 780 861 pontifices
810 816 898 860 ,iuri
933 829 997 851 suo
1033 817 1202 851 cedentes
1240 821 1384 862 propter
1420 818 1550 851 bonum
1579 818 1840 862 Religionum“,

66 877 105 906 ut
131 871 248 916 inquit
279 873 437 914 Lemma,
478 871 721 905 Benedictinis
748 870 782 905 S.
811 871 981 911 Iustinae,
1016 870 1230 909 Olivctanis,
1269 871 1615 913 Camaldulensibus,
1652 871 1842 906 Canonicis

67 925 292 969 regularibus
319 924 353 958 S.
373 924 575 959 Salvatoris
594 927 858 964 concesserant,
886 928 926 958 ut
946 924 989 958 ab
1009 925 1195 964 institutis,
1224 924 1519 960 ordinationibus.
1547 925 1841 962 correctionibus,

65 978 244 1013 mandatis
259 977 495 1022 capitulorum
511 977 589 1012 sive
602 978 920 1021 congregationum
937 977 1158 1020 generalium
1171 977 1229 1011 vel
1242 978 1392 1012 alioruin
1410 980 1694 1023 praepositorum
1708 979 1838 1012 nemini

66 1043 186 1066 eorum
214 1031 382 1074 religioso
410 1031 535 1065 liceret
561 1031 605 1065 ad
632 1042 848 1075 quemquam
868 1034 1070 1072 externum,
1097 1043 1141 1064 ne
1168 1031 1211 1065 ad
1240 1032 1443 1076 pontificem
1465 1033 1607 1076 quidem
1635 1032 1693 1065 vel
1719 1032 1839 1066 sedem

65 1084 299 1130 apostolicam
327 1084 521 1129 appellare,
548 1084 616 1118 nisi
642 1084 864 1127 singularem
883 1084 1061 1127 quandam
1083 1084 1286 1129 appellandi
1306 1084 1488 1119 licentiam
1508 1096 1528 1119 a
1546 1085 1714 1130 pontifice
1732 1085 1840 1130 impe-

64 1141 214 1179 trasset;
231 1138 318 1172 haec
329 1142 448 1172 autem
462 1137 645 1172 concessio
657 1138 701 1171 ad
713 1137 929 1172 Societatem
943 1149 1083 1181 quoque
1093 1138 1295 1182 pertinebat
1307 1151 1314 1177 ;
1328 1138 1411 1172 huic
1426 1139 1519 1172 enim
1536 1138 1733 1182 Gregorius
1744 1138 1840 1173 XIII.

66 1192 98 1227 3.
118 1192 202 1226 Maii
231 1191 322 1226 1575
359 1194 605 1232 concesserat,
638 1193 679 1225 ut
713 1191 870 1225 omnium
907 1191 1070 1225 ordinum
1106 1190 1356 1234 religiosorum
1392 1191 1595 1236 privilegiis
1630 1192 1684 1226 uti
1719 1195 1841 1237 posset

70 1246 428 1289 (Emm.Rodericus,
465 1244 568 1279 Nova
605 1244 776 1279 Collectio
803 1244 1081 1287 privilegiorum
1109 1245 1398 1289 Apostolicorum
1436 1245 1668 1289 Regularium
1706 1246 1840 1279 Mendi-

65 1300 222 1334 cantium
251 1300 286 1331 et
312 1310 380 1332 non
400 1298 694 1338 Mendicantium,
722 1297 885 1332 Venetiis
913 1299 1014 1337 1611,
1042 1298 1200 1337 84—85;
1229 1299 1280 1332 Io.
1300 1300 1406 1342 Bapt.
1424 1300 1466 1332 cle
1484 1301 1631 1333 Lezana
1650 1298 1690 1333 O.
1711 1299 1840 1335 Carm..

66 1351 212 1386 Summa
239 1351 496 1393 Quaestionum
523 1351 743 1395 regularium
771 1351 797 1391 Ι,
824 1350 989 1385 Venetiis
1016 1351 1116 1392 1646,
1144 1363 1174 1385 c.
1194 1352 1225 1392 9,
1252 1363 1285 1385 n.
1306 1352 1336 1393 6,
1364 1363 1395 1396 p.
1416 1352 1480 1392 42;
1518 1354 1676 1386 Litterae
1702 1354 1840 1396 aposto-

64 1405 154 1440 licae
181 1408 248 1439 etc.
280 1405 364 1444 143;
396 1406 646 1448 Compendc'um
676 1404 953 1448 privilegiorum
981 1406 1017 1438 et
1043 1404 1248 1438 Gratiarum
1277 1404 1468 1439 Societatis
1496 1406 1587 1443 Iesu,
1619 1406 1841 1450 Antverpiae

66 1459 167 1498 1635,
194 1459 331 1493 30-31
370 1459 427 1493 42.
478 1460 685 1493 Ins-titutum
721 1458 755 1492 S.
777 1458 809 1493 J.
839 1458 923 1492 157
960 1457 1029 1492 528
1056 1458 1154 1501 542).
1205 1459 1400 1503 Perperam
1435 1459 1547 1502 igitur
1584 1459 1770 1493 Haivodus
1806 1459 1840 1492 in

65 1513 122 1547 his
147 1512 278 1546 litteris
305 1511 520 1552 affirmabat,
557 1524 608 1553 se,
643 1511 785 1556 quando
813 1515 850 1546 et
875 1511 1062 1555 ,quomodo
1097 1511 1232 1545 homini
1267 1511 1435 1555 religioso
1462 1524 1482 1547 a
1514 1513 1590 1546 suis
1626 1512 1842 1558 praepositis

65 1566 109 1601 ad
135 1565 339 1611 pontificem
366 1565 550 1610 appellare
577 1565 713 1606 liceret,
745 1565 898 1610 ,optime
924 1565 1063 1599 nosse‘.

184 1618 388 1654 Notandum
427 1623 493 1661 est,
537 1619 761 1659 Haivodum,
801 1630 910 1653 unum
950 1630 996 1652 ex
1035 1618 1137 1652 Beati
1175 1617 1334 1653 Thomae
1373 1619 1464 1653 Mori
1502 1619 1707 1654 cancellarii
1746 1619 1842 1653 illius

64 1673 307 1717 martyrisque
334 1672 525 1706 clarissimi
552 1673 753 1717 nepotibus,
780 1672 897 1706 virum
924 1671 1153 1716 caeteroquin
1180 1672 1343 1706 doctrina
1369 1674 1404 1706 et
1434 1672 1570 1707 virtute
1596 1676 1841 1718 praestantem

0 1734 1 1739 ¹
66 1727 125 1770 (de
151 1738 220 1770 quo
250 1728 337 1760 Can.
359 1726 409 1760 IV
444 1726 654 1766 459—460;
681 1726 713 1761 V
741 1726 871 1767 349¹),
909 1726 968 1759 diu
1005 1737 1025 1759 a
1061 1726 1293 1760 daemonibus
1330 1728 1387 1769 (ut
1418 1726 1495 1771 ipse
1532 1726 1714 1771 ceterique
1749 1726 1840 1760 Socii

64 1779 272 1820 censebant)
308 1779 494 1821 afflictum,
533 1781 676 1823 magnis
708 1779 837 1825 capitis
873 1779 1054 1813 doloribus
1088 1779 1292 1820 laborasse,
1331 1779 1461 1824 quibus
1499 1780 1607 1813 etiam
1650 1780 1728 1825 ipsa
1766 1780 1843 1814 eius

63 1845 163 1867 mens
199 1833 343 1868 turbata
380 1845 458 1867 esse
494 1834 647 1868 videtur.
700 1833 754 1867 Ita
792 1833 1033 1867 Theodoricns
1062 1834 1230 1867 Ccmisius
1255 1833 1402 1876 Dilinga
1430 1833 1484 1868 10.
1513 1834 1603 1867 Iunii
1633 1834 1724 1868 1575
1751 1833 1843 1867 Mer-

63 1887 209 1921 curiano
236 1887 441 1932 praeposito
468 1886 628 1930 generali
647 1887 690 1921 de
717 1899 758 1921 eo
783 1886 980 1931 *scripsin
1011 1886 1120 1928 „Post
1138 1886 1328 1921 diuturnos
1355 1886 1559 1930 languores,
1587 1890 1622 1921 et
1648 1890 1842 1932 perpetuas

67 1952 157 1985 pene
184 1952 264 1974 cum
291 1941 477 1974 nocturnis
503 1940 669 1986 spectris,
696 1940 768 1974 iam
794 1951 904 1984 supra
931 1940 1137 1981 triennium,
1164 1940 1461 1981 conflictationes,
1497 1940 1601 1974 hodie
1628 1940 1842 1975 decumbere

65 1994 199 2039 coepit;
241 1993 311 2027 fuit
348 1994 442 2027 enim
482 1994 553 2028 iam
586 1993 769 2028 octiduum
809 1993 957 2037 grauius
995 2004 1016 2027 a
1051 1993 1240 2038 spiritibus
1278 1993 1350 2028 illis
1389 1997 1497 2028 noctu
1531 1994 1760 2037 exagitatus,
1801 1996 1841 2027 vt

65 2046 250 2091 quiescere
276 2058 347 2080 non
374 2047 588 2082 sineretur“.
641 2049 770 2091 Atque,
798 2049 837 2081 ut
863 2047 902 2081 P.
922 2048 1104 2081 Antonius
1129 2048 1335 2081 Balduinus
1362 2046 1395 2081 S.
1415 2048 1448 2082 J.
1467 2047 1613 2090 Dilinga
1633 2048 1664 2081 4.
1685 2047 1841 2081 Ianuarii

68 2100 158 2135 1573
191 2100 340 2134 Romam
376 2099 566 2141 *rettulit,
612 2100 826 2143 „indiscreto
861 2100 956 2135 zelo“
1000 2100 1034 2133 in
1072 2100 1294 2145 excipiendis
1333 2100 1620 2135 confessionibus
1659 2100 1841 2135 Sociorum

67 2154 128 2187 uni
155 2165 275 2187 eorum
304 2153 496 2188 Societatis
523 2153 741 2188 deserendae
768 2165 915 2188 causam
942 2154 1110 2198 praebuit
1136 2159 1172 2187 et
1201 2153 1426 2199 ‚complures
1452 2153 1543 2188 alios
1571 2153 1605 2187 in
1632 2153 1762 2188 similis
1788 2154 1843 2187 de-

66 2207 233 2241 fectionis
259 2206 473 2241 discrimen“
497 2207 649 2241 adduxit
670 2209 730 2250 (ex
750 2206 1007 2252 autographis;
1036 2206 1157 2242 Germ.
1180 2207 1245 2241 136
1272 2207 1296 2241 f.
1318 2207 1420 2247 1609:
1450 2207 1571 2242 Germ.
1591 2206 1659 2241 152
1686 2207 1709 2241 f.
1729 2207 1844 2250 2700).

183 2260 351 2294 Canisius
379 2259 527 2294 Hoffaeo
554 2261 742 2304 respondit
768 2260 863 2294 circa
890 2260 922 2295 d.
945 2261 998 2295 19.
1017 2260 1234 2295 Novembris
1264 2260 1366 2295 1580.

65 2353 228 2390 2076.
286 2353 347 2389 P.
360 2353 629 2390 PAFLUS
648 2352 1017 2390 HOFFAEFS
1039 2354 1092 2390 S.
1106 2353 1160 2389 J.
1178 2354 1393 2389 Germaniae
1409 2353 1606 2397 superioris
1620 2353 1848 2398 praepositus

256 2408 488 2452 provincialis
516 2406 718 2442 CANISIO.
939 2408 1173 2450 Landsberga
1200 2409 1294 2442 circa
1322 2407 1355 2441 d.
1379 2408 1433 2442 16.
1451 2406 1667 2441 Novembris
1697 2406 1798 2441 1580.

185 2474 239 2508 Ex
266 2473 467 2508 litterarum
496 2473 658 2508 Manarei
695 2475 962 2514 commentario,
1000 2474 1092 2518 quod
1122 2478 1178 2508 est
1204 2474 1238 2507 in
1266 2473 1334 2508 Rh.
1366 2474 1429 2507 lnf.
1460 2474 1490 2514 1,
1517 2473 1549 2507 II
1577 2473 1601 2507 f.
1628 2472 1702 2514 48¹²,
1740 2474 1775 2506 et
1802 2484 1846 2506 ex

67 2527 199 2562 Canisii
227 2527 384 2572 epistula
410 2527 645 2572 autographa,
674 2538 766 2571 quae
786 2530 841 2561 est
860 2527 895 2561 in
915 2527 1036 2562 Germ.
1059 2528 1126 2562 184
1152 2527 1169 2561 f
1197 2527 1350 2567 70-71‚
1377 2530 1413 2561 et
1432 2539 1477 2561 ex
1498 2526 1632 2560 litteris
1660 2525 1847 2560 Bonhomii

67 2580 286 2625 archetypis,
313 2592 405 2625 quae
432 2584 517 2615 sunt
543 2581 578 2614 in
605 2580 753 2615 archivo
780 2582 958 2621 vaticano,
986 2580 1100 2615 Nunz.
1129 2581 1162 2615 di
1191 2580 1312 2615 Germ.
1341 2580 1408 2615 103
1436 2592 1469 2625 p.
1490 2580 1690 2614 354—357.

186 2642 238 2675 De
263 2642 367 2675 rebus
394 2642 571 2685 Fribursyi
597 2642 755 2684 ayemlis.

67 2734 291 2769 dimissoriae
317 2734 442 2769 literae
469 2734 683 2778 dirigantur,
711 2746 802 2779 quae
830 2734 939 2778 vulgo
966 2734 1118 2778 apostoli
1146 2734 1386 2779 appellantur,
1413 2744 1564 2778 quarum
1592 2733 1787 2778 postulatio
1815 2736 1849 2767 et

67 2788 228 2832 acceptio
267 2788 360 2822 intra
396 2789 553 2832 quinque
590 2788 666 2822 dies
702 2800 746 2822 ex
783 2787 901 2822 officio
936 2788 1091 2822 finienda
1118 2789 1216 2822 est‘:
1253 2799 1282 2822 c.
1312 2787 1368 2826 24,
1405 2786 1443 2821 C.
1473 2787 1504 2821 ΙΙ
1531 2798 1564 2831 q.
1584 2788 1615 2822 6.
1670 2786 1792 2829 „Quod
1818 2787 1848 2821 si

66 2841 175 2886 judex
210 2841 244 2874 in
280 2841 432 2875 termino
465 2842 508 2875 ad
545 2841 699 2875 dandum
729 2841 920 2886 Apostolos
958 2841 1119 2886 praefixo
1155 2852 1217 2884 per
1244 2852 1325 2874 eum
1351 2840 1450 2884 ipsos
1476 2839 1673 2885 appellanti
1712 2841 1849 2885 petenti

67 2906 135 2928 non
163 2894 319 2929 dederit:
347 2897 411 2928 aut
436 2894 466 2928 si
493 2895 576 2928 dum
603 2897 812 2939 peterentur
838 2894 1014 2940 Apostoli,
1041 2894 1266 2939 responderit
1292 2905 1330 2928 se
1358 2893 1526 2928 daturum
1555 2894 1710 2934 eosdem,
1746 2893 1846 2927 nullo

68 2947 221 2981 termino
256 2951 354 2982 certo
380 2948 447 2982 sibi
484 2948 654 2992 praefixo,
691 2948 749 2981 vel
776 2948 870 2982 intra
902 2948 996 2992 juris
1031 2947 1223 2981 terminum
1251 2958 1289 2981 se
1317 2958 1378 2980 eos
1404 2947 1602 2981 asseruerit
1628 2947 1723 2981 velle
1751 2947 1849 2988 dare,

68 3003 104 3034 et
138 3003 263 3045 postea
298 3012 362 3045 per
396 3001 638 3045 appellantem
666 3013 824 3045 congruo
859 3001 936 3035 loco
963 3004 999 3035 et
1034 3003 1194 3045 tempore
1221 3000 1367 3044 saepius
1392 3004 1429 3034 et
1455 3000 1634 3034 instanter
1672 3012 1741 3034 uno
1767 3011 1849 3034 con·

68 3056 172 3088 textu
199 3054 306 3088 etiam
334 3054 541 3098 requisitus,
577 3066 639 3088 eos
673 3066 741 3088 non
771 3055 954 3088 curaverit
990 3055 1085 3088 intra
1111 3053 1263 3088 eundem
1291 3053 1485 3087 terminum
1513 3053 1695 3094 exhibere,
1730 3053 1849 3098 appel-

71 3107 241 3142 lationem
268 3118 371 3141 suam
399 3110 532 3142 extunc
558 3108 726 3152 prosequi
752 3108 866 3153 possit
893 3107 1091 3152 appellans,
1119 3118 1160 3140 ac
1186 3106 1216 3140 si
1244 3117 1417 3151 expresse
1443 3106 1598 3140 fuissent
1623 3106 1738 3140 eidem
1757 3107 1850 3151 Apo-

70 3160 152 3194 stoli
180 3160 391 3204 denegafi‘:
420 3172 438 3195 c
469 3161 490 3194 2
517 3160 628 3195 clem.
647 3161 679 3201 2,
709 3161 771 3202 12;
799 3161 844 3195 cf.
864 3172 893 3196 c.
921 3162 962 3195 31
995 3160 1021 3194 C
1050 3160 1093 3201 ll,
1120 3171 1154 3204 q.
1173 3160 1210 3195 6:
1238 3171 1268 3194 e.
1288 3161 1308 3194 6
1337 3160 1371 3193 in
1399 3159 1450 3193 Vl
1477 3159 1509 3201 2,
1538 3159 1592 3193 15.
