2051 3433
214 185 300 226 420
338 180 439 215 1991.
469 179 634 214 Canisius
661 179 834 214 mandatu
862 179 900 214 P.
921 179 1061 214 Hoffaei
1089 179 1127 214 P.
1147 178 1224 214 Nic.
1252 177 1395 214 Lanoio.
1430 179 1576 224 Dilinga
1591 179 1643 224 (5²)
1671 178 1938 215 m.Oet.1577.

216 301 465 344 Prouintiae
508 298 752 341 conditione
793 298 919 341 simul
964 302 1008 342 et
1050 299 1311 341 necessitate
1353 301 1434 342 etc.
1478 300 1579 341 hoec
1621 300 1700 342 ille.
1764 300 1853 354 Epo
1895 313 1989 340 vero

217 383 306 408 sum
341 368 406 408 his
438 366 636 420 putribus
669 379 952 418 responsurus
985 365 1094 420 quod
1126 379 1194 406 res
1227 370 1285 405 est
1306 366 1458 406 scilicet
1480 379 1543 406 me
1564 365 1862 406 nihilomnino
1885 366 1991 406 seire

216 433 266 474 de
310 432 554 473 huiusmodi
597 431 834 471 visitatione
879 444 1050 484 eamque
1091 430 1289 480 futuram
1335 429 1383 470 ob
1429 431 1623 471 diuersos
1656 435 1864 485 respectus
1905 431 1989 471 loco

216 512 396 551 maginae
438 497 660 538 cuiusdam
705 495 1039 548 mortificationis
1080 497 1118 536 si
1161 496 1242 536 tale
1283 509 1388 536 onus
1430 497 1531 536 meis
1566 494 1770 536 debilibus
1802 495 1991 536 humeris

218 565 506 617 imponeretur
537 566 608 603 ete.
636 595 644 602 .
672 595 678 601 .
705 595 713 602 .
758 561 1014 602 Mirandum
1039 594 1046 601 .
1074 594 1081 601 .
1108 594 1116 602 .
1151 574 1255 602 sane
1295 565 1380 600 tuin
1415 574 1539 601 raros
1573 562 1616 601 in
1657 561 1736 601 hac
1778 565 1813 601 et
1846 562 1889 601 in
1922 574 1990 601 su-

209 629 400 682 perioris
446 627 707 669 Germaniae
751 626 984 667 Pro-uincta
1034 626 1225 666 inueniri
1269 627 1341 679 qui
1388 626 1429 666 in
1477 624 1628 679 officijs
1674 625 1993 679 qubernationis

216 693 579 734 administrandis
614 691 738 743 dione
771 691 1003 745 utiliterque
1035 691 1201 731 versari
1229 691 1405 744 possint.
1459 690 1572 731 Nam
1606 694 1642 731 et
1667 690 1716 731 de
1749 690 1993 731 huiusmodi

209 771 496 812 personarum
538 757 683 810 inopia
718 760 956 810 queruntur
998 756 1216 797 memorati
1248 755 1399 796 Patres
1435 755 1635 796 Canisius
1675 759 1709 795 et
1740 754 1991 807 Hoffueus“.

217 824 271 865 Et
305 822 553 863 Vindobona
585 823 655 862 28.
681 819 931 862 Novembris
964 820 1107 862 1577:
1152 821 1344 873 „Auanti
1376 820 1447 861 che
1470 821 1518 873 jo
1550 821 1750 861 soriuessi
1782 821 1870 861 alta
1903 819 2000 860 PV

211 891 286 943 qia
328 889 492 929 Imueuo
534 888 675 928 scritto
717 886 793 927 alli
825 886 966 926 Padi-i
998 884 1150 938 Hoffeo
1191 890 1227 927 et
1263 885 1435 926 Canisio
1469 885 1515 926 di
1553 884 1652 938 fore
1685 885 1857 939 qualche
1896 899 1993 940 per-

215 955 445 995 mutatione
488 953 588 993 deut
623 952 761 992 Paslrt
794 952 1021 1005 Meiyuitio
1063 956 1100 992 et
1132 951 1447 991 Hermannutio
1491 955 1525 991 et
1557 951 1623 991 det
1656 950 1839 991 Frateuo
1874 951 1992 992 Guil-

215 1021 347 1061 heluco
373 1018 634 1067 Comei-urio,
671 1013 884 1070 resposero
908 1016 978 1057 che
1000 1030 1083 1057 non
1108 1017 1291 1070 vogliono
1311 1015 1411 1068 fore
1432 1017 1492 1057 tal
1515 1020 1716 1057 conti-otto
1741 1049 1749 1056 .
1767 1016 1993 1069 patientia,

214 1086 253 1126 si
286 1085 330 1126 V.
356 1084 404 1126 P.
430 1084 479 1124 de
510 1083 776 1138 plenitudine
804 1083 1020 1135 potestatis
1052 1096 1136 1122 non
1168 1082 1381 1123 ordinaret
1413 1079 1559 1125 auro.¹‘

337 1177 414 1211 Hoc
441 1175 584 1220 quidem
611 1177 772 1209 constat:
801 1174 1018 1219 Merquitius
1038 1175 1072 1208 in
1092 1172 1321 1208 Germaniam
1351 1173 1571 1218 superiorem
1597 1185 1667 1207 non
1686 1173 1796 1207 venit.
1832 1173 1997 1207 Instituit

216 1234 247 1267 is
275 1244 305 1266 a.
327 1231 419 1266 1580
446 1229 678 1264 sodalitatem
698 1228 925 1263 Sanctissimi
945 1228 1112 1272 Corporis
1131 1227 1266 1262 Christi
1285 1228 1444 1271 Pragae;
1473 1228 1575 1261 cuius
1593 1226 1693 1260 urbis
1720 1225 1870 1270 collegio
1890 1226 1996 1260 valde

215 1285 340 1320 utilem
369 1294 514 1329 operam
542 1282 746 1327 praestitit;
773 1281 900 1316 deinde
921 1281 1063 1315 Graecii
1090 1281 1214 1315 eadem
1233 1292 1315 1315 cum
1333 1280 1440 1314 laude
1466 1280 1486 1314 5
1514 1291 1627 1314 annos
1647 1282 1824 1319 versatus,
1852 1291 1883 1313 a.
1905 1279 1996 1314 1588

216 1338 450 1373 Vindobonae
484 1337 559 1370 vita
595 1335 706 1369 cessit
741 1335 918 1378 (Schmidt
953 1334 974 1369 l.
1004 1346 1032 1369 c.
1062 1334 1076 1368 Ι
1111 1334 1182 1369 400
1217 1333 1427 1374 442—443;
1465 1334 1641 1367 Socherus
1675 1333 1697 1367 l.
1723 1344 1752 1368 c.
1787 1332 1996 1373 367-368;

157 1424 159 1427 .
217 1394 344 1436 Kross,
374 1391 498 1425 Bohm.
525 1390 600 1424 Jes.
628 1390 643 1422 I
671 1388 860 1423 567—568
887 1388 986 1432 579).

338 1451 517 1490 Ceterum,
544 1449 629 1493 quia
656 1461 701 1482 ex
728 1448 895 1492 epistulis
913 1448 980 1481 hoc
1005 1451 1167 1492 tempore
1187 1446 1334 1489 Dilinga
1359 1457 1380 1480 a
1407 1445 1551 1480 Canisio
1578 1446 1672 1480 datis
1698 1444 1797 1480 nulla
1821 1448 1996 1490 superest,

218 1504 352 1540 iuverit
379 1504 436 1538 hic
464 1503 585 1546 aliqua
603 1503 694 1546 poni,
724 1513 816 1546 quae
835 1501 878 1535 de
904 1501 1011 1535 rebus
1030 1501 1079 1534 ibi
1105 1501 1149 1534 ab
1176 1512 1216 1534 eo
1236 1499 1351 1543 gestis
1370 1499 1431 1533 alii
1449 1499 1684 1544 scripserunt.
1727 1498 1768 1533 P.
1787 1500 1999 1533 Domz'm'cus

218 1560 410 1602 Men‘qu'nus
448 1557 481 1591 S.
508 1557 540 1590 J.
576 1555 717 1598 collegii
753 1554 983 1589 monacensis
1018 1557 1137 1588 rector
1171 1553 1361 1588 Monachio
1394 1553 1452 1588 23.
1492 1552 1611 1595 (255³)
1649 1552 1871 1597 Septembris
1907 1552 1998 1586 1577

219 1612 405 1648 Everardo
435 1610 662 1644 Merum-iano
689 1609 895 1653 praeposito
921 1608 1082 1652 generali
1109 1608 1152 1641 de
1180 1607 1328 1641 Hoffaeo
1354 1606 1569 1652 provinciali
1588 1606 1684 1640 circa
1704 1606 1757 1640 17.
1778 1605 2000 1650 Septembris

219 1667 422 1711 Oeniponte
450 1664 633 1706 Dilingam
661 1674 790 1696 versus
816 1663 978 1707 profecto
1009 1663 1059 1702 (v.
1078 1672 1187 1706 supra
1213 1673 1246 1706 p.
1261 1661 1348 1704 419)
1377 1660 1567 1705 *scripsit:
1599 1659 1674 1702 „Ex
1700 1659 1884 1693 montibus
1901 1670 1995 1692 nunc

219 1718 459 1765 proficiscitur
486 1717 680 1759 Dilingam.
733 1715 880 1750 Interim
916 1716 947 1748 is
983 1714 1051 1749 hac
1084 1715 1305 1748 transeundo
1340 1713 1574 1748 uehementer
1609 1725 1666 1746 me
1692 1712 1890 1746 recreauit‘
1931 1714 1998 1746 etc.

220 1772 357 1807 Deinde
385 1771 423 1805 P.
444 1771 684 1804 Tlieodoricns
713 1771 881 1803 Cunisius
907 1770 1025 1802 rector
1052 1767 1196 1810 collegii
1223 1767 1399 1811 dilingani
1425 1766 1570 1810 Dilinga
1597 1767 1652 1800 11.
1672 1765 1888 1800 Novembris
1908 1765 1998 1799 1577

220 1826 337 1860 eidem
374 1825 602 1859 Mei-curiano
641 1823 693 1857 sic
731 1822 919 1867 *sci-ipsit:
960 1821 1184 1864 Ingolstadio
1223 1823 1435 1863 ⁷,reuocatus
1473 1832 1554 1854 sum
1589 1820 1752 1864 proximo
1786 1819 1998 1864 Septembri,

220 1879 362 1923 quando
389 1878 590 1920 Collegium
616 1877 684 1911 hoc
716 1877 868 1910 visitare
895 1876 1013 1920 coepit
1039 1875 1273 1908 Reuerendus
1298 1877 1403 1917 pater
1429 1872 1662 1918 prouincialis
1687 1875 1882 1907 noster....
1923 1872 2000 1906 Hoc

220 1934 297 1967 loco
324 1944 419 1966 nunc
446 1931 603 1965 viuimus
630 1930 686 1964 27.
706 1930 785 1963 sani
820 1929 873 1963 sic
907 1929 997 1963 satis
1033 1939 1168 1962 omnes.
1220 1927 1453 1962 Reuerendus
1488 1931 1591 1972 pater
1626 1925 1858 1971 prouincialis
1883 1927 1999 1958 totum

220 1998 380 2021 mensem
409 1985 596 2018 nobiscum
624 1983 682 2017 hic
709 1983 852 2023 mansit,
880 1994 951 2016 vna
978 1993 1059 2016 cum
1086 1981 1128 2015 R.
1149 1981 1188 2015 P.
1208 1981 1316 2015 Petro
1337 1981 1490 2021 Cauisio,
1518 1981 1552 2014 in
1580 1979 1789 2013 visitatione
1808 1978 1875 2012 hac
1892 1978 2000 2012 socio.

221 2040 340 2074 Multa
366 2039 562 2084 prudenter
581 2037 780 2077 constituit,
806 2035 1025 2070 scholastica
1051 2034 1226 2069 exercitia
1253 2036 1288 2068 in
1306 2034 1491 2068 meliorem
1517 2033 1678 2067 ordinem
1703 2032 1854 2075 redegit,
1879 2042 2003 2066 omnes

220 2095 257 2128 in
285 2094 437 2128 Domino
464 2091 673 2125 consolatus
699 2094 754 2124 est
780 2093 817 2124 et
843 2090 887 2123 ad
914 2088 1062 2123 meliora
1089 2089 1314 2122 exhortatus.
1349 2088 1444 2121 Ante
1471 2087 1548 2126 dies
1574 2086 1706 2130 viginti
1733 2085 2001 2130 Jngolstadium

222 2159 304 2182 cuni
341 2147 436 2181 socio
474 2145 514 2180 P.
543 2145 687 2179 Canisio
722 2144 806 2178 hinc
841 2143 941 2188 abijt,
978 2142 1039 2176 vbi
1075 2142 1277 2176 visitatoris
1313 2153 1462 2175 munere
1497 2142 1567 2174 iam
1603 2139 1777 2183 fungitur.
1830 2138 1918 2173 Cum
1946 2138 2004 2172 hic

221 2203 329 2241 esset,
356 2200 426 2234 fuit
453 2211 473 2233 a
500 2197 816 2232 Reuerendissimo
842 2197 1021 2241 Episcopo
1047 2197 1194 2229 nostro'
1222 2195 1265 2229 ad
1293 2194 1480 2240 prandium
1508 2196 1660 2227 vocatus
1687 2203 1759 2226 vna
1785 2203 1865 2226 cum
1896 2191 2004 2225 Patre

224 2254 382 2294 Canisio,
410 2255 446 2287 et
473 2252 613 2286 duobus
640 2251 722 2296 alijs
749 2251 792 2284 de
818 2250 1004 2289 societate,
1032 2252 1068 2282 et
1093 2248 1299 2282 humaniter
1324 2248 1370 2282 ab
1397 2259 1438 2282 eo
1465 2249 1520 2281 est
1546 2247 1702 2281 habitus.
1746 2245 1877 2279 Postea
1895 2245 2006 2278 etiam

222 2308 350 2342 ferinis
378 2306 547 2340 carnibus
572 2305 617 2339 ad
645 2304 847 2348 Collegium
874 2304 996 2337 missis
1021 2302 1292 2336 honoratus...
1344 2301 1423 2335 Dici
1448 2313 1517 2334 non
1545 2302 1664 2345 potest
1689 2301 1864 2344 quantum
1891 2297 2007 2332 indies

221 2362 311 2396 haec
338 2359 534 2394 Academia
559 2361 634 2392 tam
653 2357 897 2392 studiosorum
915 2356 1104 2390 nobilitate
1130 2359 1167 2389 et
1184 2355 1426 2395 multitudine,
1454 2365 1561 2398 quam
1581 2353 1714 2397 pietate
1733 2355 1770 2386 et
1787 2351 2006 2386 authoritate

222 2416 384 2449 crescat:
422 2424 538 2457 neque
565 2411 712 2446 scholae
737 2422 855 2455 neque
881 2409 1056 2454 templum
1093 2409 1242 2454 capiunt
1276 2419 1473 2442 omnes...
1526 2406 1726 2450 Collegium
1752 2405 2005 2440 Conuictorum

222 2467 457 2503 nobilissimis
484 2464 786 2505 adolescentibus,
823 2467 858 2498 et
885 2464 1110 2497 diuersorum
1137 2462 1300 2496 ordinum
1329 2461 1507 2505 religiosis
1535 2460 1707 2494 fratribus
1733 2462 1789 2493 est
1814 2457 2007 2492 refertissi-

223 2534 332 2563 mum,
360 2524 401 2556 vt
426 2532 539 2554 nouas
559 2519 593 2553 in
614 2519 761 2553 ciuitate
787 2518 895 2552 aedes
921 2529 983 2561 pro
1002 2528 1123 2550 eorum
1146 2515 1369 2550 habitatione
1396 2515 1596 2549 conducere
1623 2512 1738 2547 coacti
1757 2512 1870 2546 simus
1916 2510 2009 2545 Sunt

223 2577 317 2609 inter
344 2575 434 2609 alios
462 2574 567 2607 Sueci
594 2585 661 2607 sex
688 2584 757 2605 vno
785 2574 947 2615 excepto,
986 2572 1105 2604 aetate
1142 2570 1212 2603 iam
1248 2572 1391 2603 matura
1424 2579 1558 2602 omnes.
1611 2567 1657 2600 Hi
1683 2577 1704 2600 a
1731 2565 1830 2609 Rege
1857 2564 2008 2598 Sueciae

223 2628 401 2673 superiori
437 2629 576 2661 aestate
612 2626 761 2659 Romam
799 2624 899 2658 missi
937 2625 1064 2658 sunt²:
1111 2622 1179 2656 Sed
1216 2634 1298 2657 cum
1325 2622 1566 2666 Oenipontum
1602 2620 1865 2664 peruenissent,
1900 2620 1937 2651 et
1972 2617 2008 2651 in

225 2683 264 2716 P.
285 2680 561 2721 prouincialem,
595 2683 631 2713 et
669 2679 706 2713 P.
726 2679 875 2712 Petrum
905 2677 1088 2711 Canisium
1125 2676 1217 2710 sorte
1253 2675 1475 2715 incidissent,
1516 2673 1633 2707 edocti
1658 2673 1703 2706 ab
1731 2673 1782 2706 eis
1808 2673 1904 2713 sunt,
1940 2681 2009 2704 non

224 2746 305 2769 esse
340 2737 458 2768 tutum
497 2734 588 2767 satis
628 2732 695 2766 hoc
729 2737 912 2776 tempore,
949 2732 1096 2775 propter
1130 2729 1245 2774 pestis
1271 2728 1525 2772 suspicionem,
1560 2726 1595 2760 in
1623 2725 1773 2760 Jtaliam
1804 2723 2008 2758 transitum.

225 2788 344 2830 Quare
370 2788 433 2828 illi,
461 2789 610 2831 accepto
637 2785 788 2820 consilio
815 2784 992 2819 dictorum
1019 2783 1169 2817 l'atrum
1198 2781 1380 2824 Dilingam
1400 2782 1589 2820 venerunt,
1615 2779 1674 2812 hic
1700 2777 1871 2818 mansuri,
1898 2777 2010 2810 donec

226 2841 376 2875 meliora
403 2841 445 2875 de
473 2840 604 2875 Jtalico
636 2839 734 2873 coelo
770 2838 996 2872 nuncientur.
1049 2836 1221 2870 Promisit
1258 2835 1402 2869 interim
1438 2833 1591 2876 Regenti
1619 2831 1873 2866 Conuictorum
1901 2829 2011 2863 Pater

228 2894 476 2934 Prouincialis,
513 2906 551 2927 se
588 2892 723 2926 Romae
760 2892 982 2931 effecturum,
1019 2892 1059 2923 vt
1094 2890 1263 2933 sumptus
1299 2898 1432 2928 omnes,
1468 2886 1529 2931 qui
1565 2897 1635 2919 non
1668 2884 1778 2925 leues,
1814 2881 2009 2926 necessarij

226 2952 359 2987 tamen,
387 2947 444 2980 hic
472 2947 507 2979 in
535 2957 595 2979 eos
622 2945 724 2985 fiunt,
752 2945 894 2988 integre
921 2943 989 2988 ipsi
1009 2942 1258 2977 restituantur.
1311 2941 1389 2975 Duo
1408 2943 1550 2974 tautum
1577 2950 1622 2972 ex
1651 2937 1722 2971 illis
1748 2948 1814 2970 sex
1833 2934 2010 2971 Catholici

226 3003 351 3034 erant:
388 2999 517 3044 reliqui
551 3001 705 3042 quatuor
731 2998 790 3032 hic
817 2997 1029 3032 catechizati
1057 2997 1141 3030 sunt
1168 2998 1204 3028 et
1230 2993 1416 3028 Ecclesiae
1443 2991 1677 3027 reconciliati.
1728 2990 1869 3025 Gerunt
1893 3000 1932 3023 se
1959 2987 2010 3022 illi

227 3053 404 3087 hactenus
431 3053 532 3093 bene,
559 3055 595 3085 et
621 3051 829 3085 libertatem
867 3051 1033 3095 patriam,
1070 3047 1238 3093 quamuis
1275 3058 1395 3090 aegre,
1432 3046 1606 3091 paulatim
1634 3047 1756 3078 tamen
1791 3043 2011 3077 refraenant.

353 3182 361 3201 ¹
390 3180 606 3224 Marquardo
633 3192 653 3214 a
683 3181 788 3224 Berg.
935 3180 949 3200 2
975 3178 1066 3213 Vide
1092 3189 1203 3223 supra
1229 3189 1262 3222 p.
1282 3178 1364 3211 413.
