2051 3433
146 185 228 225 110
323 182 426 217 1833.
455 182 619 217 Canisius
646 181 684 216 P.
705 182 830 216 Ioanni
857 183 899 217 de
927 183 1092 218 Polanco.
1137 182 1337 229 Oeniponte
1364 184 1396 220 8.
1415 184 1599 220 Februarii
1631 187 1729 222 1573.

141 314 257 352 esse,
302 301 415 354 quod
457 300 661 342 inuidiam
706 303 751 343 et
788 301 1024 355 periculum
1067 301 1196 344 facile
1238 303 1461 354 conflaret,
1502 303 1540 346 si
1581 307 1916 358 cognosceretur

142 366 301 408 nostris
334 366 598 408 demandari.
663 366 912 420 Properabo
945 366 1078 421 igitur
1111 371 1155 409 et
1188 367 1389 421 colligam
1423 382 1533 422 quae
1565 369 1620 411 ad
1653 370 1914 424 prouintiam

140 433 388 485 susceptam
431 430 673 485 pertinent:
717 436 871 486 postea
913 432 965 474 de
1006 431 1167 486 scripto
1210 433 1371 475 rectius
1403 433 1565 487 aliquid
1604 437 1836 486 statuetur,
1878 435 1915 477 si

140 500 286 538 tamen
318 496 422 537 illud
465 496 549 538 erit
590 497 895 540 necessarium.
961 497 1068 539 Oret
1109 511 1187 551 pro
1229 512 1297 539 me
1331 498 1546 541 dominum
1582 499 1631 542 R.
1664 500 1711 542 T.
1745 503 1794 542 ut
1834 499 1916 542 hoc

140 560 304 602 difficili
336 564 532 615 tempore
566 562 790 604 conficiam
824 562 968 604 omnia
999 565 1091 604 tum
1126 563 1370 615 diligenter,
1409 566 1500 605 tum
1534 564 1732 615 feliciter,
1766 579 1912 618 quem-

141 626 368 668 admodum
422 626 658 669 iniunctum
708 630 787 670 est.
859 627 1017 677 Quodsi
1065 642 1172 681 opus
1214 627 1367 680 fuerit,
1417 630 1617 672 excusari
1669 644 1737 671 me
1789 644 1916 684 posse

140 692 326 741 confido,
373 691 544 734 etiamsi
591 693 645 734 ad
689 693 841 735 literas
886 693 1206 735 Cardinalium1
1253 693 1358 735 nihil
1400 695 1656 737 rescribam:
1701 695 1808 737 satis
1850 709 1914 737 re-

138 770 341 809 sponsum
375 757 508 800 fuerit
541 758 681 808 credo,
721 758 754 799 si
789 760 961 801 mature
992 758 1134 800 isthuc
1166 759 1338 801 ueniam
1371 760 1500 801 rebus
1533 760 1648 815 apud
1680 760 1757 802 hos
1791 760 1914 802 Prin-

141 822 258 876 cipes
291 822 519 877 expeditis,

258 893 378 935 Nihil
410 908 518 945 sum,
553 908 632 936 nec
668 908 763 936 esse
794 894 928 936 debeo
961 894 1171 937 sollicitus
1204 895 1257 937 de
1290 895 1501 938 uiatico‘2:
1536 896 1649 949 quod
1682 898 1827 938 autem
1862 897 1916 938 ad

140 957 272 1000 libros
305 958 622 1001 haereticorum
657 960 861 1002 emendos
895 959 1067 1011 attinet,
1102 974 1186 1001 non
1210 960 1423 1003 arbitror⁸
1455 961 1704 1012 desiderari,
1739 964 1787 1004 ut
1818 975 1914 1016 pro-

139 1023 307 1066 uinciae
348 1027 525 1067 nostrae
564 1026 808 1080 sumptibus
849 1026 1131 1068 redimantur.
1197 1026 1240 1068 Si
1283 1026 1384 1079 quid
1429 1029 1576 1069 autem
1620 1026 1828 1081 pecuniae
1871 1026 1914 1068 in

141 1088 253 1130 hunc
286 1103 409 1131 usum
442 1090 580 1132 uelint
613 1091 872 1145 expendere,
906 1104 985 1145 per
1017 1091 1309 1133 Oeconomum
1343 1091 1572 1134 Jllustriss.
1608 1091 1781 1134 Domini
1812 1091 1912 1133 Car-

142 1153 296 1196 dinalis
328 1155 606 1208 Augustani3
639 1156 768 1198 facile
801 1156 1098 1198 numerabitur
1130 1156 1370 1210 Augustae,
1405 1156 1439 1198 si
1473 1156 1657 1199 Domino
1693 1157 1914 1199 oeconomi

143 1219 271 1261 isthic
302 1221 574 1263 restituatur.
625 1222 719 1274 Ego
752 1221 925 1263 interim
958 1224 1108 1263 mutuo
1141 1235 1308 1263 sumam
1343 1222 1582 1276 pecuniam,
1617 1223 1916 1276 undecumque

138 1283 306 1335 licebit,
349 1286 419 1327 uel
459 1300 554 1328 cum
594 1286 858 1341 bibliopola*
898 1287 1109 1341 paciscar,
1149 1300 1288 1340 neque
1330 1288 1604 1330 commutabo
1648 1288 1827 1330 uerbum
1860 1288 1913 1330 de

137 1350 414 1404 sumptibusb.

257 1421 325 1463 Ad
358 1422 444 1464 alia
477 1423 688 1477 epistolae
721 1424 866 1478 capita
898 1438 983 1465 non
1016 1423 1156 1465 minus
1180 1437 1338 1475 coram,
1374 1437 1500 1477 quam
1525 1438 1602 1478 per
1624 1424 1774 1467 literas
1798 1438 1913 1466 com-

138 1487 310 1529 modum
352 1488 436 1530 erit
475 1489 752 1542 respondere.
816 1488 1024 1531 Dominus
1065 1489 1235 1531 JESVS
1277 1502 1416 1531 meam
1460 1489 1772 1543 profectionem
1816 1504 1913 1544 pro-

138 1556 296 1606 speret,
333 1554 668 1607 cooperantibus
701 1555 768 1598 Ρ.ο
790 1555 838 1597 T.
873 1557 917 1596 et
950 1555 1128 1597 Patrum
1162 1554 1342 1596 aliorum
1382 1554 1580 1608 precibus
1613 1557 1744 1608 atque
1777 1556 1911 1598 sacri-

138 1617 259 1672 ficiis,
301 1619 454 1671 quibus
496 1633 600 1661 sane
641 1620 841 1674 percupio
883 1619 1054 1662 diuinae
1095 1620 1266 1673 gratiae
1308 1620 1611 1663 commendari.
1678 1620 1909 1675 Oeniponti

141 1684 164 1724 8
199 1683 422 1738 Februarij
461 1686 586 1727 1573.

968 1745 1012 1787 P.
1048 1744 1095 1787 T.

1429 1805 1647 1859 Jndignus
1680 1803 1793 1846 filius

1409 1870 1565 1913 Petrus
1598 1869 1807 1912 Canisius.

259 1951 500 1994 Admodum
534 1953 791 1995 Reuerendo
823 1953 866 1995 in
889 1953 1058 1996 Christo
1081 1953 1216 2005 Patri,
1252 1953 1295 1997 P.
1321 1954 1479 1996 Joanni
1503 1953 1703 2004 Polanco,
1735 1953 1910 1995 Vicario

139 2015 360 2071 Gene[rali
394 2016 648 2072 So]cietatis
680 2019 824 2062 JESU.
947 2020 1124 2061 Romae.

256 2111 295 2145 P.
315 2112 453 2146 Paulus
480 2114 654 2156 Hoffaens
688 2113 921 2158 provincialis
947 2115 1115 2156 Augusta
1142 2113 1197 2147 28.
1216 2112 1400 2147 Februarii
1431 2113 1519 2147 1573
1555 2112 1599 2146 ad
1627 2112 1821 2147 Polancnm
1857 2112 1911 2147 sic

137 2165 311 2209 ffscripsit
338 2165 380 2199 de
408 2165 541 2200 Canisii
568 2166 748 2210 legatione
776 2169 812 2201 et
837 2168 880 2201 de
906 2179 972 2202 sua
998 2170 1033 2201 et
1058 2167 1130 2201 ΡΡ.
1149 2166 1325 2200 Theodori
1353 2166 1493 2200 Peltani
1524 2168 1560 2200 et
1586 2166 1762 2211 Alphonsi
1787 2166 1910 2200 Pisani

140 2218 246 2261 (quos
281 2220 513 2263 congregatio
549 2220 782 2265 provincialis
817 2221 884 2266 ipsi
912 2221 1145 2262 adiunxerat;
1181 2221 1263 2254 vide
1293 2220 1397 2262 infra,
1425 2232 1518 2254 mon.
1547 2220 1651 2260 1123)
1691 2220 1909 2265 profectione

137 2271 181 2305 ad
209 2272 401 2306 Societatis
428 2274 720 2317 cogregationem
748 2274 962 2318 generalem,
994 2286 1100 2319 quam
1129 2274 1307 2309 Polancus
1333 2273 1514 2308 indixerat
1541 2274 1594 2308 11.
1613 2273 1749 2318 Aprilis
1775 2273 1910 2308 Romae

137 2324 394 2360 incohandaln:
432 2326 489 2368 „P.
511 2326 677 2361 Canisius
703 2328 797 2372 apud
824 2339 880 2361 me
906 2327 1086 2372 Monachij
1114 2327 1183 2361 fuit
1209 2327 1269 2361 vbi
1295 2327 1403 2361 rebus
1429 2327 1504 2361 suis
1530 2325 1706 2361 foeliciter
1731 2326 1910 2371 expeditis

139 2378 375 2422 Salzburgum
411 2380 500 2414 bene
535 2380 637 2415 firma
663 2381 870 2415 valetudine
905 2381 1003 2426 abijt.
1054 2381 1181 2416 Visum
1216 2382 1335 2415 autem
1371 2383 1427 2414 est
1460 2392 1529 2414 non
1564 2382 1752 2424 tantopere
1787 2379 1909 2425 vrgerj

138 2432 254 2476 ipsum
282 2433 325 2466 ad
353 2434 615 2478 properandum
645 2434 775 2476 (literis
801 2434 995 2477 diligenter
1021 2434 1251 2476 examinatis)
1281 2434 1367 2478 quin
1393 2435 1515 2478 posset
1536 2433 1651 2467 redire
1670 2432 1909 2478 Oenipontum

139 2484 346 2530 Salzburg0‚
383 2487 514 2530 partim
541 2490 582 2522 vt
608 2487 684 2522 illic
708 2488 802 2522 male
828 2488 872 2522 ad
899 2490 1040 2522 tantum
1067 2489 1136 2522 iter
1161 2489 1310 2533 paratus
1335 2488 1470 2521 rectius
1495 2486 1744 2527 instrueretur,
1778 2487 1907 2531 partim

138 2541 178 2572 vt
204 2539 239 2573 in
265 2542 388 2574 nostro
415 2541 588 2576 comitatu
615 2543 722 2583 esset,
760 2541 804 2576 ob
830 2541 1010 2576 meliorem
1038 2541 1161 2587 optimj
1189 2541 1309 2575 Patris
1336 2551 1458 2575 curam
1484 2552 1591 2584 quam
1618 2540 1650 2574 ei
1677 2540 1846 2574 debemus
1873 2543 1909 2574 et

138 2593 399 2635 praestabimus
426 2594 568 2629 Christo
596 2595 798 2637 adiuuante,
827 2598 862 2629 et
888 2595 1002 2640 ipsius
1028 2607 1137 2629 causa
1163 2594 1270 2629 citius
1297 2605 1403 2638 quam
1431 2594 1704 2628 decreueramus
1730 2605 1801 2627 vna
1826 2605 1906 2628 culn

259 2675 286 2707 a)
309 2676 446 2707 Sequitur
466 2675 550 2708 illud,
570 2685 587 2702 α
609 2679 638 2704 (J.
659 2678 750 2703 oblitt.
841 2675 872 2708 b)
894 2678 1033 2709 Sequitur
1055 2685 1077 2702 ι’.
1095 2685 1113 2702 α
1129 2679 1156 2702 C.
1177 2677 1266 2702 omitt.
1287 2675 1382 2707 (sorte
1394 2676 1417 2706 22)
1508 2675 1534 2708 c)
1556 2676 1603 2701 Sic
1623 2677 1651 2701 C.
1672 2675 1798 2701 correxit
1818 2682 1854 2700 es
1874 2674 1908 2702 R.

261 2818 268 2837 ¹
298 2817 397 2851 Hosii
425 2820 460 2852 et
487 2818 691 2860 Comensis;
718 2831 752 2852 v.
774 2830 884 2863 supra
910 2831 942 2864 p.
965 2819 1042 2853 108.

257 2871 268 2890 ²
299 2872 488 2912 „Professa
514 2872 675 2906 Societas
702 2899 709 2906 .
729 2900 736 2907 .
754 2900 761 2908 .
789 2874 911 2906 votum
939 2872 1027 2906 facit
1062 2882 1274 2916 expressum
1301 2870 1446 2905 Summo
1473 2868 1640 2904 Pontifici
1667 2895 1674 2903 .
1695 2895 1702 2903 .
1722 2895 1730 2903 .
1757 2867 1801 2902 ad
1828 2879 1904 2912 pro—

137 2923 368 2958 ficiscendum
395 2924 472 2958 sine
499 2926 741 2966 excusatione,
776 2938 846 2960 non
873 2926 985 2970 petito
1012 2925 1154 2965 viatico,
1182 2935 1407 2968 quocumque
1434 2923 1594 2966 gentium
1622 2922 1698 2956 eius
1725 2921 1905 2956 Sanctitas

137 2977 291 3018 iusserit,
327 2978 420 3011 inter
455 2978 580 3012 fideles
607 2979 663 3012 vel
701 2979 874 3019 infideles,
910 2979 953 3013 ad
982 2990 1050 3020 res,
1087 2989 1178 3022 quae
1205 2978 1248 3011 ad
1285 2977 1447 3011 divinum
1482 2976 1616 3010 cultum
1654 2978 1690 3009 et
1721 2974 1905 3017 religionis

137 3030 356 3065 christianae
384 3029 514 3065 bonum
542 3033 741 3076 spectant*
800 3032 888 3075 „Qui
915 3044 935 3066 a
962 3032 1107 3065 Summo
1135 3030 1308 3065 Pontifice
1336 3030 1547 3072 designatus
1574 3028 1692 3069 fuerit,
1718 3030 1757 3061 ui·
1783 3027 1904 3070 aliquo

136 3095 174 3118 se
202 3084 381 3125 conferat;
408 3084 566 3129 seipsum
594 3084 802 3127 liberaliter,
830 3097 868 3119 re.
895 3084 1083 3130 temporali
1109 3084 1209 3118 nulla
1235 3095 1298 3128 pro
1318 3083 1449 3117 viatico
1475 3094 1539 3127 per
1556 3093 1595 3116 se
1621 3080 1680 3115 vel
1706 3092 1769 3126 per
1794 3080 1903 3114 alium

138 3138 330 3182 postulata,
358 3138 523 3172 offerat‘:
554 3140 829 3174 Constitutiones
855 3138 890 3172 S.
910 3139 954 3179 J.,
984 3139 1049 3172 Ex.
1076 3150 1106 3172 c.
1129 3139 1156 3178 1,
1184 3149 1217 3172 n.
1238 3139 1276 3177 5;
1308 3137 1345 3170 P.
1366 3138 1397 3177 7,
1425 3148 1454 3171 c.
1477 3137 1506 3177 1,
1533 3148 1566 3170 n.
1586 3135 1617 3169 3.

258 3191 270 3211 ³
296 3190 507 3226 Truchsess.
655 3194 667 3212 ‘¹
695 3192 850 3235 Georgio
869 3191 999 3226 Willer
1022 3191 1218 3234 „seniore“;
1247 3191 1292 3225 cf.
1323 3191 1410 3224 Can.
1431 3189 1481 3224 VI
1508 3189 1602 3224 330⁸
1628 3188 1706 3223 713.
