2051 3433
204 136 290 178 314
707 131 811 168 1940.
837 131 1005 167 Canisius
1032 131 1216 166 Everardo
1242 131 1481 167 Mercuriano.

501 251 529 303 †
562 250 657 293 Pax
689 249 848 292 Christi
879 251 986 293 Jesu
1019 254 1201 294 aeterna
1232 250 1470 301 nobiscum,

632 315 879 358 Admodum
910 316 1167 358 Reuerende
1200 315 1344 359 Pater.

323 382 513 436 Tempus
546 381 648 424 anni
680 381 877 435 postulat
917 385 967 424 ut
999 382 1052 423 de
1084 384 1269 434 utroque
1301 380 1525 435 superiore
1556 381 1718 435 aliquid
1750 381 1937 424 scribam
1954 383 1981 425 ¹.

204 447 337 490 Pater
378 449 528 489 noster
572 446 854 489 Prouintialis
895 460 972 488 suo
1014 446 1182 488 muneri
1228 446 1487 489 satisfacere
1536 446 1730 498 uidetur,
1773 449 1982 501 quantum

204 526 287 566 ego
329 526 385 554 ex
426 512 493 554 his
535 525 646 565 quae
679 512 804 553 uideo
838 514 882 554 et
914 511 1055 562 audio,
1099 511 1313 566 conijcere
1352 525 1541 566 possum.
1607 511 1803 566 Optarim
1836 514 1983 555 autem

204 577 267 620 illi
299 577 484 620 rectius³
516 577 748 619 conuenire
773 591 870 619 cum
892 576 1160 619 Cancellario
1183 576 1397 619 Bauarico
1413 578 1442 628 2,
1477 577 1679 630 quoniam
1711 578 1825 620 alter
1857 577 1984 620 alteri

204 657 359 698 parum
392 643 566 685 uidetur
597 642 743 693 fidere,
777 645 823 685 et
855 642 954 684 hinc
985 642 1173 684 maiores
1196 642 1477 685 difficultates
1499 642 1634 685 metui
1656 645 1839 696 possunt
1869 642 1986 685 circa

205 708 289 750 duo
323 708 507 762 collegia
529 707 784 758 Bauaricass,
819 721 930 760 quae
962 708 1145 750 multum
1177 707 1346 762 negocij
1380 708 1592 750 hactenus
1618 707 1741 750 nobis
1764 707 1984 750 exhibent.

204 773 372 816 Deinde
404 774 568 816 maiore
601 772 833 828 prudentia
866 773 1055 815 fortasse
1087 772 1270 828 posthac
1302 772 1551 826 indigebitb,
1592 773 1706 826 quod
1738 772 1986 828 Principum

205 841 252 881 et
283 839 597 881 Canonicorum
630 838 860 891 Augustae
902 838 1068 880 animos
1101 852 1187 880 non
1228 852 1380 892 parurn
1414 852 1440 880 a
1472 837 1595 880 nobis
1629 838 1794 880 alienos
1825 838 1986 880 habere

205 903 445 947 uideamur.
497 903 656 946 Fauetc
690 902 897 956 Princeps
920 903 1139 954 Albertus‚
1173 903 1255 944 nisi
1288 903 1478 946 fortasse
1510 903 1556 946 P.
1576 903 1727 945 Toledi
1760 917 1905 954 causa,
1939 904 1988 945 ut

205 983 292 1011 non
324 971 443 1024 puto,
488 969 596 1010 adeo
638 968 760 1010 illum
793 968 1035 1019 offenderit,
1078 971 1128 1011 ut
1160 969 1282 1010 nobis
1325 968 1458 1011 etiam
1500 968 1615 1010 illius
1652 968 1987 1023 imprudentiam

206 1034 313 1077 uelit
340 1034 619 1089 imputarem.
674 1033 774 1075 Non
797 1033 921 1077 fauet
942 1034 1151 1088 Princeps
1175 1033 1450 1088 Oeniponti5,
1483 1033 1624 1075 minus
1647 1034 1779 1076 etiam
1802 1033 1987 1076 antistes

205 1100 520 1153 Augustanus6
551 1113 648 1141 cum
671 1099 760 1141 suis
782 1099 1021 1150 Canonicis,
1052 1099 1207 1152 quibus
1229 1113 1314 1141 non
1337 1099 1445 1141 adeo
1467 1099 1598 1141 facile
1620 1099 1837 1141 conciliari
1859 1112 1988 1153 posse

206 1165 425 1207 uidemur:
468 1165 576 1207 adeo
609 1165 723 1206 male
754 1164 853 1206 illos
884 1164 972 1207 urit
1004 1164 1201 1219 superior
1234 1164 1480 1218 Augustani
1519 1164 1690 1218 collegij
1724 1163 1987 1219 procuratio,

208 1244 338 1284 quam
376 1229 626 1272 uniuersam
668 1230 792 1272 nobis
833 1229 1144 1273 adscribunt07.
1198 1230 1312 1272 Hinc
1344 1229 1566 1283 Dilingani
1605 1243 1775 1283 quoque
1817 1229 1986 1284 collegij

207 1295 414 1347 rationes,
458 1298 507 1337 ut
539 1295 741 1346 arbitror,
786 1310 1007 1349 nunquam
1040 1295 1186 1350 peiore
1217 1296 1313 1337 loco
1345 1295 1535 1338 fuerunt.
1600 1296 1681 1338 Est
1713 1299 1758 1338 et
1788 1295 1869 1337 hoc
1901 1295 1988 1337 dis-

208 1361 413 1412 oriminis,
438 1361 552 1414 quod
574 1361 618 1403 in
641 1361 742 1403 aula
765 1361 980 1404 Bauarica
1003 1361 1223 1415 Princeps,
1258 1375 1344 1403 non
1367 1364 1512 1403 autem
1536 1360 1791 1415 Consiliarij,
1820 1359 1992 1403 contra‘

209 1426 442 1482 Oeniponti
474 1426 731 1481 Consiliarij,
775 1441 859 1468 non
903 1427 1123 1481 Princeps,
1168 1426 1371 1480 Dilingae
1412 1429 1559 1469 autem
1601 1440 1741 1480 neque
1781 1425 1989 1481 Princeps

208 1506 347 1546 neque
380 1492 621 1547 Consiliarij
656 1506 763 1546 erga
795 1506 874 1534 nos
907 1492 1015 1534 bene
1048 1492 1194 1535 affecti
1216 1506 1311 1534 esse
1334 1491 1599 1535 uideanturg.
1647 1492 1767 1534 Haec
1791 1491 1989 1543 dixerim,

209 1562 258 1601 ut
293 1559 336 1601 Ρ.
361 1558 409 1602 Τ.
443 1571 527 1611 quo
568 1558 730 1600 rectius
770 1557 1017 1611 prouintiae
1058 1560 1236 1600 nostrae
1269 1559 1433 1600 statum
1471 1557 1692 1610 intelligit,
1736 1570 1786 1599 eo
1819 1556 1990 1599 felicius

209 1638 287 1678 per
308 1637 355 1665 se
378 1626 422 1665 et
455 1624 501 1667 P.
526 1623 838 1666 Prouintialem
861 1626 1058 1666 nostrum
1081 1623 1385 1677 praesentibus
1408 1622 1739 1666 difficultatibus
1762 1622 1988 1664 consulere

211 1689 415 1742 dignetur
437 1689 607 1732 Christo
631 1688 909 1733 auxilianteh.
955 1688 1160 1731 Fortasse
1182 1702 1268 1730 non
1291 1688 1369 1730 abs
1391 1702 1438 1730 re
1460 1688 1589 1738 foret,
1623 1688 1658 1729 si
1681 1687 1795 1729 idem
1818 1688 1864 1731 P.
1884 1688 1990 1729 Pro-

210 1754 404 1797 uintialis
436 1754 643 1796 maiorem
677 1767 784 1808 erga
805 1753 914 1796 istos
936 1757 1167 1807 magnates
1190 1753 1448 1796 facilitatem
1472 1755 1516 1795 et
1539 1753 1789 1796 comitatem
1812 1766 1990 1807 praese-

210 1819 360 1870 ferret,
395 1823 440 1862 et
461 1820 657 1862 natiuam
679 1819 812 1870 illam,
847 1822 896 1861 ut
918 1819 1083 1873 opinor,
1116 1819 1399 1862 seueritatem
1422 1819 1669 1861 remitteret
1690 1818 1843 1871 magis,
1878 1831 1990 1872 quae

209 1885 332 1926 illum
370 1884 531 1928 nostris
564 1884 695 1927 etiam
728 1884 1047 1927 formidabilem
1078 1884 1223 1939 potius
1256 1899 1385 1938 quam
1419 1884 1648 1927 amabilem
1681 1883 1851 1927 redditi.
1901 1883 1989 1938 Op-

209 1950 340 1993 tarim
373 1951 435 1992 illi
467 1950 705 2005 praescribi
746 1950 872 2001 serio,
916 1953 964 1993 ut
995 1950 1039 1992 in
1072 1950 1138 1992 his
1171 1964 1282 2003 quae
1321 1950 1375 1992 ad
1408 1964 1577 2004 corpus,
1621 1949 1914 1991 ualetudinem
1947 1951 1992 1992 et

210 2016 504 2070 profectiones
535 2015 799 2070 pertinent&
843 2019 986 2058 certos
1019 2015 1202 2058 haberet
1234 2015 1541 2066 admonitores,
1586 2029 1768 2068 quorum
1801 2014 1992 2069 consilijs

211 2082 550 2136 obtemperaret,
576 2084 708 2134 atque
730 2081 794 2124 ita
811 2081 953 2123 minus
976 2080 1057 2122 sibi
1078 2080 1160 2135 ipsi
1176 2094 1355 2123 seuerus
1372 2095 1422 2123 ac
1439 2081 1606 2134 rigidus
1623 2082 1752 2122 esset.
1785 2079 1992 2122 Fortasse

211 2146 292 2188 sibi
325 2147 556 2200 persuasit,
590 2148 720 2188 finem
752 2146 874 2189 breui
906 2146 1000 2188 fore
1032 2146 1158 2188 huius
1190 2146 1394 2197 muneris,
1438 2149 1483 2189 et
1515 2145 1663 2188 uidere
1694 2158 1991 2187 successorem

215 2211 458 2262 desiderat,
502 2215 713 2265 quantum
746 2211 940 2267 conijcio.
1001 2212 1127 2254 Hanc
1159 2211 1485 2267 persuasionem
1518 2211 1581 2253 illi
1613 2211 1861 2265 ademptam
1895 2223 1991 2252 esse

211 2277 385 2326 uellem,
419 2280 468 2320 ut
500 2291 550 2319 eo
584 2276 836 2331 diligentius
867 2279 1025 2332 pergat
1047 2277 1158 2319 hanc
1181 2276 1449 2320 functionem
1471 2276 1603 2326 obire,
1637 2290 1764 2329 quam
1799 2275 1886 2318 cito
1919 2275 1993 2317 de-

211 2356 371 2397 ponere
404 2342 582 2397 sperat¹.
631 2342 804 2384 Timent
836 2342 956 2384 illum
981 2342 1136 2385 Patres
1169 2356 1221 2384 ac
1253 2341 1442 2384 fortasse
1475 2345 1724 2395 suspectum
1756 2341 1918 2383 habent
1949 2340 1993 2382 in

211 2421 315 2450 casu
348 2407 423 2449 illo
446 2407 539 2449 siue
563 2410 792 2450 contractu
815 2407 968 2458 mutui,
1001 2407 1123 2450 uelut
1145 2407 1309 2450 alterim
1342 2406 1457 2461 parti
1479 2406 1628 2449 faueat
1656 2406 1847 2459 magisssz
1880 2405 1994 2448 unde

332 2489 360 2520 a)
383 2492 515 2519 Quarum·
535 2489 582 2513 lais
603 2498 643 2513 rr.
664 2490 773 2514 Romae
794 2488 874 2513 linea
893 2489 1036 2513 subducta
1056 2491 1096 2512 est
1118 2491 1143 2513 el
1164 2489 1195 2513 ‘in
1216 2489 1350 2520 margine
1371 2489 1551 2519 ascriptmn:
1570 2486 1684 2513 Primo.
1764 2487 1794 2518 b)
1815 2490 1850 2513 10
1872 2497 1912 2513 ιϊ.
1932 2495 1991 2519 sqq.

211 2530 246 2554 11¹.
267 2530 329 2557 (hic
348 2533 375 2554 et
395 2531 533 2562 deinceps
553 2541 585 2551 Ξ
606 2531 728 2561 Romae)
749 2531 827 2554 linea
849 2530 991 2554 subducta
1012 2533 1061 2554 est.
1143 2532 1170 2558 c)
1192 2531 1269 2555 Huic
1291 2538 1313 2554 v.
1334 2530 1411 2554 linea
1433 2530 1575 2554 subducta
1595 2532 1645 2553 est.
1727 2528 1758 2560 d)
1778 2531 1795 2554 9
1817 2538 1858 2554 rr.
1878 2537 1937 2560 sqq.
1958 2530 1992 2553 R.

210 2572 291 2596 *linea
310 2572 454 2596 subducta
474 2575 524 2597 esc.
605 2573 633 2603 e)
654 2575 671 2597 2
693 2582 734 2597 rr.
753 2580 812 2603 sqq.
833 2572 868 2596 R.
890 2572 968 2596 linea
988 2572 1129 2596 subducta
1151 2575 1201 2596 est.
1298 2571 1320 2603 f)
1343 2572 1482 2602 Sequitur·
1502 2577 1586 2598 uero,
1605 2571 1696 2596 oblat.
1782 2571 1811 2602 g)
1833 2571 1927 2596 Manu
1948 2579 1992 2595 ro-

211 2622 301 2637 mana
321 2614 352 2637 «in
374 2621 468 2645 mara.
489 2614 653 2645 ascriptum
673 2617 731 2639 esf:
751 2616 776 2639 2.
840 2610 872 2644 h)
893 2616 909 2638 6
931 2622 971 2638 rr.
986 2621 1045 2645 sqq.
1059 2614 1095 2638 R.
1116 2614 1195 2638 linea
1215 2614 1357 2638 subducta
1378 2616 1428 2637 est.
1503 2613 1522 2638 i<
1546 2615 1581 2638 In
1602 2614 1744 2644 mcv-gline,
1764 2616 1794 2637 ut
1814 2620 1908 2644 supra
1929 2613 1992 2644 (ad-

213 2658 270 2680 not.
288 2656 339 2686 w:
360 2655 396 2686 3;
417 2657 432 2679 ί
454 2665 496 2681 vr.
511 2664 569 2687 sqq.
586 2657 620 2680 12¹.
640 2656 721 2680 linea
741 2656 883 2681 subducta
904 2659 954 2680 est.
1029 2654 1060 2685 k)
1082 2654 1218 2688 pertinet
1237 2658 1350 2686 autoyr.
1426 2654 1445 2686 ly
1468 2657 1483 2679 5
1507 2665 1546 2680 rs.
1560 2663 1618 2687 sqq.
1633 2656 1667 2680 R.
1688 2655 1767 2679 linea
1787 2655 1928 2679 subducta
1943 2658 1993 2679 est.

211 2697 253 2728 m)
274 2698 291 2721 2
313 2705 353 2721 rr.
374 2705 432 2729 sqq.
454 2698 489 2722 R.
510 2698 589 2722 linea
610 2698 753 2722 subducta
773 2701 825 2723 est.

335 2780 344 2799 ¹
372 2779 425 2813 De
451 2779 565 2813 Paulo
584 2780 732 2814 Hoffaeo
759 2778 973 2824 provinciali
992 2781 1029 2813 et
1046 2779 1089 2813 de
1107 2778 1321 2813 Wendelino
1340 2777 1456 2813 Volck
1483 2780 1622 2813 rectore
1641 2778 1891 2823 oenipontano.
1927 2777 1991 2813 Ca-

212 2831 328 2865 nisius
353 2832 542 2876 utriusque
568 2833 753 2867 consultor
779 2835 867 2867 erat.
919 2833 971 2867 De
998 2832 1117 2867 officio
1144 2832 1205 2866 illo
1231 2832 1410 2867 scribendi
1438 2844 1472 2867 v·
1491 2843 1601 2877 supra
1627 2843 1661 2877 p.
1680 2832 1702 2867 8
1718 2833 1739 2866 ¹.

333 2885 347 2906 ²
374 2884 634 2930 Christophoro
670 2886 940 2927 Elsenheimer;
981 2887 1042 2930 qui
1081 2886 1117 2920 in
1154 2886 1272 2920 locum
1311 2885 1467 2920 Simonis
1501 2884 1687 2920 Thaddaei
1723 2884 1800 2919 Eck
1838 2895 1869 2919 a.
1902 2884 1994 2919 1574

214 2939 346 2973 mortui
372 2942 610 2973 successerat.
758 2941 771 2960 ⁸
797 2940 1085 2984 Ingolstadiense
1111 2942 1148 2974 et
1172 2950 1397 2973 monacense.

339 2992 353 3013 ⁴
380 2991 479 3027 Haec
509 2993 658 3035 „causa“
689 2994 733 3028 ab
769 2993 847 3038 ipso
873 2993 1017 3028 Canisio
1043 2993 1078 3027 in
1105 2992 1220 3027 altera
1254 2992 1381 3026 harum
1407 2992 1610 3026 litterarum
1637 2992 1740 3036 parte
1765 2989 1908 3036 planius
1933 3001 1997 3024 ex-

214 3044 419 3089 plicabitur.
568 3046 582 3066 ⁵
608 3045 856 3080 Ferdinandus
883 3047 926 3081 11.
946 3045 1134 3081 archidux.
1280 3046 1294 3066 ⁶
1321 3044 1563 3089 Marquardus
1588 3056 1610 3079 a
1636 3045 1742 3087 Berg.

335 3094 347 3113 ⁷
373 3092 465 3127 Vide
491 3104 601 3138 supra
628 3105 661 3138 p.
679 3094 700 3128 9
731 3094 797 3128 155
823 3094 894 3130 230
920 3093 1001 3129 274.

335 3147 348 3166 ⁸
374 3146 446 3181 Eos
472 3147 570 3188 dicit,
597 3147 657 3191 qui
684 3147 705 3181 5
721 3148 767 3190 ⁰l0
795 3147 940 3182 facilius
966 3146 1242 3192 permittebant;
1269 3157 1303 3180 v.
1330 3156 1441 3191 supra
1467 3157 1500 3191 p.
1531 3145 1608 3180 157.
