2062 3443
312 198 412 233 1980.
440 198 647 233 Everardus
673 198 921 234 Mercurianus
948 198 1101 233 Canisio.
1145 198 1258 233 Roma
1286 200 1340 234 14.
1361 200 1447 234 Maii
1477 200 1577 235 1577.
1740 204 1827 245 403

55 329 149 358 cum
183 315 398 370 patientia
429 316 619 359 fructus¹
655 317 696 358 in
729 317 934 359 studiosis
966 317 1092 360 huius
1124 318 1386 362 academiae.
1433 319 1532 361 Non
1565 319 1668 361 licet
1701 321 1827 362 modo

52 380 177 435 plura
218 381 422 426 scribere.
488 382 693 424 Dominus
725 382 897 425 JESVS
932 382 977 426 P.
1002 383 1049 425 T.
1085 382 1155 424 diu
1198 383 1320 425 nobis
1362 384 1618 426 incolumem
1664 388 1826 437 seruet,

52 444 229 498 eiusque
269 460 419 500 preces
452 446 550 489 huic
583 447 827 501 prouintiae
869 451 913 490 et
946 447 1048 489 mihi
1081 447 1257 501 indigno
1292 449 1500 503 applicari
1540 450 1663 503 cupio
1697 450 1827 493 uehe-

52 512 233 554 menter.
297 511 525 565 Augustae
560 514 613 553 25
649 512 811 566 Aprilis
847 514 972 555 1577.

1329 644 1545 698 Jndignus
1578 645 1707 687 fiilius

1317 709 1473 751 Petrus
1505 710 1715 753 Canisius.

170 784 198 836 †
239 783 482 825 Admodum
528 784 785 826 Reuerendo
832 784 875 826 in
921 784 1094 826 'Christo
1142 785 1262 827 Patri
1310 788 1482 837 nostro,
1526 786 1571 829 P.
1602 787 1828 830 Euerardo

51 847 337 899 Mercuriano,
373 848 604 891 Societatis
635 849 775 891 JESV
810 849 1064 904 Praeposito
1099 849 1313 893 Generali.
1437 851 1614 895 Romae.

170 928 374 972 Augustam
412 929 579 964 Canisius
608 930 676 964 iarn
705 932 788 964 ante
817 930 848 964 d.
878 930 934 964 22.
955 929 1089 975 Aprilis
1117 930 1331 971 advenerat;
1368 943 1450 965 nam
1478 931 1516 967 P.
1536 933 1711 976 Hoffaeus
1737 934 1828 968 Mer·
1858 951 1862 955 -

51 983 197 1016 curiano
223 984 389 1026 Augusta
425 984 480 1018 21.
500 983 636 1027 Aprilis
666 985 754 1018 1577
792 982 985 1028 *scripsit:
1024 983 1076 1018 De
1096 984 1134 1017 l'.
1155 984 1310 1018 Martino
1337 984 1578 1020 Leubenstain
1614 987 1657 1020 ad
1694 988 1827 1031 profes—

50 1036 185 1070 sionem
214 1040 367 1079 quatuor
401 1039 565 1070 votorum
602 1036 826 1071 admittendo
866 1036 1028 1079 „audiam
1067 1037 1168 1082 prius
1194 1049 1292 1071 meos
1320 1038 1543 1073 consiliarios
1579 1051 1729 1083 quorum
1756 1041 1826 1075 iam

51 1090 83 1123 3.
112 1091 174 1123 aut
199 1090 231 1123 4.
260 1089 317 1123 hic
344 1089 386 1123 ad
422 1101 566 1123 manum
602 1090 726 1130 habeo,
764 1101 915 1134 quorum
952 1102 1044 1124 vnus
1081 1091 1189 1124 etiam
1217 1094 1273 1125 est
1300 1091 1337 1126 P.
1359 1092 1489 1126 Petrus
1516 1092 1693 1136 Canisius‚
1726 1094 1829 1128 cuius

51 1142 253 1177 Marianum
274 1154 363 1186 opus
383 1145 466 1176 ante
484 1142 663 1177 nundinas
683 1143 910 1177 autumnales
930 1143 992 1177 vix
1019 1144 1151 1178 exibit'‘
1179 1144 1237 1186 (ex
1257 1147 1408 1188 autogn,
1435 1145 1555 1180 Germ.
1577 1147 1643 1181 138
1669 1148 1693 1181 f.
1715 1148 1828 1186 15712).

51 1195 240 1230 Nundinae
266 1196 349 1230 illae
377 1196 603 1230 Francofurti
631 1197 674 1230 ad
701 1196 869 1230 Moenum
898 1197 972 1231 fere
1000 1197 1138 1232 9.—24.
1169 1197 1391 1243 Septembris
1418 1200 1563 1235 futurae
1590 1204 1693 1235 erant
1722 1202 1828 1245 (Can.

50 1249 101 1284 VI
128 1249 222 1285 3762
245 1276 252 1283 .

171 1249 421 1343 Meicurianus
448 1309 591 1343 Canisio
618 1309 803 1354 respondit
829 1309 861 1344 8.
882 1310 972 1344 lunii
1001 1310 1104 1346 1577.

53 1412 208 1450 1980.
283 1384 705 1451 EVERARDUS
733 1413 1229 1453 MERCURIANUS
1258 1418 1487 1462 praepositus
1513 1418 1694 1462 generalis
1713 1419 1829 1454 Socie-

242 1469 330 1502 tatis
356 1469 437 1503 lesu
465 1468 669 1504 CANlSlO.
1342 1471 1455 1505 Roma
1484 1473 1538 1507 14.
1563 1473 1648 1506 Maii
1680 1474 1781 1509 1577.

170 1533 226 1567 Ex
247 1533 456 1578 apographo
475 1534 587 1569 eiusd.
606 1536 714 1578 temp.
735 1534 795 1568 vel
814 1535 1090 1576 commentario;
1118 1535 1152 1569 in
1180 1536 1353 1580 margine,
1382 1536 1505 1571 eadem
1526 1549 1655 1571 manu:
1687 1538 1830 1582 „Jngol-

51 1586 159 1632 stadij
188 1586 226 1621 P.
246 1587 354 1621 Petro
382 1587 558 1622 Canisi0.“
604 1586 672 1621 Rh.
700 1587 767 1621 Inf.
791 1588 820 1629 1,
847 1588 881 1621 ΙΙ
908 1589 931 1622 f.
954 1589 984 1622 7.

175 1653 273 1696 Opus
299 1653 525 1687 Marianum.
574 1654 668 1694 Quid
697 1654 844 1687 Ccmisio
869 1655 943 1687 iam
968 1654 1205 1688 scribendum.
1249 1656 1480 1689 listram-iani
1509 1657 1678 1692 valetudo.

171 1725 389 1779 Scriptam
412 1739 437 1767 a
459 1725 509 1768 R.
534 1725 583 1769 T.
607 1725 838 1779 epistolam
864 1725 932 1767 die
957 1727 1040 1768 .10.
1065 1727 1226 1782 Martij,
1261 1733 1360 1769 nos‘¹
1384 1729 1422 1771 8.
1442 1728 1546 1782 Maij
1570 1729 1828 1784 accepimus,

51 1793 97 1834 et
129 1791 314 1834 alteram
346 1790 451 1832 item
486 1790 619 1844 quaeb
640 1790 948 1833 Jllustrissimo
979 1792 1029 1834 D.
1054 1791 1186 1834 Card:
1224 1792 1379 1834 Pisano
1411 1793 1527 1835 illico
1560 1795 1725 1837 tradita
1748 1799 1828 1839 est.

50 1857 97 1899 P.
122 1856 350 1899 Rectorem
384 1855 632 1899 Venetum2
674 1856 920 1898 curabimus
963 1857 1223 1899 monendum
1266 1858 1318 1900 de
1358 1858 1709 1902 transmittendis
1747 1861 1830 1903 huc

49 1921 256 1963 librorum
279 1921 530 1975 exemplisss.
585 1921 814 1964 Caeterum
848 1921 900 1963 de
923 1922 1012 1964 suis
1035 1922 1190 1976 studijs
1222 1923 1386 1976 poterit
1418 1923 1467 1967 R.
1493 1924 1541 1966 T.
1566 1938 1698 1978 agere
1732 1939 1828 1968 cum

50 1987 97 2030 P.
113 1986 387 2038 Prouinciali.
412 1986 479 2029 cui
502 1987 724 2041 negotium
750 1987 944 2029 dedimus
967 1987 1222 2042 dispiciendj
1236 1990 1264 2039 4,
1289 1996 1393 2042 quoc
1414 2003 1575 2042 genere
1592 1990 1830 2033 scribendid

50 2066 220 2106 quoque
252 2052 295 2094 in
327 2053 424 2094 loco
456 2053 596 2106 possit
618 2052 667 2095 R.
688 2053 735 2095 T.
770 2053 813 2094 in
845 2055 1068 2108 posterum
1091 2053 1233 2106 magis
1266 2056 1311 2096 et
1332 2055 1531 2108 publicae
1555 2056 1750 2107 vtssitati,
1785 2060 1830 2100 et

50 2117 251 2172 propriae
293 2117 592 2160 commoditati
635 2118 873 2160 consulere.
938 2117 1059 2167 Quod
1102 2118 1203 2171 quia
1243 2118 1363 2161 illum
1406 2134 1492 2162 non
1531 2121 1700 2163 dubito⁶
1733 2121 1829 2164 dili-

50 2185 206 2236 genter
237 2182 471 2234 facturum,
515 2185 647 2236 atque
689 2185 940 2226 curaturum
982 2197 1036 2225 ne
1078 2184 1128 2226 R.
1153 2184 1201 2226 T.
1237 2184 1374 2227 aetati
1416 2188 1548 2239 atque
1591 2186 1831 2229 valetudini

50 2248 279 2302 quicquam
318 2248 557 2290 adiumenti
598 2247 739 2299 desits‚
773 2262 858 2290 non
899 2252 1002 2292 vtar
1042 2249 1236 2303 pluribus
1274 2249 1350 2292 sed
1382 2252 1553 2293 tantum
1588 2253 1721 2294 orabo
1755 2252 1831 2295 do-

49 2313 211 2355 minum
234 2316 283 2356 vt
306 2327 577 2366 quacumque
598 2313 776 2355 tandem
798 2313 842 2355 in
864 2328 911 2356 re
934 2313 1026 2356 eius
1050 2327 1183 2368 opera
1205 2314 1268 2356 vti
1293 2315 1425 2366 volet,
1454 2329 1507 2358 ea
1529 2316 1580 2358 R.
1606 2316 1654 2361 T.
1679 2330 1830 2370 quam-

50 2378 281 2432 plurimum
314 2378 484 2421 fructus
517 2381 649 2431 atque
679 2379 988 2422 consolationis
1021 2380 1190 2422 afferat.
1240 2380 1332 2422 Nos
1354 2380 1435 2422 Dei
1468 2395 1549 2436 ope
1581 2381 1690 2424 satis
1725 2383 1832 2425 bene

50 2443 261 2493 valemus,
297 2443 379 2486 etsi
412 2443 530 2486 hisce
563 2443 714 2486 diebus
747 2445 1010 2496 catharrum,
1046 2447 1091 2488 et
1114 2445 1270 2499 capitis
1293 2445 1485 2488 dolorem
1519 2447 1627 2490 satis
1650 2462 1830 2501 grauem

49 2509 166 2563 passi
208 2523 369 2552 sumus.
435 2509 518 2552 Sit
562 2523 756 2551 nomen
789 2510 1011 2552 Domini
1053 2510 1453 2563 benedictum5‚
1488 2512 1556 2553 cui
1595 2527 1673 2554 nos
1705 2513 1756 2556 R.
1782 2513 1829 2556 T.

49 2573 250 2628 precibus
282 2577 327 2617 et
359 2589 391 2617 s.
416 2588 535 2617 sacr:
570 2575 865 2618 commendari
897 2576 1108 2630 cupimus.
1158 2575 1323 2618 Romae
1361 2578 1425 2619 14.
1450 2576 1553 2632 Maij
1585 2579 1709 2622 1577.

169 2655 362 2699 Negotium
390 2656 434 2689 de
461 2655 595 2690 Canisii
632 2655 839 2700 scriptione,
875 2657 967 2700 quod
1004 2657 1040 2690 in
1076 2656 1133 2691 his
1167 2657 1300 2692 litteris
1335 2660 1646 2700 commemoratur,
1685 2659 1832 2694 Hoffaeo

50 2718 71 2741 a
95 2709 332 2743 Mercure'ano
357 2709 481 2743 datum
521 2713 578 2743 est
612 2709 648 2742 in
676 2709 860 2754 *epistula
897 2710 1010 2744 Roma
1047 2710 1100 2744 14.
1121 2710 1208 2744 Maii
1237 2711 1326 2745 1577
1364 2711 1469 2745 data:
1518 2710 1680 2754 „Pater“,
1716 2713 1834 2757 inquit

169 2790 198 2820 a)
219 2790 280 2814 Hoc
300 2798 324 2815 v.
345 2798 439 2822 supra
460 2798 575 2815 versum
596 2790 740 2822 scriptum
760 2793 811 2816 est.
881 2789 912 2821 b)
934 2791 980 2815 Ita
1000 2791 1032 2815 in
1052 2799 1153 2823 apoyr.
1173 2795 1333 2816 correctum
1354 2796 1395 2817 est
1415 2800 1451 2817 ea·
1471 2799 1570 2825 quam.
1646 2794 1672 2825 c)
1693 2795 1833 2826 Sequitur

49 2829 90 2861 in,
110 2831 200 2856 oblite.
275 2830 304 2861 d>
330 2832 400 2856 Tria
422 2840 464 2856 vv.
484 2839 543 2863 sqq.
563 2840 656 2863 supra
679 2839 794 2857 versum
814 2833 926 2863 scripta
946 2835 1024 2857 sunt.
1099 2835 1127 2863 e)
1149 2833 1288 2864 Sequitur
1308 2839 1425 2864 curare,
1445 2835 1534 2859 oblitt.
1619 2834 1642 2867 f)
1663 2836 1833 2867 Sequuntur

52 2879 110 2896 ι·υ..·
129 2878 190 2896 non
211 2871 259 2897 est
278 2871 328 2897 vel
348 2872 379 2897 iu
400 2871 445 2903 R„
465 2874 556 2898 oblitt.

174 2987 182 3007 ¹
210 2987 263 3022 Cf.
293 2987 342 3021 Lc
368 2988 400 3029 8,
430 2988 486 3022 15.

170 3040 184 3060 ‘⁴³
209 3040 363 3074 Marium
391 3041 668 3085 Beringuccium
694 3043 939 3088 praepositum
967 3044 1094 3078 domus
1120 3044 1325 3089 professae3
1352 3056 1387 3079 v.
1407 3056 1516 3090 supra
1543 3058 1576 3091 p.
1597 3047 1662 3081 391
1679 3048 1701 3082 ⁵.

171 3095 183 3114 ³
210 3093 345 3128 Canisii
373 3092 472 3138 Opus
499 3094 701 3130 Marianum
728 3096 974 3140 significatum
1003 3109 1036 3131 v.
1057 3109 1167 3142 supra
1194 3109 1227 3142 p.
1248 3098 1328 3132 391.

170 3149 182 3167 ⁴
209 3146 311 3188 Vide,
340 3158 432 3191 quae
459 3147 502 3181 de
528 3147 596 3182 hac
623 3149 873 3184 commissione
900 3150 966 3185 sub
993 3150 1091 3195 ipsas
1117 3150 1183 3185 has
1209 3150 1352 3185 litteras
1379 3151 1554 3187 dicentur.

170 3201 184 3220 ⁵
209 3200 369 3242 Ps.112‚
397 3201 435 3241 2;
464 3200 544 3235 Dan
570 3201 602 3243 2,
629 3202 675 3237 20
702 3205 770 3238 etc.

1477 3263 1551 3297 25*
