2062 3443
711 135 910 181 Oeniponte
937 138 968 170 ὃ.
988 135 1145 179 Augusti
1175 135 1274 170 1580.
1794 139 1876 178 555

228 254 437 303 Quocirca
470 254 616 295 Jllust.
642 254 683 295 C.
709 254 757 295 T.
802 268 884 295 non
927 252 1052 294 modo
1095 253 1147 294 de
1182 253 1370 294 Bauaria
1411 267 1502 303 sua,
1547 253 1620 294 sed
1655 253 1785 294 etiam
1827 253 1878 293 de

106 322 202 362 tota
226 319 459 361 Germania
492 319 652 372 optime
686 319 855 371 quidem
880 318 1127 360 merebitur.
1163 319 1196 358 si
1221 321 1311 359 tum
1337 318 1574 360 autoritate
1597 321 1687 360 tum
1723 318 1876 359 libera-

106 384 232 427 litate
266 397 345 426 sua
378 383 460 425 huc
493 383 656 425 excitet
689 384 894 432 eruditos
931 386 979 424 vt
1010 397 1094 424 non
1129 383 1254 424 modo
1290 383 1471 436 magnis,
1507 383 1580 424 sed
1604 382 1752 436 paruis
1775 397 1878 435 quo-

106 463 189 502 que
221 449 340 491 libris
373 449 442 502 pie
475 448 795 490 conscribendis
828 451 872 491 et
905 447 1082 490 edendis
1115 447 1218 489 dent
1252 462 1440 501 operam,
1477 451 1523 489 et
1554 447 1733 489 subinde
1767 462 1879 490 noua

105 515 312 568 euulgent
334 527 480 568 opera,
506 527 616 566 quae
638 513 903 556 Catholicam
928 513 1180 566 religionem
1212 513 1431 554 illustrent
1455 515 1586 565 atque
1610 515 1877 555 confirment.

105 580 196 629 Quo
228 579 268 620 in
303 592 464 631 genere
497 581 621 621 tanto
655 579 794 631 magis
817 592 868 620 ac
890 578 1045 620 iustius
1067 577 1446 630 Jngolstadienses
1473 592 1523 619 ac
1548 577 1878 619 Monachienses

105 644 326 696 Theologi,
362 647 410 686 vt
433 643 706 692 Lautherius,
734 644 947 695 Vngems,
982 643 1219 691 Francus¹‚
1254 643 1414 696 alijque
1437 643 1582 696 plures
1605 643 1879 691 laborabunt,

105 713 267 763 quanto
291 709 540 762 diligentius
564 709 832 751 contendunt
854 708 1108 761 aduersarij.
1143 707 1272 749 nullis
1296 708 1516 749 laboribus
1540 710 1616 750 aut
1638 707 1881 762 sumptibus

105 777 349 829 parcentes,
385 777 433 816 vt
466 788 587 815 suam
622 777 787 815 sectam
822 774 1076 828 prouehant,
1111 787 1162 815 ac
1195 773 1419 815 seductum
1451 772 1651 827 populum
1677 773 1717 813 in
1743 773 1879 814 veteri

105 839 438 881 Lutlieranismo
472 840 740 880 confirment.

224 904 448 946 Postremo
491 905 623 946 etiam
666 909 797 957 atque
839 904 969 946 etiam
1014 918 1164 957 precor
1207 904 1353 946 Jllust.
1389 904 1431 945 C.
1458 904 1504 945 T.
1540 906 1588 945 vt
1629 917 1735 956 quos
1778 902 1878 952 dixi,

104 970 341 1024 scriptores
375 969 583 1011 Catholici
618 970 802 1011 nominis
835 968 1094 1018 claudicare,
1129 983 1178 1010 ac
1212 968 1412 1010 fermenti
1447 968 1608 1021 aliquid
1640 968 1730 1009 suis
1762 968 1882 1009 libris

104 1035 355 1084 admiscere,
390 1048 464 1076 eos
496 1035 613 1088 ipsos
637 1034 775 1077 doctis
798 1034 1052 1087 quibusdam
1077 1034 1398 1088 expurgandOS,
1435 1034 1648 1087 planeque
1671 1047 1881 1086 recogno-

102 1100 285 1142 scendos
323 1114 400 1153 pro
433 1114 511 1141 sua
544 1100 708 1154 pietate
742 1100 1000 1142 committat.
1065 1100 1229 1141 Horum
1265 1099 1375 1141 enim
1411 1099 1575 1153 scripta
1608 1099 1650 1140 in
1684 1099 1882 1141 manibus

104 1165 375 1207 Bauarorum
418 1167 664 1216 versantur,
708 1168 919 1217 tantoque
959 1164 1256 1218 periculosius,
1298 1167 1461 1217 quanto
1504 1164 1698 1218 cupidius
1741 1167 1786 1206 et
1817 1164 1882 1205 in-

102 1229 271 1272 cautius
316 1244 342 1271 a
386 1230 517 1282 vulgo
559 1230 776 1283 leguntur.
841 1229 1088 1284 Expurgati
1132 1244 1235 1271 vero
1278 1229 1339 1270 illi
1381 1233 1555 1272 autores
1594 1243 1752 1283 magno
1786 1243 1880 1270 cum

106 1295 338 1337 multorum
363 1295 508 1337 fructu
531 1295 796 1350 Jngolstadij
830 1299 1009 1349 possent
1041 1294 1211 1344 excudi,
1246 1297 1426 1347 totaque
1454 1295 1688 1348 posteritas
1720 1294 1881 1336 idcirco

101 1359 146 1403 C.
171 1360 218 1403 T.
252 1360 602 1403 Jllustrissimam
638 1360 925 1414 praedicaret.
989 1360 1108 1410 Quod
1153 1360 1187 1402 si
1227 1374 1307 1413 ego
1342 1360 1503 1402 diutius
1536 1373 1663 1412 quam
1698 1373 1778 1413 par
1809 1359 1879 1409 sit,

101 1425 144 1466 in
186 1426 303 1467 hisce
341 1426 584 1467 tractandis
615 1426 841 1475 immoror,
884 1440 1011 1480 spero
1045 1425 1243 1478 equidem
1286 1428 1331 1468 et
1363 1425 1529 1467 confido
1572 1439 1770 1479 prorsus,
1815 1439 1882 1466 me

106 1490 231 1532 huius
248 1491 516 1545 prolixitatis
533 1491 705 1533 veniam
728 1491 856 1533 facile
879 1491 1226 1545 impetraturum,
1245 1491 1316 1544 qui
1339 1490 1555 1533 Bauariae
1573 1490 1882 1543 Ecclesiaeque

106 1555 321 1598 iuuandae
363 1556 505 1599 studio
538 1556 651 1598 hunc
693 1557 1036 1610 qualemcunque
1077 1557 1117 1598 in
1153 1556 1379 1598 scribendo
1412 1556 1605 1598 laborem
1639 1555 1822 1609 suscepi,
1857 1568 1880 1597 a

100 1621 178 1663 tali
214 1622 471 1675 praesertim
505 1624 715 1675 tantoque
739 1621 936 1676 Principe
965 1625 1010 1664 et
1032 1622 1222 1663 Patrono
1245 1623 1520 1676 prouocatus.
1567 1620 1717 1662 Eidem
1743 1634 1768 1662 a
1790 1620 1881 1662 Deo

102 1685 202 1740 Opt.
226 1686 344 1729 Max.
378 1701 544 1741 precor,
579 1701 835 1741 semperque
858 1687 1070 1741 precabor
1102 1687 1143 1728 in
1168 1686 1283 1729 omni
1307 1687 1470 1729 virtute
1502 1700 1554 1728 ac
1583 1686 1747 1740 pietate
1780 1699 1880 1741 con-

102 1754 292 1794 stantem
325 1752 530 1801 animum,
566 1755 610 1795 et
642 1752 905 1805 singularem
939 1752 981 1794 in
1015 1752 1296 1806 gubernando
1331 1752 1599 1794 felicitatem.
1650 1750 1880 1805 Oeniponti

102 1818 140 1858 8.
175 1816 377 1870 Augusti.
443 1818 569 1859 Anno
602 1816 775 1858 Domini
812 1818 937 1860 1580.

222 1888 533 1930 Serenissimae
565 1888 709 1931 Celsit.
744 1891 846 1930 tuae

1319 1948 1480 1990 Seruus
1512 1947 1555 1989 in
1589 1946 1759 1989 Christo

1348 2013 1505 2056 Petrus
1538 2012 1748 2054 Canisius.

220 2089 247 2137 †
282 2089 490 2132 Sereniss.
525 2089 708 2131 Domino
742 2092 786 2132 et
818 2089 1049 2133 Jllustriss.
1094 2090 1295 2144 Principi,
1330 2090 1377 2131 D.
1405 2089 1647 2131 Guilhelmo
1683 2088 1882 2131 Palatino

106 2154 256 2205 Rheni,
301 2155 526 2208 Vtriusque
560 2154 776 2197 Bauariae
809 2155 930 2206 Duci‚
975 2159 1019 2198 et
1061 2155 1322 2198 clementiss.
1353 2154 1563 2197 Patrono.
1628 2154 1696 2196 Ad
1729 2168 1884 2196 manus

103 2219 319 2274 proprias.

233 2296 447 2329 Guilr'elnms
486 2296 520 2328 Γ.
560 2295 642 2328 huic
682 2294 881 2328 litterarum
918 2296 1142 2340 inscriptioni
1177 2307 1242 2330 sua
1279 2307 1386 2329 manu
1423 2295 1614 2339 ascripsit:
1662 2294 1802 2337 ,Vendt
1840 2306 1881 2327 zu

110 2349 314 2389 refferi1·n“;
343 2348 449 2382 iussit
475 2348 586 2391 igitur
612 2348 694 2382 illas
720 2359 799 2382 cum
828 2348 978 2382 Erasmo
1006 2349 1126 2383 Vendt
1153 2349 1282 2392 (Fend)
1311 2349 1506 2383 secretario
1532 2360 1596 2382 suo
1616 2347 1883 2381 communicari.

111 2405 149 2435 nt
177 2402 217 2442 is,
246 2402 330 2446 quid
358 2402 401 2435 de
428 2402 472 2436 iis
497 2401 659 2439 sentiret,
687 2401 806 2435 dicere
832 2406 965 2446 posset.

228 2455 395 2489 Canisius
421 2455 516 2489 hunc
551 2454 733 2489 scribendi
764 2454 921 2489 laborem
951 2468 1018 2489 non
1045 2455 1205 2500 suscepit
1240 2457 1389 2490 frustra.
1440 2457 1648 2489 Fascianus
1673 2455 1766 2488 enim
1795 2456 1886 2488 Nin-

106 2510 248 2552 9uarda
277 2508 317 2542 O.
338 2508 396 2543 Pr.
415 2509 605 2553 episcopus
631 2508 806 2542 scalensis
834 2513 869 2542 et
895 2509 1116 2554 apostolicus
1142 2521 1206 2554 per
1232 2509 1462 2544 Germaniam
1491 2509 1710 2553 superiorem
1738 2508 1886 2541 nuntius

232 2604 240 2623 ¹
267 2602 320 2637 De
347 2603 502 2648 Georgio
530 2603 724 2637 Lautherio
753 2602 918 2646 (Lauter)
950 2603 1030 2637 vide
1061 2606 1148 2638 Can.
1178 2603 1226 2637 VI
1254 2604 1345 2639 501⁴
1390 2606 1426 2638 et
1454 2606 1496 2637 Α.
1517 2605 1566 2637 Μ.
1586 2603 1725 2646 Kobolt,
1754 2601 1886 2635 Baieri-

106 2655 211 2690 sches
238 2656 625 2691 Gelehrten-Lexikon.
664 2656 851 2690 Landshut
888 2658 991 2698 1795,
1028 2657 1116 2696 397;
1153 2657 1195 2690 de
1233 2657 1390 2698 Caspare
1427 2656 1563 2691 Franco
1591 2656 1765 2700 (Franck)
1799 2656 1885 2688 Can.

106 2709 155 2742 VI
191 2709 284 2744 563¹
325 2714 358 2743 et
394 2711 442 2744 N.
471 2711 628 2753 Paulus,
667 2709 803 2754 Caspar
839 2709 981 2744 Franck
1018 2711 1051 2744 in
1091 2709 1538 2754 „Historisch-politische
1574 2710 1735 2743 Blatter⁸⁶
1774 2720 1886 2742 cxxiv

106 2761 296 2796 545—557
324 2763 532 2798 617—627:
561 2763 733 2797 Albertus
761 2762 956 2806 Hungerus
985 2763 1166 2807 (Hunger)
1197 2763 1384 2797 Kelhemio
1413 2762 1606 2805 (lielheim,
1636 2763 1812 2796 Bavariae
1838 2763 1887 2796 in-

106 2814 248 2849 ferioris
283 2816 469 2860 oppidum)
507 2819 608 2850 ortus
636 2816 907 2859 (1545—1604)
945 2828 1008 2861 per
1034 2819 1109 2851 tres
1135 2828 1248 2850 annos
1274 2817 1409 2850 Romae
1437 2816 1471 2850 in
1498 2816 1650 2859 collegio
1682 2816 1888 2859 germanico

107 2867 242 2902 litteris
268 2869 418 2903 studuit.
469 2869 505 2903 Is
540 2869 660 2903 factus
687 2872 743 2903 est
770 2870 965 2904 canonicus
992 2870 1228 2914 eystadianus
1255 2873 1291 2903 et
1325 2870 1573 2914 passaviensis
1600 2871 1636 2903 et
1661 2868 1889 2903 consiliarius

104 2920 205 2955 ducis
233 2922 431 2962 Bavariae;
469 2923 626 2956 maxime
662 2926 781 2956 autem
818 2923 862 2956 de
889 2923 1128 2957 universitate
1159 2922 1434 2965 ingolstadiensi
1461 2923 1612 2957 meritus
1638 2925 1703 2962 est,
1740 2922 1799 2956 ubi
1827 2934 1890 2966 per

108 2973 247 3018 aliquot
273 2986 385 3009 annos
411 2975 693 3020 philosophiam„
715 2976 842 3010 deinde
863 2977 906 3011 18
925 2988 1038 3010 annos
1064 2976 1283 3018 theologiam
1303 2976 1559 3010 scholasticam
1586 2976 1735 3010 tradidit
1754 2979 1790 3009 et
1815 2976 1890 3009 fere

103 3027 149 3061 26
177 3039 289 3063 annos
315 3029 566 3062 universitatis
592 3029 833 3073 inspectorem
860 3033 895 3063 et
922 3029 1259 3064 vicecancellarium
1290 3029 1375 3071 egit,
1412 3029 1468 3062 vir
1494 3033 1530 3063 et
1556 3029 1730 3069 doctrina,
1759 3031 1795 3062 et
1821 3028 1888 3062 elo-

104 3082 263 3123 quentia.
291 3084 327 3116 et
352 3082 487 3125 pietate
513 3082 667 3124 insignis
697 3083 926 3125 (Steinhuher
952 3083 972 3117 l.
993 3095 1023 3117 c.
1044 3083 1157 3123 1278:
1188 3084 1338 3125 Hurter,
1367 3082 1620 3116 Nomenclator
1644 3082 1720 3116 111³
1745 3082 1815 3116 443
1844 3082 1887 3115 ad

111 3135 203 3168 444:
238 3137 396 3169 mederer
421 3135 443 3168 l.
464 3135 526 3169 e.I
555 3135 623 3170 302
650 3135 737 3170 319:
767 3136 798 3170 11
828 3137 894 3172 102
925 3136 1139 3170 177—179i.
