2062 3443
304 168 407 203 2040.
436 168 641 202 Everardus
668 168 915 202 Mercurianus
942 167 1093 202 Canisio.
1138 167 1249 202 Roma
1277 168 1331 202 28.
1355 168 1489 213 Aprilis
1517 168 1618 203 1579.
1761 172 1843 214 501

77 286 334 320 Reuerentiam
361 284 404 319 V.
433 285 527 319 serio
564 296 708 319 monere
744 288 780 318 et
805 284 939 318 hortari
975 295 1155 326 cogamur,
1191 287 1232 318 ut
1261 286 1409 329 posthac
1444 286 1587 319 tandem
1624 288 1776 330 parcius,
1812 290 1849 322 et

76 339 285 376 modestius.
312 341 420 382 atque
447 338 535 372 adeo
562 338 824 372 consideratius
850 338 1024 371 aduersus
1059 348 1143 371 suos
1169 339 1372 382 superiores
1403 350 1529 382 gerere
1554 350 1593 372 se
1619 340 1754 374 discat“
1787 340 1848 383 (ex

75 404 221 432 comni.;
263 391 329 425 Rh.
361 391 428 424 lnf.
462 392 500 432 l,
540 391 571 424 Il
614 392 636 425 f.
666 391 866 433 3lb—32fl).
928 390 980 423 Ad
1020 390 1109 424 haec
1147 392 1322 434 Hoffaeus
1362 392 1587 426 Mercuriano
1627 392 1847 434 Ingolstadio

78 446 130 481 19.
151 445 248 489 Sept.
273 445 359 479 1579
386 443 403 461 *
418 445 620 489 respondit:
653 444 761 485 „Mihi
790 444 917 478 mirum
938 446 994 477 est
1015 444 1131 478 visum
1152 445 1244 487 quod
1267 445 1304 478 P.
1325 445 1366 479 V.
1386 458 1429 479 ex
1450 445 1538 479 ineis
1563 445 1678 480 literis
1697 450 1848 481 conatur

75 499 226 544 probare
252 509 309 532 me
335 500 497 531 autorem
524 509 603 531 esse
631 497 923 542 perturbationis,
951 508 1056 541 quani
1084 497 1186 531 nobis
1216 498 1252 532 l’.
1273 498 1438 533 Canisius
1466 499 1498 532 in
1525 510 1635 533 eausa
1662 500 1847 543 Mengliini

75 550 288 596 [exJCitauit.
341 550 380 585 P.
399 549 441 585 V.
464 550 547 584 mihi
584 553 708 595 parcat
734 550 764 584 si
802 550 867 584 hoe
903 562 970 593 ego
1005 550 1217 594 simpliciter
1254 553 1564 594 negem-tametsi
1605 552 1670 587 hoc
1697 554 1847 598 probare

73 605 192 645 nolim,
218 604 286 638 nisi
313 604 352 638 P.
372 603 414 638 V.
441 603 528 637 mihi
555 604 694 638 iubeat:
723 604 872 648 probare
891 606 1012 637 tamen
1031 615 1183 648 possem,
1211 604 1325 638 saluis
1344 605 1389 650 ijs
1408 606 1572 640 omnibus
1599 618 1846 651 quaecumque

74 657 118 691 de
145 657 330 691 Dominico
367 656 487 690 isthuc
525 657 665 701 scripsi,
703 657 804 690 cuius
831 657 907 690 vita
944 657 1039 690 sicut
1064 668 1179 700 neque
1216 658 1352 702 placuit
1387 670 1502 703 neque
1529 659 1658 704 placet,
1694 661 1746 694 sic
1772 661 1848 694 eius

73 711 228 745 sanandi
264 710 391 744 modus
427 722 496 754 quo
533 710 572 744 P.
592 710 758 744 Canisius
794 721 882 744 vsus
918 714 983 750 est,
1017 722 1195 754 quemque
1232 711 1365 746 isthinc
1401 724 1457 746 nie
1493 713 1604 747 inscio
1640 714 1848 757 procurauit

73 776 140 798 non
170 764 299 809 placet,
336 763 431 797 sicut
466 775 580 807 neque
616 764 787 797 succedit.
840 763 908 797 Sed
946 764 979 797 in
1016 764 1083 797 hac
1109 764 1255 798 miseria
1291 777 1407 809 neque
1434 767 1627 810 quicquam
1657 766 1693 801 P.
1714 767 1846 801 Vestra

72 828 172 851 meae
199 817 424 862 dispositioni
452 819 488 850 et
515 817 747 851 moderationi
776 817 931 860 reliquit,
958 817 1027 851 nisi
1054 829 1134 851 cum
1163 818 1230 851 iam
1261 830 1316 852 res
1342 819 1469 853 effecta
1496 822 1593 853 esset
1622 819 1844 855 insanabilis.

72 870 171 912 Quae
197 882 284 905 sane
311 882 419 913 cogor
447 871 564 905 dicere
600 882 667 904 non
706 873 745 904 vt
781 882 980 914 conquerar
1015 871 1058 905 de
1085 872 1300 915 praeteritis,
1336 873 1399 906 sed
1436 877 1475 906 vt
1510 884 1632 916 rogem
1664 873 1847 908 humiliter

72 923 113 959 R.
133 924 176 959 V.
194 926 235 958 vt
260 925 291 958 si
318 925 402 968 quid
430 936 510 958 cum
541 924 766 968 Principibus
793 924 851 968 agi
879 924 967 958 velit
995 925 1088 968 quod
1114 925 1163 958 sit
1181 925 1340 959 odiosum
1368 928 1404 960 et
1431 926 1682 970 periculosum,
1711 927 1845 971 aliquid

71 977 289 1012 Prouinciali
329 977 509 1021 relinquat
544 978 707 1012 suauiter
743 978 1018 1012 moderandum:
1058 989 1140 1012 nam
1177 982 1212 1013 et
1249 991 1314 1022 ego
1351 979 1568 1014 Societatem
1604 992 1703 1021 amo,
1742 981 1846 1025 eique

70 1031 188 1065 fidelis
214 1031 311 1065 filius
337 1042 416 1065 sum
445 1034 480 1065 et
506 1042 565 1065 ero
592 1043 655 1076 per
682 1031 816 1065 Christi
853 1031 1019 1074 gratiam,
1057 1032 1141 1065 dum
1178 1032 1314 1072 vixero,
1352 1033 1519 1077 quicquid
1549 1034 1656 1067 etiam
1685 1034 1846 1079 plerique

71 1084 114 1118 de
140 1096 197 1118 me
224 1084 358 1118 Romae
385 1084 552 1118 iudicent.
604 1085 673 1119 Sed
710 1096 825 1128 neque
853 1086 1045 1128 quicquam
1073 1084 1187 1119 habeo
1224 1089 1348 1120 contra
1376 1087 1414 1120 P.
1435 1087 1477 1121 V:
1506 1099 1612 1131 quam
1640 1091 1846 1122 reuerenter

71 1149 163 1178 amo,
192 1137 320 1182 cuique
347 1137 501 1172 libenter
527 1138 671 1172 obedio:
700 1139 736 1171 in
762 1137 828 1172 hoc
855 1142 977 1172 tamen
1004 1150 1160 1172 errorem
1181 1139 1297 1173 fateor
1323 1140 1416 1183 quod
1436 1140 1556 1175 dolore
1584 1144 1710 1182 motus,
1737 1153 1846 1187 saepe

69 1191 190 1226 isthuc
216 1191 474 1236 impatientius,
502 1192 683 1231 audacius,
710 1191 919 1229 mordatius.
947 1192 1204 1226 irreuerentius
1234 1192 1461 1238 scripserim:
1489 1194 1631 1239 culpam
1662 1194 1846 1229 humiliter

70 1245 252 1289 deprecor,
279 1247 314 1278 et
341 1245 596 1289 poenitentiam
626 1245 803 1279 instanter
828 1246 929 1290 peto“
962 1245 1022 1288 (ex
1050 1248 1210 1289 autogn:
1240 1246 1360 1281 Germ.
1383 1247 1447 1281 157
1475 1248 1498 1281 f.
1519 1248 1617 1291 285).

70 1354 234 1392 2040.
309 1355 731 1392 EVERARDUS
759 1355 1254 1393 MERCURIANUS
1279 1359 1507 1403 praepositus
1528 1359 1708 1403 generalis
1728 1359 1844 1394 Socie-

257 1410 345 1444 tatis
371 1409 452 1444 Iesu
480 1409 681 1444 CANISlO.
1305 1411 1418 1446 Roma
1445 1412 1501 1447 28.
1526 1413 1662 1458 Aprilis
1692 1414 1794 1448 1579.

188 1479 243 1514 Ex
270 1481 547 1521 commentari03
583 1480 618 1514 in
646 1480 775 1525 capite,
802 1481 926 1514 eadem
954 1492 1081 1515 manu:
1122 1481 1322 1528 „Monachij
1350 1483 1389 1517 P.
1410 1483 1517 1517 Petro
1545 1483 1721 1518 Canisi0.“
1776 1483 1843 1519 Rh.

69 1533 135 1568 Inf.
165 1533 194 1575 1,
222 1533 254 1567 ΙΙ
283 1535 305 1568 f.
327 1534 398 1568 31³.

187 1594 350 1627 Visitate'o
375 1595 594 1637 provinciae.
637 1594 733 1627 Socii
759 1594 923 1628 rhenani.
972 1596 1156 1629 Gm‘lcelmi
1176 1598 1358 1640 prince]pis
1384 1597 1634 1639 confessarius

188 1672 251 1713 De
294 1671 557 1722 uisitatione,
602 1672 653 1714 de
696 1686 780 1725 qua
812 1677 1060 1727 postremae
1094 1676 1220 1717 erant
1251 1675 1542 1718 Reuerentiae
1577 1676 1626 1718 V.
1651 1675 1842 1726 litterae,

68 1739 129 1781 sic
170 1739 417 1789 statuimus,
461 1739 632 1793 quando
674 1744 764 1782 tam
808 1741 925 1782 breui
968 1741 1105 1784 instat
1137 1742 1429 1797 Congregatio
1463 1743 1842 1794 Procuratorum¹,

69 1804 207 1847 satius
251 1819 346 1846 esse
388 1808 436 1847 ut
469 1806 604 1847 donec
638 1819 690 1847 ea
722 1806 922 1849 absoluta
953 1807 1109 1850 fuerit⁸
1149 1807 1395 1850 differatur:
1438 1808 1587 1862 itaque
1619 1808 1842 1860 faciemus,

69 1870 151 1912 nisi
184 1870 301 1912 aliud
334 1870 505 1912 interim
540 1874 754 1914 occurrat.

186 1936 250 1977 De
291 1935 566 1978 accersendis
607 1949 662 1978 ex
695 1936 845 1978 Rheno
879 1937 1094 1991 aliquibus
1127 1938 1352 1993 opeiarijs,
1395 1939 1559 1993 placuit
1592 1939 1840 1989 consilium;

66 2002 111 2042 et
142 2000 411 2042 commodum
446 2000 491 2043 P.
526 2001 731 2043 Costerus
763 2016 876 2044 nunc
909 2003 964 2045 ad
997 2017 1075 2045 nos
1117 2003 1305 2057 scripsit,
1350 2004 1391 2045 id
1424 2004 1565 2058 ipsum
1603 2004 1843 2048 liberaliter

66 2066 264 2116 offerens,
300 2080 384 2108 non
406 2065 477 2108 isti
501 2066 639 2108 solum
670 2067 918 2121 prouinciae
940 2068 1015 2110 sed
1039 2067 1170 2110 etiam
1194 2069 1400 2111 Austriae
1425 2104 1432 2112 .
1458 2083 1592 2122 quare
1615 2069 1842 2112 scribimus

70 2130 112 2173 P.
138 2130 332 2181 Hoffae0‚
367 2134 416 2173 ut
448 2145 545 2172 cum
578 2145 628 2173 eo
662 2133 894 2176 conueniat
908 2135 935 2175 2.

184 2196 249 2238 De
282 2196 481 2250 Principe
513 2199 797 2251 expectamus
830 2212 886 2240 an
919 2198 1080 2252 aliquid
1103 2199 1367 2241 Reuerentia
1390 2200 1441 2242 V.
1467 2200 1710 2242 effecerit3:
1743 2214 1842 2255 spe-

64 2261 268 2303 rabamus
301 2261 414 2303 enim
449 2262 528 2303 hac
558 2262 899 2316 Quadragesima
933 2278 1018 2317 qua
1050 2265 1110 2305 illi
1145 2278 1320 2319 operam
1356 2265 1650 2307 concionando
1684 2266 1843 2308 datura

0 2370 13 2374 „
64 2329 172 2377 erat,
222 2326 409 2379 aliquam
457 2327 495 2368 ei
540 2327 810 2370 occasionem
857 2329 1049 2372 oblatum
1083 2329 1135 2371 iri
1176 2330 1375 2384 pulsandi
1419 2331 1603 2372 hominis
1637 2331 1840 2374 animum.

0 2404 1 2430 i
64 2390 184 2441 Quod
217 2405 272 2433 an
305 2392 591 2434 successeritb
632 2394 794 2447 poterit
825 2393 910 2436 iam
944 2409 1022 2436 nos
1058 2395 1322 2437 Reuerentia
1356 2395 1406 2438 V.
1431 2396 1640 2438 certiores
1682 2396 1841 2448 facere,

66 2457 266 2499 absoluto
298 2471 378 2512 per
399 2457 479 2499 Dei
513 2457 701 2511 gratiam
726 2458 875 2501 labore
898 2459 1271 2514 Quadragesimali
1295 2466 1444 2513 quem⁰
1477 2463 1521 2503 et
1542 2461 1623 2515 ipsi
1647 2464 1690 2503 et
1713 2475 1841 2514 quam

63 2522 260 2576 plurimis
294 2523 390 2577 alijs
424 2522 574 2564 utilem
609 2523 744 2565 fuisse
777 2538 828 2566 ac
860 2526 1112 2576 salutarem,
1148 2528 1193 2568 et
1224 2539 1352 2579 spero
1386 2529 1431 2568 et
1463 2529 1579 2581 opto,
1643 2526 1743 2569 Non
1775 2530 1843 2570 est

63 2587 106 2629 in
141 2589 389 2642 praesentia
423 2587 552 2630 aliud.
587 2588 848 2632 Commendo
882 2596 952 2633 etc.
1006 2591 1172 2633 Rornae
1207 2593 1260 2633 28
1295 2591 1432 2645 April.
1461 2593 1585 2635 1579.

181 2674 371 2709 *Litterae
410 2676 453 2709 ad
491 2676 530 2710 P.
560 2675 750 2711 Hoffaeum
786 2678 1065 2722 provincialem,
1101 2678 1145 2712 ad
1182 2690 1272 2722 quas
1306 2679 1472 2713 Canisius
1507 2679 1541 2712 in
1580 2678 1648 2713 hac
1687 2679 1842 2725 epistula

63 2728 164 2771 quasi
184 2729 392 2770 remittitur,
410 2740 431 2762 a
449 2731 685 2763 Mercurium
703 2733 738 2763 et
757 2730 855 2775 ipsae
875 2731 979 2765 datae
998 2735 1082 2766 sunt
1102 2732 1213 2766 Roma
1232 2731 1288 2766 28.
1304 2731 1437 2777 Aprilis
1458 2733 1567 2767 1579:
1591 2733 1650 2775 7,Ρ.
1671 2732 1842 2771 Costerus

67 2780 300 2816 Prouincialis
326 2782 475 2823 Rheni“,
502 2782 620 2826 inquit
646 2783 907 2824 Mercurianus,
947 2785 1190 2827 „significauit
1216 2785 1318 2819 nobis
1345 2796 1424 2820 esse
1450 2786 1518 2820 sibi
1547 2786 1637 2820 satis
1672 2798 1842 2830 magnam

63 2833 201 2878 copiam
228 2846 349 2868 eorum
377 2835 438 2878 qui
465 2835 509 2869 ad
535 2836 752 2870 Societatem
771 2837 984 2882 aspirarent.
1012 2839 1064 2872 sic
1090 2838 1196 2882 plane
1223 2840 1263 2871 ut
1281 2841 1424 2883 praeter
1450 2850 1511 2873 eos
1537 2840 1597 2883 qui
1623 2840 1691 2873 sibi
1718 2843 1842 2874 essent

63 2887 268 2932 necessarij,
304 2890 418 2932 possit
453 2888 561 2922 etiam
600 2888 662 2923 isti
695 2890 903 2935 prouinciae
938 2891 1079 2935 aliquos
1114 2891 1301 2936 impertiri.
1362 2891 1452 2926 Visa
1487 2897 1543 2927 est
1581 2893 1735 2927 conditio
1772 2906 1840 2928 non

182 2973 210 2992 a*
233 2968 280 2992 Sic
300 2972 458 2993 correctum
480 2972 522 2994 est
543 2978 578 2994 ez
598 2969 631 2994 ut
652 2969 681 2994 in
702 2969 777 2996 illud
797 2977 895 3004 usquc
917 2972 1047 3004 tenipus.
1139 2971 1169 3002 b)
1191 2973 1329 3004 Sequitur
1349 2973 1448 3006 cupio,
1468 2974 1558 2999 oblite.
1651 2977 1679 3005 c)
1699 2976 1745 3000 Ita
1766 2983 1841 3002 corr.

62 3012 104 3034 est
124 3016 160 3033 ez·
182 3010 252 3041 qui;
271 3010 405 3040 sequitur
426 3011 476 3039 ut;
498 3012 571 3042 qnod
593 3012 746 3036 delendum
766 3014 861 3043 fuisse
883 3014 1064 3045 intelleyitm·
1083 3022 1119 3038 es
1141 3022 1181 3038 ιϊ.
1202 3022 1261 3045 sqq.

188 3119 194 3134 ¹
222 3115 270 3149 M.
289 3115 486 3150 Novembri
512 3116 696 3158 habenda;
724 3130 759 3153 v,
777 3130 888 3164 supra
914 3132 947 3165 p.
965 3121 1035 3155 497
1048 3120 1071 3154 ²².

182 3169 196 3189 ²
222 3167 323 3210 Vide,
351 3180 443 3213 quae
468 3172 535 3204 sub
561 3171 663 3215 ipsas
689 3171 755 3206 has
782 3172 924 3207 litteras
943 3173 1118 3208 dicentur.
1267 3175 1280 3194 ⁸
1307 3173 1398 3208 Vide
1424 3186 1534 3219 supra
1559 3187 1592 3220 p.
1611 3176 1692 3210 498.
