2051 3433
224 148 310 189 344
732 143 834 178 1952.
863 143 1030 178 Canisius
1056 142 1152 178 card.
1182 142 1303 177 loanni
1329 143 1488 178 Morono.

223 263 366 306 ceptum
402 271 572 294 exerceas
607 259 764 293 vtiliter“
807 260 841 302 (e
869 262 1070 298 comment„
1106 260 1229 294 Austr.
1262 259 1277 293 1
1306 271 1340 304 p.
1371 259 1540 303 77-78).
1592 259 1850 293 Verumtamen
1876 259 1993 294 Ratis-

222 314 314 348 bona
343 314 396 350 14.
416 314 506 348 Iunii
536 313 625 347 1576
653 312 692 347 P.
714 313 861 346 Iacobus
895 314 936 345 de
963 313 1180 346 Avellaneda
1207 311 1240 346 S.
1260 313 1293 346 J.
1346 312 1573 347 Mercuriano
1600 312 1796 357 *scripsit:
1836 313 1891 347 Ex
1918 313 1997 358 ipso

222 367 395 402 cardinali
431 367 655 401 intellectum
690 369 756 406 est,
792 365 832 401 P.
853 366 1015 408 Magium
1054 366 1269 400 accersitum
1306 377 1373 399 non
1410 366 1464 407 iri,
1505 377 1660 411 „porque
1695 365 1727 400 el
1763 366 1912 409 disegno
1938 366 1995 400 del

222 421 382 455 cardinal
417 432 540 455 moron
575 431 613 454 es
650 431 718 463 que
751 430 870 462 venga
907 419 1016 463 algun
1053 419 1163 464 padre
1202 431 1221 452 o
1247 419 1377 463 padres
1411 419 1581 454 tudescos
1615 431 1684 463 que
1720 419 1917 464 prediquen
1952 431 1996 453 en

221 474 365 518 aquella
390 474 541 518 lengua“
575 473 636 517 (ex
662 474 813 516 autogr.;
843 471 962 506 Germ.
984 473 1049 507 137
1078 473 1101 507 f.
1126 472 1236 514 178³).

221 584 373 621 1952.
473 584 691 620 CANISIUS
719 584 893 619 cardinali
921 583 1166 619 IOANNI
1194 582 1479 619 RIORONO
1520 585 1686 630 episcopo
1713 585 1873 628 ostiensi,
1910 585 1996 620 Gre-

411 639 501 683 gorii
527 638 625 672 XIII.
653 638 697 672 ad
724 637 1016 672 Maximilianum
1044 638 1087 671 11.
1115 638 1367 682 imperatorem
1394 637 1526 681 legato.

1247 696 1448 741 Oeniponte
1474 698 1570 732 circa
1596 697 1628 731 d.
1656 698 1712 732 23.
1732 697 1818 732 Maii
1846 698 1948 732 1576.

340 764 395 798 Ex
431 763 588 807 imagine
624 762 908 808 photographica
944 762 1051 796 huius
1087 762 1334 796 commentarii
1371 762 1506 797 Canisii
1543 775 1651 797 manu
1686 763 1808 808 sripti,
1845 763 1906 808 qui
1942 767 1998 798 est

221 817 355 852 Romae
381 818 417 851 in
444 817 660 852 bibliotheca
686 817 865 858 vaticana,
894 816 977 850 Cod.
1005 816 1084 850 Lat.
1111 816 1204 850 6413
1231 816 1255 849 f.
1286 816 1385 858 182³;
1425 817 1459 850 in
1487 816 1602 851 altera
1627 817 1703 851 folii
1730 817 1864 862 pagina
1889 829 1998 852 manu

219 871 345 914 ignota
371 871 530 905 eiusdem
558 871 731 915 temporis
749 872 826 904 tum
846 869 958 904 verba
981 870 1152 911 „Monaco
1171 871 1207 903 et
1225 869 1403 914 Jsprueh“
1426 881 1489 914 pro
1507 870 1740 915 inscriptione
1766 871 1895 916 posita,
1921 873 1997 905 tum

220 924 405 969 complura
431 936 618 969 procerum
645 924 869 958 tirolensium
897 924 1041 957 nomina
1070 923 1129 966 (de
1148 923 1278 967 quibus
1299 923 1403 967 plura
1429 923 1525 957 infra
1550 924 1730 968 dicentur)
1758 926 1883 958 notata
1902 928 1999 960 sunt.

345 985 477 1027 Quibus
491 986 533 1018 de
548 986 651 1018 rebus
666 986 714 1018 ad
728 985 930 1028 relz'yionem
947 985 1184 1027 spectantibus
1198 985 1457 1018 Ferdinandus
1472 985 1519 1018 II.
1537 985 1717 1018 archidux
1734 986 1929 1018 monendus
1942 986 1998 1020 sit.
2050 1011 2051 1017 ,

582 1062 845 1105 Laudandus
879 1061 1053 1104 uidetur
1084 1061 1319 1116 Princeps¹

340 1134 449 1184 Quia
480 1147 558 1188 per
590 1148 637 1175 se
661 1133 922 1184 Catholicus,
957 1136 1001 1175 et
1024 1132 1273 1175 Catholicae
1305 1133 1529 1187 religionis
1559 1148 1724 1184 amans,
1757 1136 1806 1177 ut
1837 1147 2001 1188 paucos

223 1199 267 1241 in
303 1199 535 1242 Germania
568 1199 649 1241 sibi
681 1213 811 1254 pares
843 1199 1017 1242 habeat.

370 1265 491 1308 Inter
538 1265 797 1307 Austriacos
844 1264 1068 1319 Principes
1120 1264 1264 1306 nullus
1311 1266 1513 1307 numerat
1559 1264 1706 1319 plures
1754 1264 2002 1307 Catholicos

221 1330 428 1381 subditos,
463 1344 602 1384 neque
634 1330 776 1384 magis
808 1330 933 1385 punit
966 1332 1010 1372 et
1043 1330 1161 1385 eijcit
1193 1330 1451 1380 haereticos,
1490 1331 1634 1372 nullus
1665 1332 1734 1374 tot
1765 1330 2001 1374 Catholicis

225 1395 492 1450 Consiliarijs
544 1396 703 1447 utitur,
757 1409 897 1449 neque
945 1395 1089 1438 aulam
1138 1395 1278 1437 minus
1331 1395 1463 1439 habet
1510 1395 1719 1438 infectam
1768 1398 1812 1438 et
1858 1395 2002 1449 magis

222 1461 504 1504 Catholicarn.

762 1526 936 1580 Indiget
968 1530 1116 1570 autem
1149 1526 1457 1569 admonitione.

330 1599 391 1640 Vt
409 1598 587 1640 consilio
604 1602 648 1641 et
666 1598 828 1641 auxilio
846 1598 968 1641 iuuet
982 1598 1211 1641 Sueuicam
1229 1598 1518 1649 nobilitatem,
1535 1598 1576 1640 in
1593 1612 1679 1651 qua
1695 1597 1820 1640 multi
1839 1597 2002 1651 magis⁵

220 1663 448 1717 magisque
471 1664 675 1706 deficiunt
696 1678 722 1706 a
745 1663 970 1707 Catholica
993 1664 1204 1717 religione
1224 1684 1230 1692 ·
1254 1663 1367 1707 sicut
1390 1678 1532 1718 nuper
1554 1665 1685 1708 etiam
1705 1662 2001 1706 Colmariense

220 1730 426 1784 oppidum
450 1729 672 1772 defecit.'³2
705 1730 947 1784 Propterea
972 1730 1139 1772 nobiles
1161 1729 1373 1772 Catholici
1399 1730 1709 1772 confirmentur
1731 1732 1776 1772 et
1808 1729 1878 1784 alij
1914 1743 1999 1771 non

221 1795 513 1838 admit-tantur
546 1794 675 1838 facile
708 1795 763 1838 ad
795 1795 1107 1850 possessiones,
1141 1795 1224 1837 nisi
1253 1798 1425 1838 constet
1454 1809 1529 1837 eos
1552 1795 1796 1838 Catholicos
1829 1808 1937 1837 esse.

340 1861 448 1904 Item
473 1864 522 1903 ut
543 1861 656 1903 ratio
680 1860 929 1904 inueniatur
958 1860 1153 1915 erigendi
1176 1861 1402 1915 Seminarij
1438 1861 1492 1903 ad
1515 1860 1780 1915 supplendos
1803 1859 2002 1903 defectus

221 1926 519 1970 ministrorum
553 1926 791 1977 Ecclesiae,
835 1940 1018 1980 quorum
1051 1927 1300 1969 miseranda
1333 1929 1401 1969 est
1432 1926 1594 1981 passim
1627 1926 1820 1980 penuria.
1883 1925 1999 1968 Nam
2045 1930 2048 1944 ¹

222 1994 268 2035 et
311 1993 529 2035 Bauariae
574 1992 782 2047 Princeps
823 1992 1032 2035 Albertus
1079 1993 1252 2035 domum
1298 1992 1544 2035 construxit
1588 1992 1643 2034 ad
1688 1994 1860 2034 centum
1905 1991 2001 2034 fere

224 2058 446 2100 studiosos
488 2058 669 2100 alendos
710 2057 754 2099 in
795 2057 1025 2112 gymnasio
1068 2072 1145 2100 suo
1183 2057 1463 2112 JngolstadiJ',
1511 2061 1558 2101 ut
1602 2058 1800 2100 alumnos
1840 2057 2004 2099 habeat

220 2123 487 2177 Theologiae
520 2137 598 2178 pro
631 2137 712 2166 sua
743 2123 936 2166 Bauaria
969 2124 1270 2166 conseruanda
1302 2123 1344 2165 in
1378 2123 1589 2177 religione
1603 2124 1631 2166 3.

338 2189 456 2231 Jtem
489 2192 539 2232 ut
559 2188 844 2231 reformetur⁰
865 2188 1079 2232 institutis
1101 2188 1190 2230 illic
1208 2189 1472 2242 Theologiae
1495 2187 1701 2231 studiosis
1724 2186 2000 2242 gymnasium

219 2253 525 2307 Friburgense,
569 2254 683 2307 quod
725 2258 856 2297 antea
897 2254 1098 2304 florebat,
1142 2267 1434 2307 magnumque
1475 2253 1738 2308 praesidium
1772 2252 2002 2295 adferebat

219 2319 429 2374 Ecclesijs
469 2319 512 2361 in
554 2318 778 2361 Catholica
819 2319 1042 2372 religione,
1085 2333 1199 2361 nunc
1241 2333 1344 2361 uero
1385 2319 1655 2372 neglectum,
1699 2321 1744 2361 et
1783 2332 1810 2360 a
1850 2316 2002 2372 paucis

219 2384 510 2427 inhabitatum
543 2384 750 2426 studiosis
781 2385 895 2426 iacet
908 2386 937 2427 4.

339 2476 366 2508 a)
388 2477 435 2501 Ita
455 2480 614 2501 correctum
629 2480 670 2501 est
686 2477 716 2501 in
731 2480 843 2508 (ιιιΐυῃν.
859 2486 895 2501 ea:
910 2476 1078 2509 magisque.
1140 2475 1171 2504 b)
1195 2478 1272 2507 Quae
1293 2480 1466 2509 sequuntur,
1487 2485 1574 2508 usqne
1595 2477 1633 2501 ml
1649 2475 1824 2501 Catholicos
1838 2482 1906 2501 esse
1925 2476 2003 2502 incl..

220 2527 237 2543 α
259 2520 286 2543 C.
303 2519 334 2543 in
355 2519 487 2550 maryine
509 2518 614 2543 addita
634 2522 711 2543 sunt.
786 2520 813 2551 c)
836 2520 864 2543 (J.
880 2519 1021 2550 prozima
1042 2520 1058 2543 4
1079 2527 1122 2543 νυ.
1139 2519 1251 2550 primis
1270 2519 1361 2543 huius
1378 2519 1497 2550 periodi
1520 2519 1650 2543 versibus
1669 2519 1850 2550 festinanter
1871 2518 1898 2542 ιἰι
1920 2525 2000 2542 mar-

217 2561 284 2592 yine
306 2561 445 2592 ascripsit
466 2568 556 2593 neque
577 2563 673 2585 lamen
697 2561 754 2585 ullo
773 2561 866 2592 siyno,
893 2569 946 2592 quo
967 2561 1025 2585 loco
1047 2561 1220 2585 inserendae
1241 2564 1336 2585 essent
1357 2561 1448 2585 eidem
1466 2561 1601 2592 periodo,
1621 2560 1807 2591 sigjnr‘ficavit.

343 2668 351 2687 ¹
382 2667 626 2702 Ferdinandus
654 2668 697 2702 II.
716 2667 904 2708 archidux,
932 2667 1099 2712 princeps
1126 2667 1297 2701 Austriae
1324 2667 1529 2712 superioris,
1557 2667 1670 2701 frater
1695 2666 1936 2701 Maximiliani
1956 2666 2001 2700 11.

218 2720 445 2765 imperatoris
471 2723 508 2754 et
534 2720 663 2761 Caroli,
691 2720 832 2762 Stiriae,
861 2720 1078 2762 Carinthiae,
1107 2720 1296 2755 Carniolae
1324 2724 1391 2755 etc.
1411 2720 1593 2765 principis.

339 2774 352 2794 ²
379 2775 481 2807 Anno
503 2775 592 2808 1575
615 2773 833 2819 (incipiendo
848 2785 868 2808 a
882 2786 928 2808 m.
944 2773 1055 2816 Maio)
1074 2776 1221 2808 senatus
1236 2774 1335 2808 urbis
1353 2774 1601 2816 colmariensis
1619 2773 1788 2817 (Colmar⁹
1807 2772 2000 2814 Alsatiae).
2050 2798 2051 2805 ,

221 2827 255 2860 in
284 2838 390 2871 quam
411 2827 658 2861 Ferdinandus
677 2828 852 2861 archidux
876 2827 1011 2871 aliquid
1030 2827 1159 2861 saltem
1188 2827 1380 2872 potestatis
1406 2827 1572 2867 habebat,
1599 2826 1797 2861 catholicae
1815 2825 2004 2869 religionis

221 2880 394 2914 exercitio
420 2880 554 2914 abolito
574 2881 843 2915 Confessionem
871 2883 1111 2924 augustanam
1138 2880 1174 2914 in
1202 2881 1324 2914 urbem
1352 2881 1543 2915 induxerat
1566 2880 1736 2922 (Janssen
1756 2878 1778 2913 l.
1799 2890 1828 2913 c.
1850 2879 2001 2913 lV¹⁵-¹⁶

224 2933 434 2975 479—480;
463 2935 625 2976 Hansen,
651 2933 761 2968 Nunt.
782 2934 813 2968 ΙΙ
841 2934 882 2968 31
911 2935 977 2974 40;
1007 2934 1217 2976 Schellhass,
1245 2933 1354 2967 Nunt.
1374 2933 1407 2967 V
1432 2934 1533 2977 40⁶).

340 2987 353 3007 ³
379 2987 431 3021 De
458 2986 525 3021 hoc
555 2987 743 3029 „convictu
762 2987 797 3022 S.
818 2987 949 3030 Ignatii
977 2986 1170 3031 Martyris“
1201 2987 1279 3020 sive
1304 2986 1475 3029 „collegio
1501 2985 1698 3020 albertino⁴‘
1729 2985 1774 3019 ab
1792 2984 1941 3019 Alberto
1958 2984 1999 3018 V.
2050 2989 2051 2995 ¹

223 3039 313 3074 duce
339 3040 482 3074 condito
509 3052 544 3074 ν.
563 3051 673 3084 supra
703 3052 736 3085 p.
755 3040 835 3075 320.

340 3095 352 3113 ⁴
380 3093 418 3126 In
454 3093 709 3127 commentario
740 3105 761 3128 a
790 3093 1063 3128 Bai-tholomaeo
1101 3092 1223 3126 l‘ortia
1258 3092 1384 3126 nuntio
1419 3092 1616 3137 apostolico
1652 3103 1698 3127 m.
1727 3091 1873 3126 Octobri
1909 3090 2001 3125 1575

220 3145 370 3180 Romam
410 3146 520 3180 misso
561 3146 788 3191 (Schellhass‚
827 3146 938 3182 Nunt.
968 3147 1001 3181 V
1040 3146 1249 3186 217—225;
1289 3146 1334 3180 cf.
1370 3147 1534 3189 Thee‘ner,
1575 3146 1666 3179 Anu.
1696 3145 1739 3185 ΙΙ,
1776 3145 1809 3178 in
1848 3155 1879 3178 a.
1911 3143 2002 3178 1576
