2051 3433
153 243 160 249 ,
178 202 262 243 612
946 199 1040 234 Mon.
1070 199 1171 234 1099.

175 316 319 350 videtur
353 319 474 350 autem
511 317 681 361 pleraque
717 317 907 361 scripsisse
935 317 974 352 P.
1003 316 1254 360 Sigismundus
1282 316 1405 361 Ilsung
1432 317 1465 351 S.
1487 318 1531 355 J..
1568 318 1670 352 cuius
1700 318 1735 351 in
1761 318 1947 353 scribendo

175 381 283 415 opera
302 370 468 404 Canisius
493 372 674 415 postremo
700 370 798 404 vitae
823 373 983 415 tempore
1003 370 1167 413 Friburgi
1188 369 1435 404 Helvetiorum
1461 371 1629 405 utebatur
1648 372 1698 413 (v,
1721 372 1836 413 Caml,
1865 372 1946 416 1³);

174 428 362 468 praeterea
397 435 462 458 sua
497 435 604 457 manu
641 423 807 458 Canisius
842 424 1044 469 complures
1083 423 1388 458 considerationes
1426 426 1461 458 et
1499 424 1759 459 admonitiones
1793 436 1878 459 suas
1913 426 1947 459 in

175 477 319 522 paginis
345 478 471 511 vacuis
498 477 703 521 germanice
728 477 885 521 scripsit.

295 530 372 564 Hoc
398 542 539 574 quoque
574 532 698 564 notatu
736 530 881 574 dignum
919 534 992 565 est:
1030 530 1141 564 Primi
1176 530 1258 564 libri
1287 530 1508 574 („Rettung“
1539 531 1624 574 etc.)
1652 531 1777 565 folium
1803 531 1949 566 titulare

174 583 285 618 habet
311 584 571 618 dedicationem
601 584 644 618 ab
671 584 747 628 ipso
775 586 937 618 Mar-tino
963 585 1176 627 Ez'senyrein
1202 584 1282 618 libri
1310 587 1456 618 auctore
1482 584 1672 629 scriptam;
1700 586 1803 619 cuius
1827 588 1948 619 tamen

174 637 411 671 dedicationis
437 649 600 678 versum3
636 637 667 671 2.
695 638 748 679 (et
783 637 861 679 3.‘?)
890 639 931 678 is,
959 638 1019 681 qui
1045 637 1154 671 libros
1182 639 1370 682 compegit,
1408 638 1459 671 ita
1485 639 1652 678 resecuit,
1689 641 1729 672 ut
1764 638 1830 672 soli
1857 650 1948 673 com-

174 693 327 735 pareant
361 691 482 735 apices
518 691 657 725 summi.
708 690 767 724 Ita
800 694 919 725 autem
957 691 1170 734 Eisengrein
1205 690 1369 736 scripsit:
1414 691 1634 733 „Admodum
1670 691 1878 725 Reuerendo
1912 692 1947 726 in

175 744 319 778 Christo
358 744 459 789 Patrj
500 756 542 778 ac
577 743 727 778 Domino
766 744 874 778 Petro
911 743 1082 788 Canfisio]
1120 743 1169 788 [S.
1202 744 1419 788 Theologiae
1457 744 1614 789 Doctori]
1655 744 1718 789 [et]
1734 744 1779 789 [52]
1821 744 1949 789 [amico

173 797 326 842 summe]
343 796 389 841 ['?]
418 797 596 832 colend0.“
653 798 692 831 In
718 809 858 831 summo
893 798 969 831 folii
1003 798 1161 832 titularis
1187 798 1349 841 margine
1375 799 1415 832 P.
1436 800 1615 832 simonius
1645 800 1829 833 Gaia-anus
1854 798 1887 834 S.
1916 799 1949 833 J.

177 851 406 897 (Oeniponte‚
433 854 474 885 ut
499 851 658 894 videtur)
686 852 851 896 scripsit:
884 851 1095 893 „Societatis
1121 851 1342 896 professae“.

295 911 471 945 volumen
499 914 622 945 exstat
648 910 898 954 Valkenburgi
924 911 958 945 in
987 911 1137 955 collegio
1163 911 1347 954 ignatiano
1374 910 1407 945 S.
1427 911 1459 946 J.

174 1016 331 1053 1099.
407 1016 437 1052 A
462 1016 498 1052 4.
519 1015 685 1052 Ianuarii
712 1015 793 1052 1572
820 1015 865 1052 ad
893 1016 924 1051 6.
943 1015 1108 1052 Ianuarii
1133 1015 1225 1051 1573.

296 1084 483 1117 Orationes
517 1095 644 1117 sacrae
679 1096 699 1117 α
732 1085 877 1118 Canise'o
903 1084 1133 1116 Ferdz'nandi
1159 1083 1210 1116 II.
1249 1084 1456 1116 (trehiducis
1491 1085 1732 1117 contionatore
1762 1084 1951 1126 Omaiponte

172 1137 322 1171 habitae.
359 1138 500 1171 Earum
527 1141 749 1184 aryumenta.
790 1137 929 1170 Canisiz'
946 1137 1039 1170 dicta
1067 1137 1239 1180 quaedam
1261 1141 1385 1170 notatu
1405 1138 1526 1179 (liqna.
1569 1138 1778 1171 Contionum
1796 1138 1949 1180 fructus.

293 1209 503 1259 0311131113,
538 1212 709 1252 aestate
741 1223 779 1251 a.
809 1210 917 1251 1571
944 1208 1204 1251 Ferdinandi
1240 1209 1280 1250 ΙΙ
1313 1208 1556 1250 archiducis
1589 1209 1863 1251 contionator
1885 1209 1948 1251 in-

171 1274 367 1326 stitutus,
403 1289 428 1317 a
451 1277 490 1318 4.
515 1275 706 1316 Ianuarii
733 1276 844 1316 1572
868 1275 923 1316 ad
952 1277 990 1317 6.
1014 1274 1206 1316 Ianuarii
1233 1276 1344 1316 1573
1378 1274 1470 1316 fere
1495 1275 1548 1316 86
1573 1273 1796 1316 contiones
1819 1274 1948 1317 Oeni-

172 1343 305 1395 ponte
346 1340 389 1381 in
435 1341 598 1394 templo
631 1340 820 1382 Sanctae
853 1340 999 1382 Crucis
1042 1339 1204 1382 habuit.
1239 1339 1359 1389 Quae
1403 1339 1594 1381 eiusdem
1635 1339 1726 1381 fere
1766 1339 1949 1381 rationis

173 1409 301 1448 erant
333 1408 378 1448 et
411 1405 560 1448 eodem
593 1405 719 1447 modo
752 1405 807 1447 ab
840 1419 890 1447 eo
923 1405 1193 1459 parabantur
1215 1408 1347 1458 atque
1378 1405 1492 1455 illae,
1527 1405 1579 1446 de
1611 1405 1765 1458 quibus
1788 1405 1946 1448 dictum

171 1474 241 1514 est
276 1473 378 1514 Can.
404 1471 466 1512 VI
500 1472 757 1520 626—6273
797 1471 909 1512 idem
945 1471 996 1512 de
1030 1471 1278 1513 contionum
1312 1470 1634 1513 commentariis
1667 1470 1748 1512 dici
1781 1473 1948 1524 potest;

171 1551 212 1579 v.
241 1538 345 1580 Com.
371 1537 430 1578 VI
455 1538 554 1580 627.
604 1536 745 1585 Quare
778 1536 847 1578 hic
869 1537 950 1578 hoc
973 1536 1111 1578 solum
1135 1538 1260 1578 noto:
1294 1536 1444 1589 Usque
1468 1536 1522 1578 ad
1544 1536 1729 1577 medium
1764 1550 1817 1578 m.
1844 1535 1949 1590 Sep-

169 1603 383 1645 tembrem
434 1603 545 1643 1572
591 1602 846 1656 plerumque
891 1615 1022 1655 opera
1066 1601 1342 1644 Balthasaris
1388 1600 1585 1652 Arnoldt,
1635 1600 1707 1654 qui
1751 1614 1949 1642 camerae

170 1667 394 1710 tirolensis
427 1666 631 1721 expensis
664 1667 703 1708 ei
736 1667 967 1708 adiunctus
999 1671 1097 1708 erat
1129 1666 1317 1721 scriptor
1349 1666 1474 1718 (Can.
1499 1666 1560 1707 VI
1594 1668 1711 1718 625),
1745 1666 1800 1708 ad
1833 1680 1948 1708 com-

171 1733 388 1776 mentaria
425 1732 654 1775 scribenda
692 1746 794 1774 usus
837 1735 925 1781 est3
973 1731 1126 1774 deinde
1158 1732 1230 1774 ille
1271 1732 1454 1774 Romam
1496 1731 1539 1773 in
1581 1731 1808 1785 collegium
1851 1745 1948 1784 ger-

171 1798 386 1840 manicum
422 1797 530 1840 abiit
562 1798 620 1848 (V.
645 1812 777 1852 supra
809 1812 848 1851 p.
874 1797 972 1849 97);
1007 1797 1075 1839 die
1108 1801 1253 1839 autem
1290 1799 1355 1840 19.
1381 1796 1583 1840 Octobris
1618 1798 1729 1838 1572
1764 1796 1946 1850 primum

171 1866 399 1918 comparet
432 1877 586 1905 manus
608 1864 710 1904 novi
732 1861 958 1916 scriptoris
981 1862 1035 1904 ab
1059 1862 1210 1904 eadem
1238 1876 1412 1904 camera
1434 1861 1604 1904 Canisio
1629 1861 1842 1910 adiuncti;
1877 1861 1947 1914 qui

170 1928 326 1970 deinde
358 1928 568 1983 plurimas
591 1929 630 1970 ei
663 1927 886 1970 contiones
909 1927 1098 1981 scripsit.
1147 1927 1233 1969 Alii
1261 1941 1431 1981 quoque
1465 1927 1710 1981 complures
1743 1927 1780 1968 ei
1812 1927 1947 1969 inter-

171 1994 272 2035 dum
306 1994 467 2047 aliquid
502 2007 662 2047 operae
694 1993 1034 2047 praestiterunt;
1077 1993 1200 2035 velut
1233 1993 1279 2036 P.
1316 1993 1568 2035 Guilielmus
1602 1993 1790 2034 Elderen
1832 1992 1872 2035 S.
1906 1992 1945 2034 J.

172 2059 294 2107 (Can.
320 2062 369 2101 51
402 2060 430 2101 f.
463 2058 738 2101 159⁸—160b
770 2060 886 2108 etc.).
936 2059 1034 2112 Ipse
1068 2058 1211 2100 omnia
1244 2058 1501 2111 recognovit
1523 2063 1654 2111 atque
1677 2057 1946 2107 emendavit;

171 2125 379 2167 nonnulla
420 2125 568 2178 capita
609 2138 688 2166 sua
729 2138 859 2166 manu
893 2124 1080 2177 scripsit.
1145 2124 1193 2165 In
1235 2124 1478 2177 evangeliis
1519 2124 1683 2165 dierum
1726 2136 1946 2165 sacrorum

170 2190 408 2233 recitandis
441 2194 486 2233 et
518 2189 802 2244 explicandis,
837 2192 885 2232 ut
917 2189 1027 2231 alias
1058 2190 1145 2231 iam
1178 2189 1336 2239 monui,
1371 2190 1500 2232 ritum
1524 2188 1830 2239 brixinensem,
1864 2201 1947 2230 non

171 2269 399 2301 romanum
432 2255 651 2305 servavit;
686 2269 726 2298 v,
754 2256 858 2297 Can.
883 2254 944 2295 VI
978 2256 1076 2297 627.

291 2321 514 2363 Ponentur
550 2321 620 2362 1110
664 2320 934 2373 singularum
982 2319 1233 2362 contionum
1281 2319 1646 2374 „propositiones“
1684 2319 1777 2361 sive
1818 2332 1946 2372 argu-

171 2388 320 2428 menta
352 2386 609 2440 praecipua3
645 2385 811 2436 deinde,
847 2399 943 2427 cum
978 2385 1079 2438 quid
1112 2388 1266 2427 notatu
1298 2385 1580 2438 singulariter
1612 2384 1788 2437 dignum
1821 2383 1864 2424 in
1888 2383 1949 2425 eis

170 2452 423 2502 occurrerit,
467 2452 501 2493 si
536 2451 706 2504 quidem
741 2451 873 2493 breve
906 2450 1002 2500 erit,
1038 2450 1321 2504 propositioni
1354 2451 1661 2503 subiungetur;
1703 2449 1768 2491 sin
1802 2451 1946 2490 autem

171 2516 356 2570 longius,
391 2530 515 2558 suum
550 2516 728 2559 habebit
760 2520 1108 2564 monumentum;
1143 2515 1198 2557 ad
1231 2515 1345 2568 quod
1376 2515 1514 2558 lector
1546 2513 1808 2557 remittetur.

290 2596 357 2630 Die
395 2596 686 2631 Circumcisionis
721 2597 799 2630 sive
839 2598 867 2630 l.
895 2596 1051 2630 Ianuarii
1080 2596 1170 2630 1572
1198 2596 1381 2631 Canisium
1421 2596 1485 2639 „ob
1521 2596 1720 2630 absentiam
1749 2595 1943 2640 Principis“

171 2650 374 2684 contionem
401 2662 470 2683 non
498 2650 669 2684 habuisse
694 2650 836 2683 notavit
862 2649 1054 2683 Baltliasar
1080 2649 1234 2683 Arnoldt
1258 2650 1420 2694 scriptor,
1457 2650 1514 2683 cui
1541 2649 1745 2683 contionum
1772 2660 1947 2683 commen-

174 2704 266 2737 taria
293 2703 429 2737 dictare
455 2703 596 2737 solebat
625 2703 728 2745 (Can.
747 2704 789 2737 51
820 2704 842 2736 f.
863 2704 953 2744 78¹³).

292 2756 381 2790 Cum
408 2759 528 2790 autem
556 2756 612 2790 die
637 2758 671 2791 4.
690 2756 847 2790 Ianuarii
874 2761 956 2801 post
982 2757 1135 2790 mediani
1162 2758 1303 2790 noctem
1330 2759 1427 2790 terra
1454 2756 1660 2798 ingentibus
1686 2755 1842 2789 motibus
1868 2766 1946 2789 con-

171 2819 277 2843 cussa
304 2812 401 2843 esset
416 2810 436 2849 ¹,
472 2810 595 2843 eodem
631 2810 687 2843 die
722 2821 863 2844 sacram
890 2810 1088 2843 orationem
1115 2810 1167 2844 sic
1193 2821 1344 2843 exorsus
1371 2812 1445 2843 est:
1486 2808 1584 2851 „Non
1610 2809 1683 2842 scio
1710 2808 1815 2842 aliter
1840 2808 1946 2842 istam

298 2933 305 2951 ¹
334 2933 491 2965 Jacobns
518 2933 703 2967 Pomanus
729 2932 763 2967 S.
783 2933 814 2967 J.
843 2933 877 2966 in
909 2932 1078 2974 „Litteris
1105 2932 1253 2966 annuis“
1284 2932 1490 2977 provinciae
1511 2931 1724 2965 Germaniae
1743 2930 1948 2975 superioris.

174 2984 321 3028 Dilinga
349 2986 378 3019 1.
406 2985 627 3029 Septembris
658 2987 746 3020 1572
784 2987 887 3027 (latis,
918 2986 1007 3020 haec
1034 2986 1076 3019 (le
1108 2985 1348 3029 „Oeniponto“
1379 2988 1522 3019 narrat:
1566 2985 1719 3027 „Terrae
1746 2989 1864 3018 motus

172 3038 286 3082 pridie
314 3038 401 3072 Non.
423 3038 585 3083 Januarij
623 3039 749 3073 habuit
784 3040 937 3081 initium,
975 3040 1018 3073 ad
1045 3039 1239 3073 secundam
1268 3039 1391 3072 horam
1419 3039 1546 3072 noctis.
1597 3039 1692 3073 Ante
1718 3043 1832 3072 ortum
1864 3050 1947 3072 vero

171 3090 282 3124 solem
310 3094 422 3125 totam
451 3092 633 3135 regionem
664 3093 800 3136 ingenti
836 3094 992 3126 omnium
1031 3104 1162 3136 pauore
1190 3104 1231 3125 ac
1263 3095 1418 3125 tremore
1445 3091 1662 3135 quadragies
1698 3092 1880 3126 concussit
1905 3102 1947 3125 ac

171 3145 387 3179 tremefecit.
443 3145 658 3180 l'erdurauit
683 3147 852 3190 deinceps
880 3146 1103 3190 interpositis
1138 3156 1280 3189 semper
1307 3145 1446 3188 aliquot
1481 3144 1648 3178 horarum
1676 3144 1876 3178 interuallis
1902 3145 1945 3178 ad

171 3197 228 3231 40.
256 3197 342 3238 dies,
379 3200 415 3231 et
441 3199 667 3243 postmodum
705 3200 748 3233 ad
785 3199 879 3233 diem
916 3199 1072 3244 paschae
1099 3198 1250 3232 subinde
1278 3201 1423 3232 notatus
1450 3198 1528 3231 fuit.
1581 3197 1667 3231 Eius
1694 3197 1729 3231 vi
1761 3197 1885 3231 inultis
1911 3197 1946 3231 in
