2051 3433
186 131 270 173 380
806 128 908 164 1968.
936 127 1102 162 Canisius
1129 126 1276 161 Alberto
1298 126 1340 161 V.

185 247 284 290 lesti
319 246 482 301 Spiritu
515 245 657 288 afflati
700 259 750 288 ac
783 245 1092 295 venerabundi,
1136 244 1402 298 singularem
1434 244 1663 287 MARIAE
1701 246 1959 300 dignitatern

184 315 316 365 atque
359 310 675 366 praestantiam
718 311 970 353 clarissimis
1002 310 1173 352 verbis³
1205 309 1326 352 initio
1370 310 1775 364 praedicaneruntl.
1841 312 1960 363 Quod

183 377 219 419 si
244 377 431 419 antehac
454 390 658 429 vnquam,
692 390 805 418 nunc
837 391 942 419 sane
979 375 1251 430 potissimum
1284 375 1547 417 incredibilis
1570 376 1798 418 MARIAE
1821 378 1962 421 virtus

184 445 229 484 et
270 442 460 495 dignitas
496 441 775 495 agnoscenda
807 442 932 484 simul
967 444 1011 483 et
1053 440 1299 495 profitenda
1332 444 1412 491 est,
1448 455 1576 494 quum
1611 455 1724 484 noua
1755 442 1957 497 impietas

184 510 229 550 et
274 507 407 561 impia
451 506 624 549 nouitas
669 506 794 560 (proh
838 507 993 561 pudor)
1040 506 1278 560 permultos
1315 505 1698 560 Mariomastigas2
1734 507 1777 549 in
1815 509 1962 551 orbem

184 572 386 622 extrusit,
422 572 493 625 qui
519 571 686 625 Virgini
709 572 854 623 Matri,
890 571 1249 625 quemadmodum
1283 574 1436 625 postea
1458 572 1808 623 monstrabimus,
1842 574 1964 616 miris

187 637 325 679 modis
349 637 461 679 clam
489 637 633 690 palam
657 636 866 686 inuident,
901 637 1164 684 obtrectant,
1199 636 1393 688 adeoque
1415 636 1688 691 impudenter
1710 638 1923 682 insultant
1934 639 1961 683 ¹³.

190 703 273 745 Sed
296 702 376 744 hoc
399 705 538 745 totum
563 702 829 753 Satanae,
865 701 1097 754 antiquo
1129 701 1330 742 nimirum
1355 703 1651 756 serpenti³‚
1686 703 1963 746 tribuendum

188 770 269 818 est,
314 766 384 820 qui
418 767 472 809 ad
506 781 629 808 suum
664 767 988 809 acerbissimum
1024 767 1180 815 odium,
1226 767 1337 819 quod
1379 767 1422 808 in
1455 767 1640 810 alteram
1679 767 1791 810 hanc
1824 769 1962 812 Euam

187 832 442 886 iampridem
486 831 664 886 collegit
695 832 1036 882 effundendum⁰,
1079 831 1184 873 nihil
1224 846 1403 885 prorsus
1444 833 1710 875 intentatum
1743 834 1962 887 relinquit,

184 911 320 951 eoque
358 897 605 940 contenditd
651 897 863 947 maxime,
909 900 959 939 vt
1003 897 1186 951 primum
1212 898 1423 951 optimae
1458 898 1611 947 Matri,
1660 898 1814 941 deinde
1855 914 1963 954 pau-

183 963 329 1005 latim⁸
356 966 400 1005 et
432 962 710 1017 praepotenti
742 962 834 1004 eius
857 963 965 1004 Filio
999 963 1140 1005 cultus
1174 963 1357 1012 debitus,
1392 963 1428 1004 si
1460 977 1643 1016 vsquam
1678 964 1792 1014 alibi,
1826 965 1964 1020 potis-

185 1028 341 1070 simum
396 1030 514 1070 certe
567 1028 610 1070 in
657 1028 898 1082 Prouincijs
951 1028 1245 1082 Septentrioni
1299 1028 1504 1071 subiectis
1556 1028 1860 1080 imminuatur,
1909 1044 1961 1073 ac

184 1108 362 1148 prorsus
403 1093 726 1136 labefactetur‘.
798 1093 1008 1143 Quocirca
1049 1093 1175 1135 huius
1217 1093 1467 1148 deprauati,
1511 1108 1564 1136 ne
1607 1095 1772 1137 dicamg
1813 1095 1964 1138 furiosi

184 1159 347 1201 saeculi
379 1159 660 1213 improbitate
702 1162 938 1213 permotus,
983 1159 1257 1201 committere
1289 1173 1374 1200 non
1408 1159 1541 1213 potui,
1585 1160 1687 1213 quin
1720 1161 1964 1204 maledictis

184 1225 413 1266 benedicta
445 1225 657 1278 quaedam
693 1238 969 1278 opponerem,
1005 1228 1049 1267 et
1082 1239 1158 1278 pro
1192 1238 1289 1266 mea
1322 1238 1428 1277 erga
1460 1224 1572 1266 hanc
1604 1226 1737 1267 talem
1771 1229 1963 1269 tantam-

185 1304 267 1343 que
290 1290 478 1333 Matrem
503 1290 797 1341 obseruantia,
831 1290 1065 1332 scriberem
1090 1289 1266 1342 aliquid,
1301 1290 1412 1342 quod
1436 1290 1472 1331 si
1504 1291 1680 1344 placare
1704 1305 1788 1333 non
1816 1295 1965 1345 posset

184 1355 473 1406 aduersarios,
517 1358 563 1397 at
596 1359 715 1398 certe
757 1355 929 1409 quidem
964 1355 1205 1398 doctrinam
1239 1355 1462 1397 Ecclesiae
1504 1356 1751 1407 firmiorem,
1795 1371 1846 1398 ac
1877 1357 1963 1399 for-

184 1421 315 1463 tassis
359 1421 490 1463 etiam
530 1421 754 1474 aliquanto
786 1421 1066 1463 illustriorem
1100 1420 1309 1464 fratribus
1342 1421 1557 1464 redderet.
1622 1421 1743 1471 Quod
1776 1436 1883 1476 opus
1915 1425 1967 1465 vt

184 1487 274 1528 late
308 1486 538 1529 admodum
584 1489 709 1540 patet
754 1486 946 1540 (plenum
989 1490 1057 1528 est
1101 1487 1214 1528 enim
1261 1486 1604 1540 contentionum)
1647 1486 1708 1528 sic
1750 1488 1881 1529 etiam
1919 1488 1963 1529 in

184 1565 360 1593 recessu
401 1552 498 1606 plus
539 1552 700 1594 habere
732 1551 920 1602 videtur,
963 1566 1092 1604 quam
1134 1552 1274 1606 prima
1306 1552 1452 1594 fronte
1483 1552 1737 1606 promittat:
1779 1553 1964 1606 ideoque

185 1617 321 1666 nobis,
356 1616 392 1659 si
416 1631 567 1659 verum
590 1617 817 1660 fatendum
841 1621 921 1668 est,
953 1631 1037 1659 non
1061 1616 1266 1658 mediocri
1289 1617 1437 1659 labore
1461 1618 1670 1668 constitit,
1705 1618 1963 1672 praesertim

185 1682 286 1735 quia
319 1682 490 1733 bellurn,
524 1687 573 1726 vt
605 1683 667 1725 sic
701 1683 853 1733 dicam,
887 1683 1133 1724 Marianum
1166 1682 1476 1724 conficiendum
1510 1682 1632 1734 fun-2¹¹,
1666 1683 1707 1725 in
1733 1682 1835 1736 quoi
1867 1697 1963 1725 cum

185 1748 381 1791 hostibus
406 1748 638 1800 insidiosis,
672 1748 989 1802 versipellibus,
1023 1748 1322 1802 peruicacibus
1345 1748 1675 1802 confligeremus
1688 1749 1716 1799 k,
1751 1748 1822 1802 qui
1845 1749 1965 1791 nulla

185 1827 231 1855 se
262 1813 433 1857 ratione
466 1813 578 1856 vinci
623 1814 861 1868 patiuntur,
904 1814 980 1856 sed
1014 1817 1058 1856 et
1091 1813 1194 1855 victi
1227 1828 1381 1855 manus
1419 1813 1524 1855 dare
1557 1814 1723 1864 nolunt,
1767 1816 1812 1856 et
1844 1828 1964 1856 more

187 1879 478 1932 anguillarum
511 1879 678 1929 lubrici,
713 1893 884 1933 quoquo
917 1879 1016 1921 illos
1048 1880 1175 1921 modo
1209 1879 1560 1934 apprehenderim
1605 1883 1700 1922 arte
1734 1883 1777 1922 et
1810 1879 1964 1921 fraude

190 1944 377 1997 quadam
410 1945 674 1987 elabuntur¹.

303 2009 512 2064 Quicquid
553 2014 700 2053 autem
744 2011 824 2052 hoc
865 2011 948 2053 erit
990 2010 1240 2053 certaminis
1274 2024 1325 2052 ao
1359 2010 1501 2065 operis
1535 2010 1685 2059 nostri,
1730 2010 1844 2064 quod
1876 2025 1960 2053 non

183 2075 428 2128 gloriolaenn
462 2076 721 2130 captandae,
756 2076 833 2118 sed
856 2075 1056 2119 veritatis
1088 2076 1279 2118 tuendae
1301 2076 1444 2118 studio
1477 2079 1741 2130 susceptum,
1776 2079 1821 2118 et
1852 2090 1966 2118 nunc

186 2141 361 2183 tandem
407 2141 640 2194 aliquando
682 2142 804 2183 Duce
837 2141 1007 2184 Christo
1051 2141 1296 2184 confectum
1340 2141 1383 2183 in
1425 2142 1563 2183 lucem
1607 2141 1879 2195 proferimus,
1921 2142 1964 2183 id

184 2206 290 2247 nulli
325 2206 397 2261 alij
433 2221 561 2260 quam
595 2206 884 2261 Amplitudini
916 2207 1036 2249 Tuae
1069 2207 1291 2249 Illustriss.
1322 2206 1530 2261 Princeps
1562 2207 1815 2249 nominatim
1847 2207 1965 2249 volui

185 2271 399 2314 dedicare.
455 2273 644 2314 Primum
679 2272 807 2322 enim,
841 2273 1113 2326 praeclaram
1147 2271 1189 2313 in
1223 2286 1342 2326 spem
1371 2273 1512 2322 venio,
1547 2272 1641 2314 fore
1664 2275 1712 2314 vt
1736 2272 1966 2314 MARIAE

184 2336 440 2379 Orthodoxa
474 2338 667 2380 defensio
702 2338 869 2392 pondus
903 2337 1017 2392 apud
1058 2339 1102 2379 te
1135 2337 1309 2387 habeat,
1353 2337 1424 2390 qui
1457 2352 1626 2379 summo
1659 2337 1841 2380 iudicio¹¹
1874 2351 1964 2379 om-

184 2402 300 2443 nium
347 2402 548 2456 opinione
594 2404 744 2456 polles,
793 2403 952 2456 quique
995 2403 1047 2444 de
1080 2402 1218 2444 sacris
1260 2403 1447 2445 libenter
1491 2406 1536 2444 et
1577 2416 1708 2457 saepe
1755 2402 1878 2444 audis
1920 2407 1965 2445 et

303 2496 330 2524 a)
353 2496 386 2519 In
403 2496 429 2519 B
443 2503 460 2519 a
477 2496 545 2520 Can.
568 2503 642 2520 corr.
659 2503 694 2519 ω·
713 2494 935 2527 praestantiam
958 2495 1139 2520 constanter
1158 2495 1316 2528 expressis
1337 2494 1472 2521 uocibus.
1546 2495 1577 2524 b)
1598 2496 1646 2519 Sic
1660 2497 1729 2520 Can.
1746 2495 1773 2519 ῐιι
1789 2496 1814 2520 Β
1835 2494 1965 2519 cmv-esic

182 2544 218 2559 es
238 2534 415 2561 obtrectant
434 2535 655 2568 insultantque.
730 2537 756 2567 c)
779 2538 813 2561 [η
834 2538 860 2562 B
881 2539 950 2561 Can.
975 2537 1017 2561 sii:
1043 2538 1171 2562 care-emit
1198 2545 1234 2561 ραι·
1253 2536 1312 2562 Sed
1333 2536 1391 2561 hoc
1411 2536 1562 2561 nefarium
1584 2536 1722 2561 studium
1743 2535 1781 2561 ad
1802 2535 1963 2561 authorem

183 2577 336 2607 Satanam,
366 2577 526 2610 antiquum
548 2585 656 2610 nempe
678 2579 865 2611 serpentem.
893 2577 1086 2603 referendum
1109 2579 1165 2607 est.
1187 2578 1238 2610 qui
1258 2577 1296 2603 ad
1317 2585 1406 2603 suum
1428 2577 1611 2610 explendum
1633 2577 1735 2603 odium
1756 2578 1854 2607 uetus.
1882 2575 1963 2610 quod

182 2618 212 2642 in
232 2618 361 2644 alteram
382 2619 458 2644 hanc
478 2618 572 2644 Euam
593 2619 733 2652 concepit
753 2627 786 2645 ac
808 2620 923 2645 retinet
943 2619 1184 2646 acerbissimum.
1271 2619 1301 2651 d)
1324 2621 1359 2645 In
1380 2621 1405 2645 B
1425 2621 1559 2650 sequitur
1579 2626 1668 2648 nunc,
1688 2620 1777 2644 uldin.
1856 2620 1883 2649 e)
1905 2619 1966 2643 Hoc

184 2668 206 2685 v.
224 2661 253 2684 in
268 2661 293 2685 B
307 2669 324 2685 a
341 2663 410 2685 Can.
430 2662 493 2692 ipso
513 2662 647 2686 «nlilitum
663 2665 711 2686 est.
770 2661 793 2692 f)
810 2663 842 2686 In
860 2663 885 2686 B
900 2664 969 2687 Can.
990 2670 1026 2687 ex,
1049 2670 1090 2687 vv.
1106 2661 1205 2687 cultus
1227 2660 1356 2690 debitus.
1378 2661 1562 2694 praesertim
1584 2661 1614 2686 in
1629 2660 1790 2694 Aquilone,
1811 2659 1965 2686 adimatur

181 2702 223 2726 sic·
242 2703 380 2733 curres-it,
396 2706 609 2734 praeterquam
629 2704 703 2734 quod
723 2707 787 2734 pust
804 2703 997 2736 potissimum
1014 2712 1067 2727 mm
1086 2705 1185 2735 posuit
1201 2704 1293 2729 certe.
1343 2705 1373 2734 g)
1392 2704 1425 2727 In
1442 2704 1468 2728 B
1487 2704 1621 2735 sequitur
1641 2705 1681 2729 et.
1702 2704 1791 2728 obliet.
1841 2701 1873 2732 h)
1889 2703 1923 2727 In
1939 2703 1965 2726 B

178 2744 311 2773 primum
331 2744 448 2774 quidem
468 2745 610 2775 scriptum
630 2748 712 2769 erat:
733 2744 902 2770 Marianum
924 2744 1012 2777 primi
1034 2744 1165 2777 quodam
1188 2745 1277 2770 modo
1299 2744 1514 2777 aggredinlur,·
1543 2745 1647 2769 deinde
1667 2748 1763 2769 amem
1782 2745 1882 2775 prima
1904 2744 1963 2768 tritt

184 2792 224 2808 cr.
245 2785 411 2810 oblitterata
431 2789 507 2811 sunt.
619 2786 639 2815 i)
661 2788 696 2811 In
717 2789 742 2812 B
763 2788 821 2811 [01¹0
843 2795 883 2812 vt).
905 2787 933 2812 in
956 2793 1015 2819 quo
1043 2791 1084 2811 est
1105 2787 1144 2812 el'.
1249 2786 1280 2817 k)
1303 2788 1335 2811 In
1357 2788 1383 2812 B
1405 2788 1473 2811 Can.
1491 2787 1622 2818 primum
1646 2787 1746 2818 posuit
1773 2785 1966 2815 dimicantes,

182 2827 286 2851 deinde
306 2827 397 2851 huius
417 2828 474 2851 loco
501 2827 711 2859 confligentes,
732 2832 835 2860 postea
856 2828 1034 2854 conflicturi.
1116 2828 1134 2859 l)
1159 2829 1206 2853 Sic
1227 2829 1255 2852 in
1278 2830 1302 2853 J}
1324 2837 1340 2852 a
1363 2830 1434 2853 Can.
1455 2832 1566 2853 »nanta
1587 2831 1613 2852 et
1633 2829 1812 2859 (amplificam
1833 2830 1901 2851 suerit
1923 2834 1965 2852 ιϊ.

183 2874 290 2893 manus
311 2867 384 2893 duro
407 2870 559 2896 recusant.
587 2870 725 2895 cominus
752 2869 1013 2901 congrediendum
1034 2870 1090 2896 est.
1184 2872 1224 2901 m)
1246 2871 1281 2895 In
1305 2871 1329 2894 R
1350 2878 1367 2894 (ι
1389 2872 1458 2894 Can.
1480 2878 1554 2894 corr.
1576 2877 1612 2894 em
1631 2869 1756 2900 gloriae.
1831 2869 1862 2899 n)
1885 2869 1916 2892 111
1941 2869 1964 2893 B

181 2910 315 2940 sequitur
335 2917 383 2940 ex,
403 2911 496 2935 oblim.

306 3023 315 3042 ¹
343 3022 395 3056 Cf.
417 3022 465 3056 Lc
493 3023 523 3063 1,
551 3023 715 3065 26-35;
744 3025 897 3059 39—45.

303 3074 316 3094 ²
343 3076 480 3109 Mariae
506 3076 746 3112 insectatores
772 3078 850 3112 sive
879 3078 1006 3123 impios
1033 3077 1283 3121 obiurgatores
1312 3076 1738 3120 (χμὶστιὲῑῇεὲρῌιιιῃ).

304 3129 315 3148 ³
342 3129 420 3173 Ape
450 3129 502 3170 12,
531 3131 572 3170 9;
600 3131 655 3172 20,
683 3131 716 3166 2.
