2051 3433
178 139 233 180 30
283 135 384 170 1791.
414 134 617 180 Christoph.
637 134 826 169 Plautinus
846 133 930 168 Can.
967 134 1166 180 Antverpia
1192 134 1285 168 inter
1308 133 1398 169 med.
1420 134 1504 179 Apr.
1524 136 1560 169 et
1577 135 1667 170 med.
1687 135 1770 170 Mai.
1793 136 1894 171 1572.

175 255 278 294 sunt;
319 252 431 297 aliqui
469 253 578 288 etiam
617 253 759 287 domum
798 252 939 287 remissi
975 252 1035 286 vel
1071 264 1089 286 e
1116 251 1294 287 Societate
1321 252 1470 295 dimissi,
1509 252 1560 287 ita
1594 255 1635 287 ut
1668 264 1715 288 111.
1743 253 1943 299 Septembri

176 306 260 340 anni
289 306 376 341 1571
413 318 482 341 non
517 308 751 352 superessent
786 306 855 341 nisi
884 307 927 341 14
953 306 1012 340 vel
1041 307 1102 346 15;
1140 306 1202 350 qui
1238 317 1318 340 cum
1354 306 1390 340 in
1426 317 1533 340 unam
1569 306 1712 342 collecti
1747 308 1871 342 navim
1904 320 1943 343 se

175 359 319 394 tandem
346 359 382 394 in
409 359 599 394 Brasiliam
626 361 864 405 perventuros
891 370 971 394 esse
997 361 1194 404 sperarent,
1222 359 1256 393 in
1282 359 1502 404 praedonum
1528 361 1805 405 protestantium
1831 372 1944 396 naves

176 413 344 457 quinque,
372 417 542 457 quattuor
569 413 731 456 gallicas,
759 413 938 456 anglicam
967 424 1084 454 unam,
1112 424 1263 456 quarum
1291 412 1364 446 dux
1390 412 1541 447 Ioannes
1568 412 1789 449 Cadavillius
1817 414 1944 458 (Cado-

175 466 300 509 vilius)
331 468 418 508 erat,
446 467 660 509 inciderunt,
691 470 727 501 et
753 466 939 500 duodecim
967 478 1013 500 ex
1039 467 1090 500 eis
1117 467 1152 500 in
1178 465 1297 500 odium
1323 465 1408 500 fidei
1434 465 1633 501 catholicae
1660 467 1704 501 ab
1730 467 1801 502 illis
1826 468 1944 502 necati

175 521 261 553 sunt
289 520 389 562 (Vita
426 520 607 555 Francisci
645 520 797 564 Borgiae
830 531 851 554 a
886 521 924 554 P.
944 521 1187 553 beadeneira
1214 519 1410 563 Hispanice
1444 519 1598 564 scripta;
1637 520 1763 555 Latine
1788 532 1874 556 vero
1900 521 1944 555 ab

176 574 272 608 And.
293 574 443 615 Schotto,
462 576 614 617 utroque
633 573 667 607 S.
683 573 715 607 J.
734 572 932 614 sacerdote,
950 572 1174 617 Antverpiae
1196 572 1297 613 1598,
1320 572 1525 612 168-182;
1554 574 1762 617 δαεεῖιίηιιε,
1783 574 1874 608 Hist.
1895 574 1945 608 111

174 624 196 660 l.
218 626 238 660 6
257 638 289 660 n.
310 627 516 668 219—253;
544 627 566 661 l.
588 628 606 661 7
626 639 659 661 n.
682 626 897 669 189—201).
942 625 993 660 De
1012 626 1169 670 priorum
1188 625 1331 659 illorum
1350 626 1591 670 quadraginta
1613 626 1758 670 (quibus
1779 627 1864 662 Pius
1882 627 1944 662 IX.

175 690 267 724 papa.
308 680 499 714 Beatorum
538 680 741 725 Martyrum
784 679 938 713 honores
977 678 1206 713 confirmavit
1244 680 1281 712 et
1319 679 1496 722 decrevit)
1537 682 1652 713 morte
1690 679 1822 714 Petrus
1858 679 1945 714 Dias

178 732 232 768 18.
251 733 409 777 Augusti
438 733 528 768 1570
561 745 606 767 ex
633 733 751 767 insula
776 733 925 767 Madera
960 732 1003 766 ad
1033 732 1186 766 Leonem
1213 731 1418 776 Henriques
1444 731 1653 767 Lusitaniae
1687 733 1944 778 provincialem

174 786 330 831 scripsit,
367 787 409 820 de
435 787 655 832 reliquorum
683 789 804 821 autem
831 787 1008 831 martyrio
1035 785 1250 819 Franciscus
1276 785 1480 829 Henriques
1506 789 1624 820 rector
1650 787 1793 831 collegii
1827 786 1939 822 ulissi-

175 841 344 884 ponensis
371 840 576 885 Ulissipone
604 842 636 876 9.
655 840 865 874 Decembris
887 840 974 873 1571
1004 851 1049 873 ex
1075 839 1181 873 unius
1208 849 1341 880 eorum,
1377 840 1438 883 qui
1465 851 1508 873 ex
1529 839 1630 874 clade
1648 840 1711 874 illa
1728 840 1946 885 superstites

174 896 285 934 erant,
312 894 516 928 narratione
543 894 587 928 ad
613 893 735 928 Socios
760 904 927 928 romanos
954 892 1146 937 epistulam
1174 891 1291 927 dedit:
1325 891 1452 934 „Carta
1479 893 1611 927 esci-ita
1630 920 1637 928 .
1657 920 1665 928 .
1685 920 1692 928 .
1721 905 1783 927 aos
1810 894 1946 928 Padres
1974 902 1980 909 ·

173 946 399 981 Assistentes
435 959 490 981 em
516 947 630 981 Roma
666 959 734 992 que
760 947 876 981 relata
911 946 1135 990 largamente
1162 957 1181 979 o
1217 945 1373 990 glorioso
1410 947 1583 991 martyrio
1619 947 1662 981 de
1689 947 1804 981 Paslre
1831 947 1946 982 Pedro

175 999 271 1041 Dias,
299 1011 318 1034 e
344 1012 428 1034 seus
455 1000 729 1045 companheiros
757 1012 812 1035 em
840 1011 878 1034 os
905 1011 1023 1034 mares
1049 1000 1090 1033 de
1109 999 1226 1033 Brasil
1254 1010 1275 1032 a
1304 1000 1345 1033 13
1373 999 1415 1033 de
1434 999 1618 1034 Setembre
1637 1000 1679 1034 de
1700 1001 1825 1035 1571‘.
1870 1001 1946 1034 Hae

174 1052 316 1087 litterae
343 1053 464 1088 italice
483 1065 610 1088 versae
637 1054 787 1098 ipsoque
814 1065 906 1087 anno
927 1053 1018 1088 1572
1038 1052 1189 1097 Neapoli
1214 1052 1313 1097 typis
1341 1053 1544 1097 exscriptae
1571 1056 1656 1087 sunt
1676 1053 1946 1098 (Sommervoyel

173 1105 196 1140 l.
217 1117 245 1141 c.
264 1106 324 1147 lV,
353 1107 577 1151 273-274);
607 1106 750 1141 Canisio
775 1108 898 1141 tamen
925 1107 1072 1141 missam
1099 1117 1178 1140 esse
1205 1106 1340 1141 conicio
1366 1106 1569 1140 versionem
1595 1106 1745 1141 latinam
1772 1119 1792 1141 a
1817 1107 1946 1142 Ioanne

172 1158 281 1193 Petro
308 1160 460 1194 Maffaeo
488 1160 522 1195 S.
543 1161 575 1195 J.
597 1161 742 1201 factam,
780 1171 871 1204 quae
902 1160 1040 1194 duobus
1076 1159 1179 1194 annis
1214 1161 1296 1204 post
1330 1171 1400 1193 una
1436 1171 1516 1193 cum
1543 1161 1709 1194 versione
1743 1160 1944 1194 litterarum

176 1212 275 1246 Petri
302 1213 388 1247 Dias
414 1213 537 1247 addita
564 1216 620 1247 est
647 1214 807 1248 eiusdem
826 1215 978 1257 Maffaei
1000 1213 1151 1255 „Rerum
1178 1224 1198 1246 a
1217 1212 1397 1247 Societate
1416 1212 1497 1246 Iesu
1523 1212 1559 1246 in
1585 1212 1733 1247 Oriente
1759 1216 1946 1258 gestarum

174 1265 393 1308 Volumini“,
415 1266 582 1301 Coloniae
601 1268 700 1308 1574,
719 1267 919 1301 458-472.
956 1267 1014 1301 Sic
1032 1267 1126 1300 enim
1145 1265 1332 1300 *notatum
1352 1265 1474 1300 inveni
1492 1277 1599 1300 manu
1618 1278 1769 1300 romana
1787 1267 1946 1301 eiusdem

172 1319 363 1364 temporis:
403 1319 497 1362 „Alli
536 1320 589 1355 12.
618 1320 653 1354 di
679 1320 813 1365 Aprile.
841 1321 895 1355 72.
925 1320 955 1354 si
991 1320 1120 1354 mando
1156 1319 1336 1364 l'epistola
1372 1319 1484 1354 latina
1518 1323 1702 1365 stampata
1736 1321 1771 1354 in
1806 1320 1945 1366 Napoli‚

172 1383 278 1417 sopra
305 1373 329 1406 il
355 1373 516 1422 martirio
543 1374 627 1408 delli
654 1374 844 1419 compagni
872 1374 928 1408 del
955 1373 994 1409 P.
1014 1373 1155 1417 ignatio
1183 1373 1349 1407 Azeuedo
1377 1376 1445 1407 etc.
1489 1374 1647 1416 Austria,
1673 1374 1833 1416 Polonia,
1860 1374 1945 1420 Sup.

174 1425 386 1461 Germania“
417 1429 485 1461 etc.
539 1427 649 1471 (Hist.
670 1428 747 1462 Soc.
767 1429 822 1469 42,
849 1427 994 1462 Diuersi
1020 1427 1145 1469 ordini,
1172 1427 1207 1461 in
1235 1438 1266 1461 a.
1287 1426 1408 1470 1572).
1581 1420 1584 1423 ’

175 1547 317 1584 1791.
406 1548 995 1587 CHRISTOPHORUS
1022 1548 1414 1586 PLANTINUS
1442 1550 1793 1596 architypographus
1811 1551 1942 1596 regius,

367 1603 567 1639 CANISIO.
667 1605 866 1650 Antverpia
892 1605 986 1639 inter
1012 1604 1168 1638 medium
1195 1604 1358 1649 Aprilem
1385 1606 1421 1637 et
1446 1604 1603 1638 medium
1630 1605 1765 1638 Maium
1794 1606 1895 1640 1572.

294 1674 347 1708 Ex
367 1676 622 1709 commentario
641 1675 699 1709 vel
726 1676 845 1720 potius
872 1675 1119 1709 commentarii
1145 1675 1351 1720 apographo
1379 1674 1563 1719 aliquanto
1590 1678 1671 1720 post
1696 1687 1804 1710 manu
1823 1676 1944 1720 ignota

173 1726 317 1772 scriptO,
346 1728 438 1772 quod
466 1732 521 1762 est
547 1729 582 1763 in
603 1729 686 1763 Cod.
706 1732 868 1774 antverp.
893 1729 1054 1772 „Briev.“
1085 1729 1108 1762 f.
1131 1729 1224 1769 1232,
1251 1731 1288 1763 et
1313 1740 1359 1763 ex
1378 1728 1512 1763 canisii
1537 1728 1691 1774 epistula
1709 1730 1943 1775 autographa,

173 1791 264 1824 quae
292 1783 347 1814 est
374 1782 408 1815 in
435 1781 554 1816 Germ.
578 1783 642 1817 183
669 1795 702 1816 n,
723 1783 803 1817 261.

294 1853 578 1896 ,‚Instae'tutione.s·“
596 1859 654 1888 etc.
679 1855 817 1887 mss-ale?
831 1855 1089 1897 Breviarioque
1107 1855 1205 1887 novis
1223 1855 1550 1888 accommodandae.
1581 1854 1789 1888 Summart'a
1805 1855 1943 1898 „Evan-

169 1905 366 1947 9elz'orum“
393 1911 452 1942 etc.
473 1908 735 1950 amplificanda.

534 1990 787 2032 Reuerende
820 1989 863 2031 in
897 1990 1068 2033 Christo
1103 1990 1248 2033 Pater.

855 2056 950 2098 Pax
983 2055 1142 2098 Christi
1176 2058 1258 2099 etc.

293 2125 503 2180 Scripsit1
535 2140 673 2181 nuper
705 2140 799 2169 meo
832 2130 991 2181 rogatu
1025 2127 1080 2169 ad
1118 2127 1420 2169 Reuerendam
1456 2126 1772 2170 paternitatem
1805 2127 1941 2169 Tuam

175 2189 220 2233 P.
243 2191 435 2233 Joannes
470 2191 718 2234 Harlemius
750 2195 800 2234 vt
841 2192 1083 2246 dignareris
1125 2206 1202 2246 per
1241 2192 1427 2245 aliquem
1468 2195 1642 2236 tuorum
1685 2205 1837 2234 curare
1876 2191 1950 2234 in-⁴

171 2256 422 2299 stitutiones
470 2257 742 2300 Christianae
792 2258 971 2312 pietatis
1023 2272 1048 2300 a
1090 2272 1158 2300 me
1207 2257 1442 2312 impressas
1493 2257 1841 2300 accommodari⁸
1880 2255 1940 2313 [P]

171 2335 284 2364 nouo
318 2322 495 2374 missali,
531 2325 576 2365 et
608 2323 824 2365 breuiario
838 2324 867 2373 2,
901 2338 1001 2365 nam
1037 2322 1194 2376 vbique
1228 2327 1496 2376 quaeruntur
1526 2337 1606 2365 nec
1650 2323 1773 2377 plura
1804 2323 1941 2365 habeo

172 2387 461 2441 exemplaria:
496 2388 550 2430 ad
583 2388 664 2430 hoc
692 2403 799 2443 opus
823 2388 876 2440 (si
908 2388 1024 2431 forte
1047 2403 1131 2431 non
1154 2388 1211 2431 sit
1234 2388 1356 2430 vobis
1388 2388 1539 2430 horum
1573 2388 1778 2430 librorum
1802 2388 1940 2443 copia)

292 2478 320 2510 a)
342 2479 406 2511 Sic‚·
426 2481 610 2505 scribendum
631 2481 726 2512 fuisse
746 2481 880 2506 videtur.-
900 2479 1136 2506 accommodare.

294 2609 304 2628 ¹
331 2608 610 2654 Christophorus
638 2610 796 2655 Plantijn
823 2611 901 2645 sive
928 2610 1119 2644 Plautinus
1142 2610 1198 2653 (ca
1219 2610 1484 2653 1514—1589),
1512 2621 1617 2654 quem
1641 2610 1676 2643 in
1695 2609 1814 2644 Gallia
1833 2621 1941 2655 prope

170 2660 330 2696 Turones
351 2662 496 2707 (Tours)
524 2668 647 2698 natum
667 2675 747 2698 esse
773 2664 930 2704 tradunt,
958 2664 1024 2698 sub
1051 2675 1082 2699 a.
1103 2664 1193 2698 1555
1214 2664 1436 2708 Antverpiae
1461 2663 1742 2709 typographiam
1771 2663 1938 2704 condidit,

170 2725 262 2758 quae
297 2715 378 2760 plus
404 2716 474 2751 300
500 2729 613 2752 annos
640 2717 686 2751 ibi
713 2720 792 2752 erat
826 2728 1072 2762 permansura.
1101 2718 1142 2752 A.
1166 2717 1256 2752 1570
1288 2729 1308 2751 a
1334 2717 1500 2762 Philippo
1528 2717 1569 2752 ΙΙ.
1589 2716 1940 2762 architypographus

170 2768 293 2812 regius
319 2772 375 2803 est
392 2770 607 2805 nominatus.
652 2771 701 2805 Ut
729 2773 806 2805 erat
824 2771 881 2804 vir
907 2771 1034 2805 doctus
1053 2774 1089 2805 et
1108 2771 1316 2810 industrius,
1344 2770 1387 2804 de
1412 2770 1544 2805 litteris
1563 2773 1599 2805 et
1617 2770 1789 2814 religione
1807 2770 1939 2815 optime

171 2822 322 2856 meritus
345 2825 409 2864 est,
437 2823 546 2858 libros
564 2824 670 2858 valde
690 2824 874 2868 eleganter
893 2827 927 2859 et
946 2824 1139 2858 emendate
1152 2824 1360 2858 excudendo
1380 2826 1415 2858 et
1433 2835 1541 2869 opera
1558 2824 1751 2858 utilissima
1769 2823 1804 2857 in
1823 2823 1938 2858 lucem

170 2875 374 2917 emittendo,
412 2877 513 2911 velut
546 2877 681 2922 scripta
708 2877 768 2912 SS.
790 2877 981 2922 Augustini
1021 2882 1056 2912 et
1082 2877 1303 2922 Hieronymi,
1339 2877 1578 2912 catechismos
1605 2877 1748 2917 Canisii,
1783 2877 1938 2911 maxime

170 2931 290 2963 autem
319 2929 434 2964 Biblia
460 2930 524 2964 illa
550 2931 690 2973 „regia“
720 2931 798 2965 sive
821 2930 1063 2976 „pdyglotta‘
1086 2931 1243 2975 quinque
1269 2930 1485 2974 linguarum,
1513 2941 1604 2975 quae
1624 2930 1728 2964 Arias
1745 2930 1938 2964 Montanus

170 2983 327 3017 curanda
365 2986 585 3028 susceperat.
636 2984 775 3018 Adduci
810 2996 879 3018 non
914 2995 1072 3029 possum,
1113 2988 1152 3017 ut
1186 2983 1328 3018 credam
1366 2983 1499 3018 doctori
1540 2986 1581 3017 G.
1609 2983 1716 3026 Kalff
1746 2983 1935 3017 scribenti:

172 3035 314 3069 l’lantin
339 3047 434 3078 „was
453 3037 487 3070 in
514 3036 538 3070 t’
559 3036 698 3080 geheim
727 3037 934 3081 aanhanger
953 3049 1023 3071 van
1043 3048 1107 3071 een
1132 3036 1252 3071 kleine
1277 3038 1375 3071 secte
1401 3037 1464 3071 der
1489 3036 1936 3080 hervormingsgezinden:

170 3088 315 3132 Vragen
344 3090 406 3123 des
432 3089 542 3134 Tijds,
568 3090 624 3124 43.
641 3089 771 3135 jaarg„
799 3090 968 3124 Haarlem
998 3090 1099 3132 1916,
1126 3089 1183 3125 40.

291 3142 303 3162 ²
329 3142 419 3176 Vide
445 3154 553 3188 supra
580 3155 612 3188 p.
635 3143 688 3178 19.
