2062 3443
382 156 477 190 Mon.
502 157 603 192 1108.
646 157 796 191 Aestate
822 168 854 191 a.
876 156 979 190 1572.
1029 155 1124 190 Mon.
1148 156 1249 191 1109.
1292 157 1345 191 13.
1368 156 1447 191 Iulii
1478 157 1578 191 1572.
1783 160 1868 201 639

97 272 326 312 authoritate,
363 272 446 316 quia
478 283 546 306 non
575 274 630 306 est
665 284 778 317 aeque
804 275 953 306 sanctus
979 274 1013 305 et
1049 273 1241 316 perfectus,
1278 272 1372 306 sicut
1400 273 1528 307 Petrus
1554 275 1590 306 et
1617 272 1761 311 Paulus,
1789 285 1868 307 cum

97 330 215 360 tamen
236 325 402 360 Christus
428 336 539 369 aeque
566 337 631 359 nos
658 325 826 369 baptizet,
854 325 1030 364 absoluat,
1059 326 1229 359 iustificet
1258 329 1293 359 et
1319 330 1422 360 sanet
1450 338 1512 370 per
1538 325 1662 365 malos,
1689 326 1781 360 sicut
1808 338 1871 371 per

97 379 206 413 bonos
225 379 418 412 ministros.
459 379 489 413 3.
514 379 608 412 Male
628 379 662 412 in
682 379 750 412 fide
770 379 910 423 fundatj
940 378 1046 412 facile
1071 378 1222 412 credunt
1244 378 1501 423 maleficis¹¹[‘?]
1530 379 1871 423 repraehensorilms

96 431 280 466 Ecclesiae
306 430 499 472 Romanae,
536 432 626 466 Sunt
653 435 772 466 autem
800 444 942 476 semper
978 431 1126 476 pluresb
1162 432 1347 476 cupientes
1373 433 1497 466 audire
1524 432 1618 466 mala
1646 443 1750 475 quam
1779 433 1871 467 bona

97 485 139 519 de
175 485 346 530 proximis
382 488 417 519 et
452 486 609 519 maxime
645 486 688 519 de
723 486 977 530 superioribus.
1029 484 1128 525 Quod
1164 485 1206 518 ad
1246 485 1368 519 hostes
1386 486 1468 531 fidej
1505 485 1704 519 catholicae
1739 486 1872 520 attinet

96 549 164 572 non
191 543 342 582 possunt
368 550 435 572 non
465 538 582 572 odisse
610 538 807 572 Romanam
836 538 970 572 Eccles.
1000 550 1078 571 cum
1107 538 1254 572 videant
1280 541 1317 572 et
1341 539 1459 573 sciant
1485 550 1522 572 se
1549 538 1593 572 ab
1620 538 1681 572 illa
1708 539 1870 572 condem-

95 591 184 636 narj.
221 591 344 625 Nonne
382 592 479 637 puer-j
516 592 621 625 odere
659 593 792 635 virgas,
828 603 896 625 non
932 594 1054 626 amant
1090 603 1197 625 canes
1233 591 1389 632 baculos,
1425 592 1554 636 quihus
1587 592 1795 633 caeduntur,
1836 595 1872 626 et

96 644 172 690 lupj
201 657 269 679 non
297 644 450 679 libenter
477 645 601 678 vident
628 657 735 679 canes
761 657 781 679 a
808 645 938 689 quibus
965 648 1185 679 coercentur.

98 741 248 779 1108.
348 742 498 778 Aestate
525 752 558 778 a.
586 742 679 778 1572.

220 804 359 836 Canis-ii
387 804 626 837 Catecht'snms
651 805 836 846 trile‘nyuis
861 804 1002 846 Praycw
1027 805 1152 845 editus,
1180 805 1214 836 in
1243 809 1313 836 tota
1342 804 1512 837 Bohemia
1542 805 1785 847 usurpandus.

214 868 253 902 ln
289 869 472 910 *„Di(trio
507 868 670 912 collegii“
711 868 900 912 pragensis
926 868 960 901 S.
990 867 1022 901 J.
1052 868 1096 901 ab
1136 879 1166 901 a.
1199 868 1288 901 1560
1324 867 1366 900 ad
1397 868 1486 908 1575
1523 871 1559 901 et
1585 868 1628 901 ab
1656 869 1800 903 a.15s0
1827 869 1870 902 ad

96 921 187 956 1583
223 921 403 966 perducto,
439 921 530 965 quod
558 933 651 955 nunc
679 921 816 965 pragae
853 922 886 955 in
914 921 1130 955 bibliotheca
1165 921 1336 955 canoniae
1371 921 1634 955 strahoviensis
1673 922 1868 964 (Strahow)

94 974 227 1008 ordinis
257 974 624 1009 praemonstratensis
650 980 860 1008 asservatur
888 974 994 1018 (sign.
1020 974 1080 1016 „D.
1103 974 1139 1008 C.
1160 974 1221 1008 ΙΙΙ.
1249 974 1323 1017 20),
1361 974 1404 1008 de
1430 986 1524 1008 nova
1557 975 1712 1009 editione
1742 975 1870 1017 „Parvi

95 1027 312 1062 Catechismi
333 1027 619 1062 Catholicoruni“
642 1029 827 1069 canisiani,
856 1029 1009 1073 primum
1028 1040 1060 1061 a.
1083 1029 1173 1062 1559
1195 1027 1335 1070 Pragae
1362 1027 1546 1062 bohemice
1566 1029 1690 1062 excusi
1713 1029 1818 1069 (Can.
1839 1028 1871 1062 11

94 1081 192 1123 892),
218 1080 307 1115 haec
333 1084 526 1115 narrantur
554 1081 594 1125 (f.
618 1082 724 1124 162b)
755 1082 789 1115 in
817 1093 863 1116 m.
882 1081 1126 1126 Septembrem
1155 1093 1185 1114 a.
1209 1081 1319 1116 1572:
1348 1082 1434 1115 Cum
1463 1081 1507 1115 ab
1534 1082 1691 1115 Antonio
1710 1082 1801 1115 Brus
1829 1082 1871 1115 de

94 1134 246 1178 Muglitz
282 1134 550 1180 archiepiscopo
586 1135 752 1179 pragensi
783 1135 820 1168 P.
852 1135 1064 1168 Laurentius
1092 1135 1236 1177 Magius
1263 1134 1296 1168 S.
1317 1135 1350 1170 J.
1380 1135 1612 1179 provincialis
1641 1135 1809 1169 Austriae
1836 1139 1872 1169 et

94 1188 133 1222 P.
155 1187 334 1222 Henricus
361 1188 586 1233 Blyssemius
613 1192 731 1222 rector
767 1188 908 1231 collegii
944 1189 1133 1232 pragensis
1163 1188 1301 1231 Pragae
1333 1187 1376 1221 ad
1405 1199 1565 1222 mensam
1593 1190 1711 1222 vocati
1739 1192 1870 1229 essent,

94 1252 114 1275 a
144 1242 261 1286 Magio
300 1242 463 1283 „oblatus
489 1244 545 1275 est
571 1242 812 1276 catechismus
847 1253 981 1286 paruus
1008 1242 1191 1285 trilinguis
1218 1241 1532 1275 Reverendissimo
1558 1246 1708 1276 auratus
1734 1254 1776 1276 ac
1802 1241 1870 1276 ele-

94 1297 222 1338 ganter
247 1299 464 1340 compactus,
501 1307 605 1339 quem
634 1297 745 1329 nostri
773 1307 836 1340 pro
863 1306 930 1328 usu
957 1295 1160 1329 scholarum
1188 1300 1391 1328 nostrarum
1430 1295 1703 1339 imprimendum
1732 1296 1871 1338 pragae

93 1351 272 1387 curarant,
299 1348 401 1392 isque
428 1348 478 1382 illi
507 1351 678 1393 acceptus
705 1349 792 1382 adeo
820 1351 855 1382 et
881 1353 1007 1391 gratus
1036 1349 1112 1389 fuit,
1140 1351 1180 1382 ut
1206 1359 1244 1382 se
1271 1350 1479 1382 curaturum
1504 1349 1714 1393 1·eceperit¹³,
1742 1352 1781 1382 ut
1807 1360 1872 1393 per

93 1412 216 1435 omnes
251 1401 394 1436 scholas
421 1402 523 1446 regni
559 1401 665 1436 huius
693 1402 888 1436 catholicas
916 1401 983 1442 uel,
1019 1402 1047 1435 si
1076 1402 1152 1436 fieri
1180 1405 1312 1446 posset,
1340 1402 1447 1435 etiam
1477 1401 1662 1436 Husiticas
1688 1403 1808 1445 pueris
1834 1405 1871 1436 et

91 1454 355 1499 ludimagistris
389 1456 554 1489 tradatur
588 1456 817 1493 ediscendus:
855 1458 911 1489 est
946 1455 1040 1489 enim
1076 1456 1163 1489 mire
1200 1455 1328 1494 breuis,
1364 1454 1472 1488 simul
1506 1455 1643 1496 Latine,
1680 1455 1871 1490 Bohemice

93 1511 200 1552 atque
228 1508 440 1543 Germanice
475 1510 719 1554 conscriptus*
762 1510 820 1551 (ex
857 1509 1073 1553 apographo,
1111 1520 1141 1543 a.
1173 1508 1261 1543 1913
1288 1520 1309 1542 a
1336 1508 1376 1542 R.
1407 1508 1443 1542 P.
1469 1510 1615 1553 Aloysv'o
1642 1510 1756 1543 Kro'ss
1782 1509 1817 1544 S.
1836 1510 1869 1544 J.

94 1573 231 1596 mecum
259 1563 538 1598 communicato:
576 1563 635 1606 qui
671 1563 736 1597 hoc
764 1562 876 1596 Diarii
913 1562 989 1597 loco
1016 1574 1103 1596 usus
1130 1567 1185 1596 est
1212 1563 1246 1595 in
1279 1561 1516 1604 „Geschichte
1543 1563 1606 1596 der
1632 1562 1868 1597 bohmischen

93 1615 247 1649 Provinz
274 1616 336 1650 der
363 1615 609 1651 Gesellschaft
636 1616 742 1650 Jesu‘
773 1616 800 1656 l,
828 1615 933 1649 Wien
963 1616 1064 1655 1910.
1094 1617 1189 1658 171).

214 1670 252 1703 In
279 1668 432 1703 *Codice
455 1669 652 1712 „Fundatio
671 1669 822 1714 Collegij
847 1669 1038 1712 pragensis
1065 1670 1107 1703 ad
1137 1668 1170 1703 S.
1191 1669 1412 1704 Clementem
1440 1672 1476 1703 et
1494 1669 1669 1714 Synopsis
1688 1669 1870 1704 Historiae

93 1721 252 1767 ejusdem
289 1722 440 1768 Collegij
477 1723 626 1757 Romam
660 1723 771 1757 allata
798 1734 852 1756 an.
876 1724 984 1758 1696“
1017 1724 1105 1757 haec
1138 1723 1308 1766 leguntur
1337 1723 1385 1767 (p.
1405 1723 1488 1766 48):
1528 1723 1666 1766 Pragae
1696 1734 1867 1765 „recusus

93 1776 343 1811 Catechismus
370 1777 532 1821 [Canisii]
562 1778 665 1811 Anno
688 1778 776 1811 1572
804 1777 938 1820 linguis
960 1777 1084 1817 tribus,
1113 1780 1148 1810 et
1168 1776 1445 1821 Archiepiscopo
1465 1776 1687 1811 dedicatus“.
1732 1776 1866 1811 Eadem

91 1828 167 1864 fere
204 1830 350 1875 scripsit
386 1831 544 1864 Schmidt
570 1830 591 1864 1.
621 1842 649 1864 c.
679 1830 693 1863 Ι
721 1831 800 1864 316.
851 1830 941 1864 Item
970 1841 1012 1864 ea
1038 1830 1081 1863 de
1108 1842 1145 1863 re
1175 1829 1320 1874 scripsit
1348 1830 1415 1864 Ios.
1445 1831 1670 1873 Junymann,
1707 1830 1866 1864 Historie

90 1882 281 1928 literatury
309 1883 426 1917 ceske'.
473 1883 592 1917 Druhe
618 1884 763 1927 wydani
791 1884 839 1925 (w
869 1883 978 1917 Praze
1008 1884 1113 1924 1849)
1134 1882 1195 1924 IV,
1222 1895 1256 1917 n.
1281 1882 1380 1917 1268.
1430 1882 1680 1917 Catecbismus
1708 1883 1867 1917 breviter

91 1942 390 1971 commemoratur
415 1949 436 1971 a
464 1937 719 1980 Somnmrcoyel
744 1937 767 1974 l.
786 1948 815 1972 c,
837 1937 867 1970 1[
895 1937 974 1971 655.

92 2034 239 2072 1109.
339 2035 386 2072 13.
414 2035 498 2071 Ιυ111
525 2036 618 2072 1572.

211 2096 266 2131 Ex
292 2097 468 2131 contionis
495 2098 639 2142 scripto,
668 2100 708 2131 ut
733 2109 843 2142 supra
869 2109 902 2142 p.
925 2097 1004 2131 605.
1050 2097 1134 2131 Can.
1157 2096 1199 2130 51
1229 2096 1253 2130 f.
1276 2097 1496 2131 1792—18612

214 2157 382 2190 canisius
411 2157 600 2199 Oeniponte
628 2158 665 2190 in
690 2157 816 2200 templo
843 2158 878 2190 S.
903 2158 1030 2190 Crucis
1056 2157 1264 2189 auditorum
1291 2158 1430 2190 animos
1455 2157 1503 2190 ad
1530 2167 1655 2189 nocam
1680 2155 1865 2198 ‘indulyen-

89 2211 177 2243 tiam
205 2211 350 2243 inbitaei
371 2212 431 2253 pie
451 2211 721 2253 percipiendam
747 2211 907 2244 sollerter
929 2214 1141 2254 praeparat.

214 2282 382 2315 Canis-im
419 2282 610 2323 Oeniponte
644 2281 742 2323 apud
776 2281 1051 2313 Ferdincmdmn
1089 2281 1140 2314 II.
1168 2279 1395 2313 archiducem
1433 2279 1634 2322 Tirolisqne
1664 2280 1866 2322 principem

91 2335 207 2376 officio
234 2335 490 2367 contionatoris
515 2334 627 2366 aulici
651 2336 805 2377 fnnyens
825 2336 878 2367 13.
902 2335 989 2366 Iulii
1010 2336 1111 2371 1572,
1139 2344 1228 2377 qnae
1247 2337 1324 2366 erat
1342 2334 1534 2366 Domz'nica
1556 2333 1633 2366 VII.
1649 2337 1729 2376 post
1748 2333 1866 2366 Pente-

89 2392 216 2431 costen,
245 2390 280 2421 inv
307 2388 432 2430 templo
461 2389 496 2420 S.
521 2389 656 2430 Crucis,
684 2388 860 2430 ecanyelio
886 2388 958 2420 diet
984 2388 1134 2421 breviter
1160 2388 1345 2430 eoeplt'cctto,
1378 2398 1454 2419 cum
1482 2387 1709 2419 auditoribus
1734 2386 1867 2419 bullam

92 2441 237 2474 iubilaei
263 2453 283 2472 n
315 2442 488 2483 Greyorio
505 2442 614 2474 XIII.
635 2452 720 2473 novo
743 2442 920 2483 pontifice,
948 2452 1056 2474 causa
1082 2442 1152 2474 sice
1170 2441 1363 2482 occasione,
1387 2444 1485 2483 puto,
1514 2440 1688 2482 exipsius
1707 2440 1868 2473 electione

90 2499 239 2537 accepta,
265 2495 426 2536 fidelibus
451 2496 604 2527 concessi
630 2501 741 2537 (qnae
767 2495 862 2527 bulla
883 2497 919 2527 in
941 2495 1119 2527 Bullare'z's
1144 2494 1318 2526 Romanis
1337 2504 1407 2526 non
1425 2496 1555 2533 exstat)
1577 2494 1867 2526 communicavit:

96 2547 187 2589 „Nos
215 2547 408 2581 Christiani
436 2547 471 2580 in
506 2547 595 2581 haec
620 2547 825 2581 miseranda
859 2551 1021 2592 tempora
1047 2546 1263 2580 incidimus·¹
1291 2547 1325 2579 in
1362 2546 1491 2589 quibus
1517 2545 1642 2579 multis
1668 2549 1724 2579 est
1758 2545 1867 2579 libido

90 2608 126 2635 et
152 2600 322 2644 gaudium
349 2600 564 2635 contendere
591 2603 627 2634 et
653 2601 695 2634 de
723 2601 829 2634 rebus
855 2600 937 2645 fidej
966 2601 1161 2644 disputare,
1189 2603 1224 2633 et
1251 2610 1293 2633 ea
1320 2610 1411 2643 quae
1437 2610 1545 2643 soepe
1572 2610 1641 2632 non
1660 2598 1869 2642 intelligunt

90 2658 331 2688 contemnere.
380 2653 480 2688 Sicut
515 2655 550 2687 et
588 2653 772 2687 Pharisaei
807 2653 990 2688 faciebant
1019 2652 1255 2696 Euangelium
1291 2654 1405 2697 primo
1442 2653 1640 2693 audientes,
1676 2653 1868 2686 irridentes

91 2706 273 2741 Christum
301 2709 337 2740 et
361 2718 545 2741 sermones
577 2708 687 2741 eiuse.
740 2706 885 2741 Scilicet
911 2718 980 2741 non
1007 2711 1092 2741 sunt
1117 2706 1284 2740 meliores
1310 2705 1407 2740 serui
1434 2705 1575 2739 domino
1601 2717 1666 2739 suo
1682 2707 1700 2745 ¹,
1737 2705 1868 2739 debent

90 2761 197 2793 etiam
225 2760 299 2804 pati
326 2760 382 2794 die
408 2759 682 2794 vnfreundliche
709 2760 902 2800 auditores,
929 2760 1008 2805 qui
1035 2759 1107 2794 illis
1133 2759 1255 2793 mala
1281 2771 1362 2803 pro
1389 2759 1524 2793 bonis
1549 2757 1866 2799 retribuant²‚

90 2813 200 2847 uerba
225 2813 383 2858 ipsorum
405 2813 655 2853 interum-tant,
682 2824 790 2858 saepe
811 2816 1052 2854 contemnant,
1080 2824 1161 2847 cum
1181 2812 1312 2846 dicitur
1335 2812 1427 2856 quod
1448 2823 1563 2846 nouus
1583 2812 1739 2845 mundus
1759 2822 1867 2854 aegre

89 2869 268 2911 acceptat.
306 2865 342 2900 Si
369 2866 597 2911 praedicatur
615 2867 658 2900 de
679 2866 923 2900 misericordia
951 2866 1026 2906 Dei,
1053 2866 1192 2900 meritis
1212 2865 1357 2905 Christi,
1384 2865 1647 2910 promissionib.
1667 2864 1867 2909 Euangelij,

210 2943 238 2971 a)
260 2942 325 2972 δὴ,-
350 2942 591 2973 corriyemzumne
617 2940 774 2967 maledicis
789 2942 802 2967 .²
890 2940 921 2973 b)
943 2943 1083 2974 Sequitur
1101 2941 1285 2974 imperfecti,
1311 2942 1400 2966 oblite.
1493 2942 1520 2971 c)
1543 2942 1667 2967 correxi·
1687 2949 1723 2966 ea:
1742 2940 1867 2973 recepit,

90 2984 164 3016 quod
185 2987 226 3008 est
249 2984 278 3007 in
298 2984 414 3008 Dim-io.
507 2982 536 3012 d)
562 2984 640 3013 Quae
660 2987 833 3015 sequuntur,
854 2992 941 3015 usque
962 2984 1000 3008 ad
1022 2983 1090 3010 Luc.
1113 2983 1144 3008 16
1166 2984 1242 3013 incl„
1263 2983 1291 3007 in
1314 2983 1446 3014 moryine
1469 2984 1581 3014 scripta
1601 2987 1678 3008 sune.
1770 2982 1798 3014 θ)
1818 2983 1866 3007 Se-

90 3029 221 3057 quuntur
240 3032 298 3049 ιϊ..·
317 3023 365 3049 Sic
385 3025 416 3049 et
429 3023 520 3049 hodie
540 3024 673 3056 ministrj
688 3023 802 3056 Christj
824 3023 938 3051 debent
958 3032 1025 3050 esse
1045 3025 1198 3058 patientes
1218 3025 1250 3049 et
1265 3026 1428 3057 expectare
1444 3024 1587 3050 iudicium
1609 3026 1640 3050 et
1656 3024 1867 3056 contemptum

90 3065 162 3097 nouj
179 3065 292 3097 mundj,
313 3067 344 3091 et
364 3065 460 3098 quasj,
479 3066 657 3091 oblitterata.
693 3067 771 3097 Quae
790 3070 963 3098 sequuntur,
985 3075 1071 3098 usquc
1092 3067 1129 3091 ml
1146 3065 1216 3092 Luc.
1232 3066 1264 3090 16
1286 3066 1363 3096 incl„
1383 3066 1419 3090 ab
1440 3066 1504 3098 ipso
1519 3067 1638 3091 Canisa'o
1657 3067 1770 3098 scripta
1789 3067 1866 3090 sunt.

213 3155 223 3175 ²
249 3154 303 3189 Cf.
324 3155 380 3188 Mt
407 3155 460 3196 10,
488 3155 552 3194 24;
580 3155 618 3189 Io
648 3155 702 3197 13,
731 3156 793 3196 16;
824 3156 878 3197 15,
905 3156 962 3191 ⁸20.
1111 3155 1123 3174 ²
1151 3155 1197 3188 Ps
1224 3154 1280 3196 37,
1307 3154 1364 3189 21.
