2062 3443
663 153 718 189 20.
747 156 782 188 et
809 154 864 187 24.
888 153 1041 187 Ianuarii
1072 153 1174 187 1578,
1717 157 1798 197 787

31 270 61 304 1.
80 269 263 303 Februarii
294 269 383 304 1578
409 269 636 314 potissimum
663 269 706 303 de
735 268 931 303 P.Pe1tani
958 267 1152 312 scriptione
1180 269 1222 302 ad
1251 270 1516 303 Mercurianum
1543 270 1637 303 (latis
1668 269 1801 311 (Germ.

32 323 98 358 156
124 322 147 356 f.
167 322 234 356 257
253 323 471 364 267—268).
501 323 756 356 Verumtamen
784 321 843 355 alii
871 332 1012 365 quoque
1039 321 1130 355 Socii
1160 322 1254 366 iique
1281 323 1328 367 pii
1356 335 1397 356 ac
1423 323 1618 368 prudentes
1636 323 1804 367 expedire

30 376 234 415 censebant,
261 379 301 409 ut
321 375 486 409 Canisius
513 377 615 419 gravi
645 375 704 410 illo
730 375 909 409 scribendi
937 377 1062 408 contra
1081 375 1352 409 Centuriatorea
1380 376 1498 410 labore
1527 376 1727 413 levaretur:
1756 377 1805 410 ita

30 429 70 464 P.
81 428 322 463 Theodoricns
339 429 504 462 Canisius
522 429 618 463 Petri
634 430 746 462 frater
760 440 804 462 ex
821 433 920 472 patre
939 432 988 469 (v.
1000 439 1110 472 supra
1122 440 1153 472 p.
1168 429 1253 471 764)
1268 442 1274 469 ;
1291 430 1338 462 ita
1353 429 1389 463 P.
1403 432 1598 471 Greqorius
1611 431 1805 472 Hos-ephias-

29 480 247 517 cathedralis
273 481 448 515 ecclesiae
475 486 701 525 augustanae
728 482 951 515 contionator
977 483 1013 514 et
1039 481 1165 515 domus
1184 485 1409 524 augustanae
1428 482 1461 516 S.
1483 483 1515 516 .1.
1536 483 1715 526 superium
1744 483 1803 525 qui

33 534 196 578 (Hoffaeo
215 534 412 578 inspirante
423 536 458 577 ‘.>)
476 535 531 568 27.
550 535 704 568 Ianuarii
723 535 809 568 1577
827 534 1052 569 Mercuriano
1070 534 1265 578 *scripsitz
1289 563 1301 576 ,,
1314 535 1349 569 P.
1370 535 1498 569 Petrus
1513 536 1678 569 Canisius
1697 536 1803 568 etiam

30 586 214 622 nobiscum
242 587 317 630 agit
354 587 421 621 hoc
457 592 628 632 tempore,
664 589 723 631 qui
751 587 894 620 videtur
929 592 1077 631 paratus
1103 589 1144 620 vt
1170 588 1284 621 denuo
1310 587 1496 632 scriptioni
1524 591 1639 622 vacet.
1684 587 1806 621 Laudo

30 641 187 675 animum
206 640 416 685 praesertim
437 652 516 674 cum
537 641 622 674 mihi
642 641 876 686 persuadeam
896 651 941 674 ex
960 651 1058 673 mera
1077 640 1279 674 obedientia
1298 642 1414 685 ipsum
1435 641 1583 684 aggredi
1602 641 1695 675 velle
1714 641 1806 674 hanc

31 693 154 728 duram
193 693 420 738 prouintiam.
457 705 548 737 quae
586 695 714 727 bonum
752 698 888 738 patrem
917 694 1133 727 confecisset
1162 693 1294 727 dudum
1322 694 1356 727 in
1384 694 1546 728 Mariano
1581 705 1686 738 opere
1713 694 1806 738 quod

30 758 92 792 per
119 747 298 790 integrum
327 747 538 780 decennium
566 747 598 780 in
629 747 792 782 manibus
820 747 954 787 habuit,
982 746 1050 780 nisi
1077 746 1137 791 alij
1165 748 1201 780 et
1227 747 1372 790 quidem
1400 746 1503 781 multi
1521 747 1715 781 adiutrices
1739 748 1806 791 ipsi

30 799 277 845 porrexissent
304 811 441 834 manus.
486 800 655 834 Putarem
684 801 802 845 potius
831 800 931 841 (licet
958 799 1025 834 hac
1051 800 1086 833 in
1114 802 1216 844 parte
1243 811 1386 833 manum
1415 800 1449 833 in
1477 800 1630 834 alienam
1652 811 1806 834 messem

31 852 188 895 mittam)
224 852 485 887 subleuandum
523 854 652 887 bonum
692 858 829 898 patrem
858 864 965 897 quam
1002 853 1292 897 opprimendum:
1333 852 1399 894 Qui
1439 853 1545 888 huius
1579 853 1713 897 ingenij
1741 859 1807 892 est,

31 905 137 940 sicuti
164 905 251 939 mihi
288 906 410 940 fassus
437 909 503 947 est,
539 911 578 940 vt
605 907 672 941 sibi
699 918 880 951 nunquam
907 906 1112 941 satisfaciat
1139 924 1146 931 ·
1174 906 1258 940 hinc
1284 908 1339 940 est
1366 907 1459 950 quod
1486 907 1606 941 decies
1640 907 1808 940 emendat

32 959 180 993 eandem
207 970 282 992 rem
309 961 354 993 ad
381 960 566 993 minimum
594 960 786 1004 aliquoties
813 960 1030 1004 descriptam
1050 960 1159 993 -inde
1185 959 1303 993 fluunt
1328 960 1553 994 incommoda
1579 960 1807 1005 perplurima,

31 1014 73 1046 vt
97 1016 263 1056 sumptus
299 1015 450 1051 taceam,
487 1014 699 1056 fatigantur,
735 1025 779 1047 ne
815 1013 898 1057 quid
927 1013 1081 1057 amplius
1108 1013 1235 1054 dicam,
1273 1013 1437 1057 collegia,
1472 1017 1673 1056 grauantur
1699 1014 1806 1048 etiam

31 1065 223 1111 plurimum
251 1066 310 1109 qui
337 1066 390 1099 illi
417 1067 673 1110 adiunguntur.
726 1066 814 1100 Cum
841 1067 935 1100 enim
971 1069 1073 1111 pater
1099 1065 1186 1100 nihil
1214 1066 1249 1099 in
1276 1070 1463 1101 numerato
1490 1067 1620 1101 habeat
1654 1078 1717 1111 pro
1743 1067 1808 1100 tali

32 1122 243 1162 argumento
270 1119 416 1163 ipseque
443 1120 629 1154 sufficiens
655 1131 724 1153 non
751 1120 799 1153 sit
824 1120 942 1153 omnia
968 1119 1138 1163 colligere
1164 1131 1253 1164 opus
1288 1119 1396 1154 habet
1431 1120 1604 1165 pluribus.
1656 1119 1724 1154 Sed
1752 1120 1808 1154 hic

33 1172 157 1206 modus
183 1172 363 1206 scribendi
390 1173 501 1207 libros
527 1173 687 1207 difficilis
714 1176 779 1214 est,
816 1176 852 1207 et
877 1184 1003 1217 parum
1031 1172 1247 1207 honorificus
1274 1174 1367 1218 apud
1395 1173 1600 1207 maleuolos.
1652 1174 1688 1208 Si
1715 1174 1807 1207 enim

33 1224 93 1270 alij
120 1225 294 1269 colligant
327 1226 527 1265 materiam,
563 1226 657 1260 alius
681 1226 817 1270 stylum
845 1227 964 1267 addat,
1001 1225 1108 1260 facile
1134 1228 1189 1260 est
1215 1226 1365 1260 collecta
1401 1239 1463 1271 pro
1490 1226 1713 1272 beneplacito
1740 1227 1808 1261 dis—

33 1290 175 1324 ponere.
226 1279 371 1313 Habent
398 1280 600 1313 Marianum
628 1291 717 1324 opus
744 1283 779 1313 et
805 1280 839 1314 S.
858 1279 1008 1314 ,Ioannis
1035 1280 1222 1324 Baptistae
1249 1281 1424 1323 quaedam
1453 1291 1545 1324 quae
1571 1292 1649 1314 cum
1678 1280 1809 1314 honore

35 1332 150 1377 potuit
176 1334 334 1366 tractare
362 1351 369 1357 -
398 1333 482 1376 quia
509 1333 552 1367 ab
580 1333 662 1377 alijs
689 1333 874 1377 neglecta:
903 1333 971 1367 Sed
998 1333 1033 1366 in
1061 1333 1213 1367 materia
1231 1333 1274 1367 de
1294 1334 1326 1367 S.
1344 1336 1455 1377 petro,
1482 1333 1608 1380 nescio*
1620 1345 1707 1368 sane
1726 1334 1809 1378 quid

33 1385 203 1424 futurum,
229 1385 390 1420 infinitae
417 1386 511 1420 enim
538 1387 792 1431 propemodum
819 1388 853 1420 in
881 1386 979 1420 illam
1003 1387 1207 1420 coincidunt
1225 1388 1490 1421 controuersiae
1509 1389 1545 1421 et
1570 1388 1809 1430 grauissimae

34 1439 215 1479 materiae,
251 1451 341 1483 quae
377 1440 464 1473 adeo
500 1440 665 1474 absolute
701 1451 722 1473 a
758 1439 882 1474 multis
915 1440 1089 1474 hactenus
1116 1442 1201 1474 sunt
1235 1442 1425 1481 tractatae,
1462 1443 1502 1474 vt
1526 1440 1617 1474 nihil
1644 1441 1810 1475 videatur

34 1502 138 1537 posse
173 1492 254 1526 addi
290 1496 354 1526 aut
389 1493 457 1527 dici
493 1493 585 1537 quod
622 1496 729 1527 antea
764 1505 833 1526 non
869 1493 916 1527 sit
951 1493 1098 1533 dictum,
1136 1494 1274 1527 versari
1309 1496 1428 1527 autem
1456 1495 1552 1528 circa
1578 1494 1673 1527 nuda
1699 1494 1810 1528 verba

35 1545 295 1580 haereticorum
331 1546 424 1591 apud
461 1558 592 1589 graues
618 1547 726 1583 viros.
763 1547 823 1590 qui
851 1546 921 1580 alia
948 1546 1163 1583 desiderant.
1200 1558 1267 1580 non
1296 1557 1409 1590 aeque
1446 1558 1568 1590 graue.
1621 1548 1717 1581 Haec
1745 1548 1809 1581 Re-

35 1599 212 1633 uerendae
238 1599 447 1644 paternitati
473 1605 618 1634 vestrae
644 1601 777 1645 optimo
805 1600 922 1633 animo
948 1600 1077 1639 scribo,
1115 1599 1201 1633 licet
1227 1600 1321 1633 enim
1348 1601 1393 1633 ad
1420 1612 1476 1634 me
1502 1600 1592 1634 nihil
1618 1601 1707 1634 haec
1733 1613 1809 1645 per-

34 1652 182 1694 tineant,
218 1654 372 1697 pertinet
408 1656 528 1687 tamen
564 1654 606 1687 ad
643 1665 699 1687 me
734 1653 837 1697 quies
871 1653 1082 1698 prouintiae,
1119 1664 1237 1697 quam,
1274 1653 1328 1686 vti
1364 1655 1447 1687 ante
1484 1654 1621 1697 aliquot
1652 1665 1765 1688 annos
1791 1666 1811 1688 a

34 1705 196 1751 pluribus
221 1706 434 1741 Rectoribus
460 1707 593 1748 audiui,
619 1707 814 1751 scriptione
841 1707 954 1751 patris
981 1707 1107 1750 canisij
1135 1707 1317 1756 turbatam
1344 1706 1457 1740 fuisse
1484 1709 1626 1741 constat
1652 1726 1659 1732 -
1687 1710 1723 1741 et
1742 1708 1810 1742 nisi

36 1759 72 1793 vi
96 1759 298 1793 Marianum
335 1771 424 1804 opus
460 1760 551 1794 bono
587 1760 680 1804 patri
716 1772 735 1793 e
771 1760 936 1794 manibus
972 1760 1102 1794 fuisset
1128 1763 1321 1799 extortum,
1357 1760 1474 1794 adhuc
1499 1760 1566 1794 sub
1593 1760 1715 1805 praelo
1740 1772 1810 1795 non

35 1815 132 1847 esset
158 1830 165 1837 ·
192 1813 255 1846 sed
281 1824 347 1847 nec
382 1813 487 1848 aliter
513 1814 590 1847 fieri
626 1817 747 1858 potest
775 1831 781 1838 ·
811 1814 870 1847 vbi
898 1813 991 1847 enim
1019 1813 1107 1847 nihil
1144 1814 1233 1848 certi
1259 1814 1293 1847 in
1322 1817 1498 1858 promptu,
1534 1826 1676 1859 semper
1706 1814 1809 1848 homo

35 1866 164 1900 anxius
190 1869 256 1907 est,
284 1867 424 1910 quaerit
449 1870 486 1901 et
511 1879 580 1901 non
607 1879 749 1912 semper
767 1867 905 1900 inuenit
923 1878 1013 1910 quae
1032 1867 1149 1901 adhuc
1168 1867 1293 1901 deesse
1311 1867 1534 1912 suspicatur*
1561 1872 1630 1908 (ex,
1649 1870 1808 1911 autogr.;

35 1918 154 1955 Germ.
177 1920 242 1954 156
269 1920 294 1953 f.
313 1919 429 1962 258b).

153 1972 211 2006 Sic
237 1973 374 2007 factum
393 1976 458 2013 est,
486 1976 526 2007 ut
552 1973 641 2007 haec
660 1973 795 2007 Canisii
820 1973 966 2018 scriptio
985 1973 1258 2018 abrumperetur
1277 1973 1340 2017 (cf.
1359 1985 1468 2018 supra
1486 1985 1520 2018 p.
1538 1973 1638 2017 463).
1675 1974 1812 2008 Iuverit

34 2027 166 2066 autem,
198 2025 305 2061 huius
339 2026 546 2071 scriptionis
573 2029 609 2060 et
644 2027 868 2071 abruptionis
906 2027 1050 2060 brevem
1086 2026 1143 2061 hic
1180 2028 1262 2071 poni
1299 2030 1541 2071 conspectum.
1592 2027 1626 2061 S.
1656 2027 1742 2061 Pius
1767 2027 1810 2061 V.

35 2090 66 2113 a.
94 2079 185 2113 1567
222 2091 285 2124 per
312 2078 345 2113 S.
375 2080 606 2114 Franciscum
633 2080 802 2124 Borgiam
836 2081 1079 2125 praepositum
1117 2080 1322 2124 generalem
1360 2080 1503 2114 Canisio
1539 2081 1737 2120 mandavit,
1771 2086 1812 2114 ut

35 2134 158 2167 contra
185 2132 473 2167 centuriatorum
508 2134 873 2177 magdeburgensium
910 2133 1096 2168 historiam
1135 2133 1418 2167 ecclesiasticam
1454 2134 1640 2175 scriberet,
1676 2134 1813 2178 aliquot

35 2185 211 2230 exemplis
246 2187 535 2228 demonstrando,
571 2188 615 2220 iis
641 2188 737 2221 credi
764 2198 833 2220 non
870 2198 974 2231 posse
1003 2186 1109 2228 (Can.
1128 2187 1162 2220 V
1187 2187 1287 2229 480).
1339 2186 1415 2228 Quo
1451 2186 1620 2221 mandato
1647 2187 1812 2221 Canisius

36 2239 188 2283 quodam
223 2240 326 2273 modo
362 2240 575 2284 perterritus
610 2243 684 2281 est;
720 2252 758 2274 se
795 2240 889 2274 enim
916 2240 950 2273 in
989 2240 1151 2274 historiis
1178 2243 1363 2274 versatum
1391 2251 1460 2273 non
1488 2251 1567 2274 esse
1594 2243 1629 2274 et
1655 2241 1812 2274 animum

35 2303 150 2333 suum,
185 2292 348 2338 plurimis
375 2294 471 2327 curis
497 2294 657 2327 externis
693 2294 919 2334 distractum,
946 2305 966 2327 a
1001 2293 1229 2336 gravioribus
1265 2293 1437 2327 eiusmodi
1464 2294 1594 2327 studiis
1621 2293 1813 2328 abhorrere

36 2345 154 2380 aiebat
182 2346 220 2388 (l.
240 2358 269 2381 c.
289 2346 388 2390 522).
440 2348 624 2386 Attamen,
660 2350 701 2381 ut
727 2351 806 2381 erat
831 2348 887 2380 vir
912 2347 1257 2387 oboedientissimus,
1285 2358 1374 2380 onus
1402 2347 1488 2380 illud
1517 2347 1550 2380 in
1577 2358 1615 2380 se
1641 2348 1812 2393 suscepit.

36 2397 76 2433 In
101 2398 217 2433 tribus
236 2399 347 2442 igitur
366 2400 528 2445 personis
546 2400 687 2434 biblicis
708 2420 749 2423 —
770 2401 901 2434 Ioanne
922 2400 1097 2444 baptista,
1121 2400 1248 2441 Maria,
1279 2400 1383 2434 Petro
1402 2419 1445 2424 —
1465 2400 1653 2434 ostendere
1672 2402 1813 2442 statuit,

36 2455 255 2497 quantopere
282 2453 431 2496 verbum
458 2453 522 2487 Dei
559 2465 579 2487 a
607 2453 917 2487 Centuriatoribus
952 2457 1159 2498 corruptum
1189 2456 1296 2488 esset.
1349 2455 1401 2487 Ac
1427 2454 1581 2498 primum
1608 2454 1750 2497 quidem
1777 2453 1813 2487 in

36 2503 163 2540 librum
192 2506 235 2540 de
270 2506 401 2541 Ioanne
436 2507 664 2541 scribendum
701 2509 802 2540 tanta
830 2518 909 2540 cum
946 2506 1182 2540 contentione·
1204 2506 1376 2547 incubuit,
1411 2509 1452 2540 ut
1477 2518 1518 2541 eo
1552 2511 1712 2551 tempore
1738 2507 1814 2541 fere

35 2569 217 2603 nunquam
253 2563 351 2594 recte
376 2560 536 2600 valeret;
572 2560 679 2594 simul
706 2560 829 2599 multa,
866 2571 957 2604 quae
983 2561 1188 2605 scripserat,
1225 2559 1447 2594 immutando
1473 2564 1508 2594 et
1535 2559 1728 2594 multorum
1755 2560 1812 2595 do-

37 2613 266 2646 mesticorum
287 2625 395 2657 opera
413 2614 545 2647 utendo
572 2618 647 2647 tum
668 2612 862 2653 Sociorum,
889 2616 964 2647 tum
992 2613 1211 2658 typographi
1230 2613 1442 2658 patientiam
1460 2613 1617 2647 tentavit
1638 2614 1744 2657 (Can.
1764 2614 1813 2647 VI

38 2663 106 2700 682
125 2665 193 2700 699
214 2666 282 2701 708
301 2667 398 2710 711).
435 2667 541 2701 Libro
568 2667 713 2700 tandem
733 2678 763 2701 a.
788 2667 872 2700 1571
896 2667 930 2699 in
958 2666 1071 2700 lucem
1100 2667 1231 2700 emisso
1258 2666 1412 2700 libenter
1433 2666 1610 2710 reliquam
1629 2667 1813 2701 Centuria-

38 2719 155 2752 torum
181 2719 446 2760 refutationem,
474 2720 531 2754 cui
558 2731 596 2753 se
623 2719 785 2764 ineptum
813 2731 892 2754 esse
919 2720 1098 2760 censebat,
1135 2719 1216 2753 aliis
1242 2719 1424 2754 cessisset.
1476 2720 1647 2755 Hoffaeus
1673 2732 1814 2765 quoque

39 2772 266 2816 praepositus
291 2773 535 2817 provincialis,
572 2772 707 2807 Canisii
733 2773 832 2807 vitae
857 2775 1033 2812 metuens,
1060 2772 1096 2806 in
1122 2772 1156 2806 id
1185 2772 1390 2813 inclinabat,
1417 2778 1457 2807 ut
1482 2773 1543 2807 ille
1569 2773 1602 2807 in
1631 2777 1813 2818 posterum

38 2822 178 2859 libellos
196 2825 369 2860 scriberet
383 2826 610 2869 germanicos
628 2826 807 2870 simulque
825 2826 1050 2860 contionibus
1065 2825 1238 2859 habendis
1253 2829 1505 2870 occuparetur;
1524 2827 1706 2872 provincia
1720 2828 1812 2861 enim

39 2875 158 2922 inopia
176 2880 461 2913 contionatorum
482 2879 669 2913 laborabat
697 2878 803 2922 (Can.
824 2879 873 2913 V[
899 2880 970 2914 418
996 2879 1066 2913 438
1093 2879 1160 2912 441
1191 2879 1259 2914 700
1287 2880 1366 2918 711,
1395 2882 1430 2913 et
1448 2891 1558 2924 supra
1577 2891 1610 2924 p.
1629 2881 1699 2914 276
1726 2880 1813 2924 682)

40 2928 174 2964 Verum
201 2931 394 2966 cardinalis
412 2932 546 2966 Hosius
573 2932 870 2976 poenitentiarius
897 2933 1009 2966 maior
1029 2932 1170 2966 Canisio
1196 2932 1267 2965 iam
1286 2932 1329 2966 de
1348 2932 1462 2966 Maria
1488 2933 1717 2967 scribendum
1735 2944 1816 2967 esse

41 2983 229 3018 sentiebat.
263 2985 319 3018 Ad
345 2985 439 3019 idem
463 2985 648 3030 pontificia
673 2985 735 3019 illa
761 2985 917 3019 iussione
936 2997 974 3019 se
997 2985 1150 3028 astringi
1171 2984 1336 3019 Canisius
1362 2985 1605 3020 existimabat.
1641 2986 1708 3028 Qui
1735 2997 1814 3020 cum

41 3033 170 3070 librum
189 3037 233 3072 de
251 3037 383 3071 Ioanne
410 3037 535 3071 multis
562 3038 762 3072 hominibus
790 3038 905 3072 doctis
923 3038 1029 3072 valde
1055 3037 1198 3082 placere
1225 3038 1396 3078 audisset,
1423 3050 1468 3072 ex
1486 3038 1650 3073 Mariano
1675 3050 1816 3083 quoque

42 3099 146 3134 opere
163 3090 321 3125 fructum
340 3091 435 3125 haud
455 3091 626 3134 exiguum
645 3102 793 3136 sperare
813 3094 966 3136 poterat.
994 3090 1072 3125 Hoc
1090 3090 1212 3134 itaque
1230 3102 1426 3135 aggressus
1444 3095 1511 3126 est.
1542 3090 1642 3132 Quod
1660 3092 1815 3126 nondum

41 3144 117 3176 erat
142 3142 358 3186 absolutum,
387 3155 466 3178 eum
495 3144 539 3178 ad
563 3144 830 3179 Mereurianum
855 3144 1100 3189 praepositum
1127 3143 1332 3187 generalem
1359 3144 1528 3188 querelae
1554 3145 1694 3180 delatae
1720 3148 1815 3180 sunt.

1456 3203 1526 3238 50*
