<?xml version="1.0" encoding="UTF-8"?>
<!DOCTYPE html PUBLIC "-//W3C//DTD XHTML 1.0 Transitional//EN"
    "http://www.w3.org/TR/xhtml1/DTD/xhtml1-transitional.dtd">
<html xmlns="http://www.w3.org/1999/xhtml" xml:lang="en" lang="en">
 <head>
  <title>
</title>
<meta http-equiv="Content-Type" content="text/html;charset=utf-8" />
  <meta name='ocr-system' content='tesseract 3.04.00' />
  <meta name='ocr-capabilities' content='ocr_page ocr_carea ocr_par ocr_line ocrx_word'/>
</head>
<body>
  <div class='ocr_page' id='page_1' title='image "beatipetricanisi07cani_0223.png"; bbox 0 0 2062 3443; ppageno 0'>
   <div class='ocr_carea' id='block_1_1' title="bbox 256 160 1828 206">
    <p class='ocr_par' dir='ltr' id='par_1_1' title="bbox 256 160 1828 206">
     <span class='ocr_line' id='line_1_1' title="bbox 256 160 1828 206; baseline -0.002 -7"><span class='ocrx_word' id='word_1_1' title='bbox 256 165 357 200; x_wconf 82' lang='lat'>1847.</span> <span class='ocrx_word' id='word_1_2' title='bbox 386 164 552 198; x_wconf 85' lang='lat' dir='ltr'>Canisius</span> <span class='ocrx_word' id='word_1_3' title='bbox 579 163 762 197; x_wconf 81' lang='lat' dir='ltr'>Everardo</span> <span class='ocrx_word' id='word_1_4' title='bbox 788 163 1024 196; x_wconf 80' lang='lat' dir='ltr'>Mercuriano.</span> <span class='ocrx_word' id='word_1_5' title='bbox 1068 160 1267 206; x_wconf 85' lang='lat' dir='ltr'>Oeniponte</span> <span class='ocrx_word' id='word_1_6' title='bbox 1295 163 1348 196; x_wconf 92' lang='lat'>11.</span> <span class='ocrx_word' id='word_1_7' title='bbox 1368 162 1523 205; x_wconf 84' lang='lat' dir='ltr'>Augusti</span> <span class='ocrx_word' id='word_1_8' title='bbox 1554 162 1653 196; x_wconf 71' lang='lat'>1573.</span> <span class='ocrx_word' id='word_1_9' title='bbox 1748 166 1828 206; x_wconf 81' lang='lat'>129</span> 
     </span>
    </p>
   </div>
   <div class='ocr_carea' id='block_1_2' title="bbox 63 278 1831 378">
    <p class='ocr_par' dir='ltr' id='par_1_2' title="bbox 63 278 1831 378">
     <span class='ocr_line' id='line_1_2' title="bbox 184 278 1831 322; baseline -0.003 -7"><span class='ocrx_word' id='word_1_10' title='bbox 184 282 281 315; x_wconf 67' lang='lat' dir='ltr'>Socii?</span> <span class='ocrx_word' id='word_1_11' title='bbox 307 283 418 315; x_wconf 78' lang='lat' dir='ltr'>Roma</span> <span class='ocrx_word' id='word_1_12' title='bbox 457 283 494 314; x_wconf 84' lang='grc' dir='ltr'><strong><em>ιή</em></strong></span> <span class='ocrx_word' id='word_1_13' title='bbox 525 282 756 314; x_wconf 74' lang='lat' dir='ltr'><em>Germaniam</em></span> <span class='ocrx_word' id='word_1_14' title='bbox 794 281 987 314; x_wconf 74' lang='lat' dir='ltr'>redeuntes.</span> <span class='ocrx_word' id='word_1_15' title='bbox 1039 279 1214 312; x_wconf 71' lang='lat' dir='ltr'>Mittenda</span> <span class='ocrx_word' id='word_1_16' title='bbox 1251 280 1441 321; x_wconf 73' lang='lat' dir='ltr'>„Definitio</span> <span class='ocrx_word' id='word_1_17' title='bbox 1476 278 1748 322; x_wconf 72' lang='lat' dir='ltr'>tleeoloyot·mn“,</span> <span class='ocrx_word' id='word_1_18' title='bbox 1785 280 1831 310; x_wconf 75' lang='lat' dir='ltr'>ml</span> 
     </span>
     <span class='ocr_line' id='line_1_3' title="bbox 63 333 1266 378; baseline -0.002 -10"><span class='ocrx_word' id='word_1_19' title='bbox 63 335 155 368; x_wconf 75' lang='lat' dir='ltr'>litem</span> <span class='ocrx_word' id='word_1_20' title='bbox 183 336 224 368; x_wconf 73' lang='lat' dir='ltr'>(le</span> <span class='ocrx_word' id='word_1_21' title='bbox 252 335 325 378; x_wconf 81' lang='lat' dir='ltr'>5⁰s0</span> <span class='ocrx_word' id='word_1_22' title='bbox 349 336 555 377; x_wconf 74' lang='lat' dir='ltr'>finiendam.</span> <span class='ocrx_word' id='word_1_23' title='bbox 600 336 780 368; x_wconf 57' lang='lat' dir='ltr'>Vis-stator.</span> <span class='ocrx_word' id='word_1_24' title='bbox 826 335 983 367; x_wconf 74' lang='lat' dir='ltr'>Adiutor</span> <span class='ocrx_word' id='word_1_25' title='bbox 1010 334 1046 365; x_wconf 71' lang='lat' dir='ltr'>in</span> <span class='ocrx_word' id='word_1_26' title='bbox 1072 333 1266 365; x_wconf 72' lang='lat' dir='ltr'>scribendo.</span> 
     </span>
    </p>
   </div>
   <div class='ocr_carea' id='block_1_3' title="bbox 355 415 1535 523">
    <p class='ocr_par' dir='ltr' id='par_1_3' title="bbox 355 415 1535 523">
     <span class='ocr_line' id='line_1_4' title="bbox 355 415 1255 468; baseline -0.001 -10"><span class='ocrx_word' id='word_1_27' title='bbox 355 418 381 468; x_wconf 69' lang='grc' dir='ltr'>-ἱ-</span> <span class='ocrx_word' id='word_1_28' title='bbox 419 417 508 458; x_wconf 83' lang='lat' dir='ltr'>Pax</span> <span class='ocrx_word' id='word_1_29' title='bbox 540 417 699 459; x_wconf 80' lang='lat' dir='ltr'>Clu-isti</span> <span class='ocrx_word' id='word_1_30' title='bbox 732 416 872 459; x_wconf 79' lang='lat' dir='ltr'>JESV</span> <span class='ocrx_word' id='word_1_31' title='bbox 906 415 1028 457; x_wconf 92' lang='lat' dir='ltr'>nobis</span> <span class='ocrx_word' id='word_1_32' title='bbox 1060 419 1255 465; x_wconf 87' lang='lat' dir='ltr'>aeterna,</span> 
     </span>
     <span class='ocr_line' id='line_1_5' title="bbox 560 480 1535 523; baseline -0.002 0"><span class='ocrx_word' id='word_1_33' title='bbox 560 481 804 523; x_wconf 85' lang='lat' dir='ltr'>Admodum</span> <span class='ocrx_word' id='word_1_34' title='bbox 837 480 1091 523; x_wconf 87' lang='lat' dir='ltr'>Reuerende</span> <span class='ocrx_word' id='word_1_35' title='bbox 1123 481 1166 522; x_wconf 92' lang='lat' dir='ltr'>in</span> <span class='ocrx_word' id='word_1_36' title='bbox 1200 480 1369 523; x_wconf 86' lang='lat' dir='ltr'>Christo</span> <span class='ocrx_word' id='word_1_37' title='bbox 1404 481 1535 523; x_wconf 77' lang='lat' dir='ltr'>Pater</span> 
     </span>
    </p>
   </div>
   <div class='ocr_carea' id='block_1_4' title="bbox 62 551 1839 2562">
    <p class='ocr_par' dir='ltr' id='par_1_4' title="bbox 62 551 1837 1716">
     <span class='ocr_line' id='line_1_6' title="bbox 183 551 1834 608; baseline -0.001 -13"><span class='ocrx_word' id='word_1_38' title='bbox 183 552 376 608; x_wconf 80' lang='lat' dir='ltr'>Septimo</span> <span class='ocrx_word' id='word_1_39' title='bbox 417 552 543 594; x_wconf 87' lang='lat' dir='ltr'>huius</span> <span class='ocrx_word' id='word_1_40' title='bbox 577 552 737 594; x_wconf 81' lang='lat' dir='ltr'>mensis</span> <span class='ocrx_word' id='word_1_41' title='bbox 771 552 1063 594; x_wconf 88' lang='lat' dir='ltr'>discesserunt</span> <span class='ocrx_word' id='word_1_42' title='bbox 1095 551 1192 593; x_wconf 91' lang='lat' dir='ltr'>hinc</span> <span class='ocrx_word' id='word_1_43' title='bbox 1224 551 1460 593; x_wconf 82' lang='lat' dir='ltr'>incolumes</span> <span class='ocrx_word' id='word_1_44' title='bbox 1502 552 1642 600; x_wconf 90' lang='lat' dir='ltr'>ambo,</span> <span class='ocrx_word' id='word_1_45' title='bbox 1687 555 1834 594; x_wconf 87' lang='lat' dir='ltr'>noster</span> 
     </span>
     <span class='ocr_line' id='line_1_7' title="bbox 64 616 1834 669; baseline -0.001 -9"><span class='ocrx_word' id='word_1_46' title='bbox 64 618 262 660; x_wconf 90' lang='lat' dir='ltr'>nimirum</span> <span class='ocrx_word' id='word_1_47' title='bbox 297 621 341 660; x_wconf 86' lang='lat' dir='ltr'>et</span> <span class='ocrx_word' id='word_1_48' title='bbox 372 617 643 667; x_wconf 83' lang='lat' dir='ltr'>Austriacus,</span> <span class='ocrx_word' id='word_1_49' title='bbox 689 618 734 659; x_wconf 88' lang='lat' dir='ltr'>P.</span> <span class='ocrx_word' id='word_1_50' title='bbox 760 617 1089 660; x_wconf 81' lang='lat' dir='ltr'>Prouintiales1.</span> <span class='ocrx_word' id='word_1_51' title='bbox 1144 617 1208 658; x_wconf 88' lang='lat' dir='ltr'>Ac</span> <span class='ocrx_word' id='word_1_52' title='bbox 1250 619 1397 659; x_wconf 89' lang='lat' dir='ltr'>noster</span> <span class='ocrx_word' id='word_1_53' title='bbox 1433 616 1604 669; x_wconf 89' lang='lat' dir='ltr'>quidem</span> <span class='ocrx_word' id='word_1_54' title='bbox 1640 616 1834 658; x_wconf 86' lang='lat' dir='ltr'>Tridenti</span> 
     </span>
     <span class='ocr_line' id='line_1_8' title="bbox 64 681 1835 736; baseline -0.001 -11"><span class='ocrx_word' id='word_1_55' title='bbox 64 686 161 726; x_wconf 92' lang='lat' dir='ltr'>octo</span> <span class='ocrx_word' id='word_1_56' title='bbox 195 683 344 725; x_wconf 90' lang='lat' dir='ltr'>diebus</span> <span class='ocrx_word' id='word_1_57' title='bbox 377 682 585 734; x_wconf 74' lang='lat' dir='ltr'>substitit,</span> <span class='ocrx_word' id='word_1_58' title='bbox 619 685 667 725; x_wconf 89' lang='lat' dir='ltr'>ut</span> <span class='ocrx_word' id='word_1_59' title='bbox 698 682 852 724; x_wconf 81' lang='lat' dir='ltr'>febrim</span> <span class='ocrx_word' id='word_1_60' title='bbox 887 682 1153 736; x_wconf 88' lang='lat' dir='ltr'>profligaret,</span> <span class='ocrx_word' id='word_1_61' title='bbox 1189 695 1299 735; x_wconf 89' lang='lat' dir='ltr'>quae</span> <span class='ocrx_word' id='word_1_62' title='bbox 1327 681 1444 736; x_wconf 85' lang='lat' dir='ltr'>prius</span> <span class='ocrx_word' id='word_1_63' title='bbox 1468 682 1523 723; x_wconf 90' lang='lat' dir='ltr'>M.</span> <span class='ocrx_word' id='word_1_64' title='bbox 1551 682 1835 735; x_wconf 80' lang='lat' dir='ltr'>Gregorium2</span> 
     </span>
     <span class='ocr_line' id='line_1_9' title="bbox 64 747 1834 808; baseline -0.001 -17"><span class='ocrx_word' id='word_1_65' title='bbox 64 749 125 808; x_wconf 17' lang='lat' dir='ltr'>ad&gt;</span> <span class='ocrx_word' id='word_1_66' title='bbox 150 752 321 802; x_wconf 88' lang='lat' dir='ltr'>tempus</span> <span class='ocrx_word' id='word_1_67' title='bbox 353 748 602 790; x_wconf 79' lang='lat' dir='ltr'>Florentiae</span> <span class='ocrx_word' id='word_1_68' title='bbox 634 748 779 790; x_wconf 82' lang='lat' dir='ltr'>fuerat</span> <span class='ocrx_word' id='word_1_69' title='bbox 811 750 1043 797; x_wconf 88' lang='lat' dir='ltr'>remorata,</span> <span class='ocrx_word' id='word_1_70' title='bbox 1087 747 1161 789; x_wconf 89' lang='lat' dir='ltr'>sed</span> <span class='ocrx_word' id='word_1_71' title='bbox 1195 747 1262 788; x_wconf 89' lang='lat' dir='ltr'>hic</span> <span class='ocrx_word' id='word_1_72' title='bbox 1301 760 1470 800; x_wconf 86' lang='lat' dir='ltr'>quoque</span> <span class='ocrx_word' id='word_1_73' title='bbox 1503 751 1655 801; x_wconf 87' lang='lat' dir='ltr'>postea</span> <span class='ocrx_word' id='word_1_74' title='bbox 1688 747 1834 789; x_wconf 83' lang='lat' dir='ltr'>saluus</span> 
     </span>
     <span class='ocr_line' id='line_1_10' title="bbox 64 812 1833 866; baseline -0.001 -10"><span class='ocrx_word' id='word_1_75' title='bbox 64 814 248 860; x_wconf 78' lang='lat' dir='ltr'>accessit</span> <span class='ocrx_word' id='word_1_76' title='bbox 279 813 359 855; x_wconf 90' lang='lat' dir='ltr'>Dei</span> <span class='ocrx_word' id='word_1_77' title='bbox 392 813 549 866; x_wconf 88' lang='lat' dir='ltr'>gratia.</span> <span class='ocrx_word' id='word_1_78' title='bbox 613 813 738 855; x_wconf 86' lang='lat' dir='ltr'>Solus</span> <span class='ocrx_word' id='word_1_79' title='bbox 772 812 1045 855; x_wconf 84' lang='lat' dir='ltr'>desideratur</span> <span class='ocrx_word' id='word_1_80' title='bbox 1087 827 1109 854; x_wconf 92' lang='lat' dir='ltr'>e</span> <span class='ocrx_word' id='word_1_81' title='bbox 1142 812 1302 855; x_wconf 87' lang='lat' dir='ltr'>nostris</span> <span class='ocrx_word' id='word_1_82' title='bbox 1345 812 1415 865; x_wconf 89' lang='lat' dir='ltr'>qui</span> <span class='ocrx_word' id='word_1_83' title='bbox 1449 812 1613 854; x_wconf 82' lang='lat' dir='ltr'>Romae</span> <span class='ocrx_word' id='word_1_84' title='bbox 1645 812 1833 861; x_wconf 89' lang='lat' dir='ltr'>fuerunt,</span> 
     </span>
     <span class='ocr_line' id='line_1_11' title="bbox 62 876 1835 931; baseline -0.002 -10"><span class='ocrx_word' id='word_1_85' title='bbox 62 879 252 922; x_wconf 86' lang='lat' dir='ltr'>Jacobus</span> <span class='ocrx_word' id='word_1_86' title='bbox 283 878 435 929; x_wconf 85' lang='lat' dir='ltr'>frater,</span> <span class='ocrx_word' id='word_1_87' title='bbox 471 878 543 931; x_wconf 89' lang='lat' dir='ltr'>qui</span> <span class='ocrx_word' id='word_1_88' title='bbox 575 878 700 920; x_wconf 86' lang='lat' dir='ltr'>uiuus</span> <span class='ocrx_word' id='word_1_89' title='bbox 733 891 786 919; x_wconf 91' lang='lat' dir='ltr'>ne</span> <span class='ocrx_word' id='word_1_90' title='bbox 809 877 943 920; x_wconf 88' lang='lat' dir='ltr'>sitan</span> <span class='ocrx_word' id='word_1_91' title='bbox 967 880 1163 920; x_wconf 89' lang='lat' dir='ltr'>mortuus</span> <span class='ocrx_word' id='word_1_92' title='bbox 1185 877 1427 928; x_wconf 85' lang='lat' dir='ltr'>Ferrariae‚</span> <span class='ocrx_word' id='word_1_93' title='bbox 1467 876 1538 919; x_wconf 90' lang='lat' dir='ltr'>ubi</span> <span class='ocrx_word' id='word_1_94' title='bbox 1571 877 1749 919; x_wconf 88' lang='lat' dir='ltr'>relictus</span> <span class='ocrx_word' id='word_1_95' title='bbox 1783 878 1835 918; x_wconf 86' lang='lat' dir='ltr'>ob</span> 
     </span>
     <span class='ocr_line' id='line_1_12' title="bbox 64 942 1834 993; baseline -0.001 -7"><span class='ocrx_word' id='word_1_96' title='bbox 64 944 218 986; x_wconf 86' lang='lat' dir='ltr'>febrim</span> <span class='ocrx_word' id='word_1_97' title='bbox 241 944 400 993; x_wconf 88' lang='lat' dir='ltr'>fuerat,</span> <span class='ocrx_word' id='word_1_98' title='bbox 425 944 672 986; x_wconf 83' lang='lat' dir='ltr'>dubitamus</span> <span class='ocrx_word' id='word_1_99' title='bbox 686 944 714 985; x_wconf 81' lang='lat'>3.</span> <span class='ocrx_word' id='word_1_100' title='bbox 755 943 1082 985; x_wconf 86' lang='lat' dir='ltr'>Praeterierunt</span> <span class='ocrx_word' id='word_1_101' title='bbox 1106 942 1236 985; x_wconf 88' lang='lat' dir='ltr'>etiam</span> <span class='ocrx_word' id='word_1_102' title='bbox 1259 943 1340 985; x_wconf 87' lang='lat' dir='ltr'>hac</span> <span class='ocrx_word' id='word_1_103' title='bbox 1363 942 1517 984; x_wconf 86' lang='lat' dir='ltr'>Patres</span> <span class='ocrx_word' id='word_1_104' title='bbox 1540 942 1792 984; x_wconf 82' lang='lat' dir='ltr'>Rhenenses</span> <span class='ocrx_word' id='word_1_105' title='bbox 1806 945 1834 991; x_wconf 73' lang='lat'>⁴,</span> 
     </span>
     <span class='ocr_line' id='line_1_13' title="bbox 65 1008 1835 1062; baseline -0.001 -11"><span class='ocrx_word' id='word_1_106' title='bbox 65 1012 110 1052; x_wconf 88' lang='lat' dir='ltr'>et</span> <span class='ocrx_word' id='word_1_107' title='bbox 143 1009 402 1052; x_wconf 82' lang='lat' dir='ltr'>Germaniae</span> <span class='ocrx_word' id='word_1_108' title='bbox 434 1009 652 1051; x_wconf 87' lang='lat' dir='ltr'>inferioris</span> <span class='ocrx_word' id='word_1_109' title='bbox 685 1009 768 1050; x_wconf 92' lang='lat' dir='ltr'>duo</span> <span class='ocrx_word' id='word_1_110' title='bbox 782 1010 810 1057; x_wconf 82' lang='lat'>5,</span> <span class='ocrx_word' id='word_1_111' title='bbox 855 1022 910 1050; x_wconf 81' lang='lat' dir='ltr'>ex</span> <span class='ocrx_word' id='word_1_112' title='bbox 943 1008 1096 1061; x_wconf 84' lang='lat' dir='ltr'>quibus</span> <span class='ocrx_word' id='word_1_113' title='bbox 1129 1008 1172 1051; x_wconf 90' lang='lat' dir='ltr'>P.</span> <span class='ocrx_word' id='word_1_114' title='bbox 1197 1008 1445 1050; x_wconf 88' lang='lat' dir='ltr'>Eleuterius</span> <span class='ocrx_word' id='word_1_115' title='bbox 1480 1010 1684 1062; x_wconf 87' lang='lat' dir='ltr'>coeperat</span> <span class='ocrx_word' id='word_1_116' title='bbox 1716 1008 1835 1050; x_wconf 86' lang='lat' dir='ltr'>labo-</span> 
     </span>
     <span class='ocr_line' id='line_1_14' title="bbox 64 1072 1837 1132; baseline -0.001 -16"><span class='ocrx_word' id='word_1_117' title='bbox 64 1089 189 1132; x_wconf 74' lang='lat' dir='ltr'>rare„</span> <span class='ocrx_word' id='word_1_118' title='bbox 209 1075 284 1116; x_wconf 88' lang='lat' dir='ltr'>sed</span> <span class='ocrx_word' id='word_1_119' title='bbox 317 1075 401 1116; x_wconf 86' lang='lat' dir='ltr'>iam</span> <span class='ocrx_word' id='word_1_120' title='bbox 435 1074 553 1116; x_wconf 89' lang='lat' dir='ltr'>illum</span> <span class='ocrx_word' id='word_1_121' title='bbox 590 1088 759 1127; x_wconf 90' lang='lat' dir='ltr'>quoque</span> <span class='ocrx_word' id='word_1_122' title='bbox 792 1073 1042 1115; x_wconf 85' lang='lat' dir='ltr'>restitutum</span> <span class='ocrx_word' id='word_1_123' title='bbox 1077 1088 1172 1115; x_wconf 89' lang='lat' dir='ltr'>esse</span> <span class='ocrx_word' id='word_1_124' title='bbox 1199 1087 1437 1128; x_wconf 89' lang='lat' dir='ltr'>speramus.</span> <span class='ocrx_word' id='word_1_125' title='bbox 1487 1073 1670 1126; x_wconf 87' lang='lat' dir='ltr'>Agimus</span> <span class='ocrx_word' id='word_1_126' title='bbox 1702 1072 1837 1126; x_wconf 88' lang='lat' dir='ltr'>igitur</span> 
     </span>
     <span class='ocr_line' id='line_1_15' title="bbox 64 1138 1833 1193; baseline -0.002 -11"><span class='ocrx_word' id='word_1_127' title='bbox 64 1140 234 1182; x_wconf 89' lang='lat' dir='ltr'>diuinae</span> <span class='ocrx_word' id='word_1_128' title='bbox 267 1139 452 1182; x_wconf 90' lang='lat' dir='ltr'>bonitati</span> <span class='ocrx_word' id='word_1_129' title='bbox 474 1139 678 1193; x_wconf 76' lang='lat' dir='ltr'>gratias³,</span> <span class='ocrx_word' id='word_1_130' title='bbox 714 1152 824 1193; x_wconf 88' lang='lat' dir='ltr'>quae</span> <span class='ocrx_word' id='word_1_131' title='bbox 846 1141 913 1181; x_wconf 88' lang='lat' dir='ltr'>tot</span> <span class='ocrx_word' id='word_1_132' title='bbox 936 1139 1091 1181; x_wconf 88' lang='lat' dir='ltr'>Patres</span> <span class='ocrx_word' id='word_1_133' title='bbox 1115 1142 1159 1181; x_wconf 89' lang='lat' dir='ltr'>et</span> <span class='ocrx_word' id='word_1_134' title='bbox 1181 1139 1343 1181; x_wconf 85' lang='lat' dir='ltr'>fratres</span> <span class='ocrx_word' id='word_1_135' title='bbox 1366 1138 1447 1181; x_wconf 90' lang='lat' dir='ltr'>huc</span> <span class='ocrx_word' id='word_1_136' title='bbox 1469 1139 1615 1180; x_wconf 89' lang='lat' dir='ltr'>saluos</span> <span class='ocrx_word' id='word_1_137' title='bbox 1638 1138 1833 1188; x_wconf 82' lang='lat' dir='ltr'>adduxit,</span> 
     </span>
     <span class='ocr_line' id='line_1_16' title="bbox 65 1204 1836 1259; baseline -0.001 -12"><span class='ocrx_word' id='word_1_138' title='bbox 65 1219 115 1247; x_wconf 89' lang='lat' dir='ltr'>ac</span> <span class='ocrx_word' id='word_1_139' title='bbox 147 1205 463 1248; x_wconf 79' lang='lat' dir='ltr'>nrofeotionem</span> <span class='ocrx_word' id='word_1_140' title='bbox 497 1207 729 1258; x_wconf 90' lang='lat' dir='ltr'>utcumque</span> <span class='ocrx_word' id='word_1_141' title='bbox 761 1218 1013 1259; x_wconf 78' lang='lat' dir='ltr'>prosperam</span> <span class='ocrx_word' id='word_1_142' title='bbox 1049 1204 1166 1247; x_wconf 87' lang='lat' dir='ltr'>dedit</span> <span class='ocrx_word' id='word_1_143' title='bbox 1206 1204 1287 1246; x_wconf 90' lang='lat' dir='ltr'>hoc</span> <span class='ocrx_word' id='word_1_144' title='bbox 1324 1207 1534 1258; x_wconf 89' lang='lat' dir='ltr'>tempore,</span> <span class='ocrx_word' id='word_1_145' title='bbox 1579 1218 1660 1257; x_wconf 94' lang='lat' dir='ltr'>quo</span> <span class='ocrx_word' id='word_1_146' title='bbox 1694 1204 1836 1245; x_wconf 87' lang='lat' dir='ltr'>feruet</span> 
     </span>
     <span class='ocr_line' id='line_1_17' title="bbox 64 1269 1835 1325; baseline -0.001 -13"><span class='ocrx_word' id='word_1_147' title='bbox 64 1271 272 1320; x_wconf 53' lang='lat' dir='ltr'>canicula,</span> <span class='ocrx_word' id='word_1_148' title='bbox 313 1269 705 1325; x_wconf 84' lang='lat' dir='ltr'>peregrinantibus.</span> <span class='ocrx_word' id='word_1_149' title='bbox 771 1269 991 1311; x_wconf 89' lang='lat' dir='ltr'>Austriaci</span> <span class='ocrx_word' id='word_1_150' title='bbox 1033 1269 1265 1319; x_wconf 90' lang='lat' dir='ltr'>confidunt,</span> <span class='ocrx_word' id='word_1_151' title='bbox 1309 1269 1344 1311; x_wconf 90' lang='lat' dir='ltr'>si</span> <span class='ocrx_word' id='word_1_152' title='bbox 1388 1269 1494 1311; x_wconf 90' lang='lat' dir='ltr'>duce</span> <span class='ocrx_word' id='word_1_153' title='bbox 1527 1269 1695 1311; x_wconf 86' lang='lat' dir='ltr'>Christo</span> <span class='ocrx_word' id='word_1_154' title='bbox 1734 1272 1835 1311; x_wconf 85' lang='lat' dir='ltr'>ante</span> 
     </span>
     <span class='ocr_line' id='line_1_18' title="bbox 63 1334 1834 1390; baseline -0.002 -12"><span class='ocrx_word' id='word_1_155' title='bbox 63 1336 223 1379; x_wconf 89' lang='lat' dir='ltr'>festum</span> <span class='ocrx_word' id='word_1_156' title='bbox 265 1338 516 1390; x_wconf 79' lang='lat' dir='ltr'>assumptae</span> <span class='ocrx_word' id='word_1_157' title='bbox 547 1335 772 1388; x_wconf 80' lang='lat' dir='ltr'>Virginis6</span> <span class='ocrx_word' id='word_1_158' title='bbox 814 1335 1026 1376; x_wconf 84' lang='lat' dir='ltr'>Viennam</span> <span class='ocrx_word' id='word_1_159' title='bbox 1069 1349 1163 1376; x_wconf 87' lang='lat' dir='ltr'>esse</span> <span class='ocrx_word' id='word_1_160' title='bbox 1204 1338 1504 1389; x_wconf 79' lang='lat' dir='ltr'>peruentums,</span> <span class='ocrx_word' id='word_1_161' title='bbox 1546 1334 1647 1376; x_wconf 88' lang='lat' dir='ltr'>illuc</span> <span class='ocrx_word' id='word_1_162' title='bbox 1689 1337 1834 1376; x_wconf 87' lang='lat' dir='ltr'>autem</span> 
     </span>
     <span class='ocr_line' id='line_1_19' title="bbox 63 1399 1835 1455; baseline -0.002 -12"><span class='ocrx_word' id='word_1_163' title='bbox 63 1400 237 1455; x_wconf 88' lang='lat' dir='ltr'>nauigio</span> <span class='ocrx_word' id='word_1_164' title='bbox 260 1401 402 1443; x_wconf 81' lang='lat' dir='ltr'>Halae</span> <span class='ocrx_word' id='word_1_165' title='bbox 436 1404 658 1455; x_wconf 89' lang='lat' dir='ltr'>assumpto</span> <span class='ocrx_word' id='word_1_166' title='bbox 691 1403 941 1455; x_wconf 89' lang='lat' dir='ltr'>properant.</span> <span class='ocrx_word' id='word_1_167' title='bbox 988 1400 1108 1442; x_wconf 85' lang='lat' dir='ltr'>Haec</span> <span class='ocrx_word' id='word_1_168' title='bbox 1140 1400 1332 1442; x_wconf 86' lang='lat' dir='ltr'>breuiter</span> <span class='ocrx_word' id='word_1_169' title='bbox 1360 1399 1514 1449; x_wconf 90' lang='lat' dir='ltr'>indico,</span> <span class='ocrx_word' id='word_1_170' title='bbox 1550 1402 1597 1442; x_wconf 90' lang='lat' dir='ltr'>ut</span> <span class='ocrx_word' id='word_1_171' title='bbox 1620 1399 1835 1441; x_wconf 88' lang='lat' dir='ltr'>uoluntati</span> 
     </span>
     <span class='ocr_line' id='line_1_20' title="bbox 63 1464 1835 1520; baseline -0.002 -12"><span class='ocrx_word' id='word_1_172' title='bbox 63 1467 288 1520; x_wconf 90' lang='lat' dir='ltr'>utriusque</span> <span class='ocrx_word' id='word_1_173' title='bbox 318 1466 422 1508; x_wconf 86' lang='lat' dir='ltr'>dicti</span> <span class='ocrx_word' id='word_1_174' title='bbox 446 1465 723 1508; x_wconf 87' lang='lat' dir='ltr'>Prouintialis</span> <span class='ocrx_word' id='word_1_175' title='bbox 745 1465 1029 1514; x_wconf 82' lang='lat' dir='ltr'>satisfaciam,</span> <span class='ocrx_word' id='word_1_176' title='bbox 1064 1465 1176 1518; x_wconf 86' lang='lat' dir='ltr'>quod</span> <span class='ocrx_word' id='word_1_177' title='bbox 1201 1466 1409 1519; x_wconf 90' lang='lat' dir='ltr'>cuperent</span> <span class='ocrx_word' id='word_1_178' title='bbox 1432 1464 1692 1506; x_wconf 76' lang='lat' dir='ltr'>paternitati</span> <span class='ocrx_word' id='word_1_179' title='bbox 1716 1464 1835 1505; x_wconf 87' lang='lat' dir='ltr'>Tuae</span> 
     </span>
     <span class='ocr_line' id='line_1_21' title="bbox 63 1529 1834 1586; baseline -0.003 -12"><span class='ocrx_word' id='word_1_180' title='bbox 63 1532 271 1586; x_wconf 82' lang='lat' dir='ltr'>perscribi</span> <span class='ocrx_word' id='word_1_181' title='bbox 304 1532 356 1573; x_wconf 88' lang='lat' dir='ltr'>de</span> <span class='ocrx_word' id='word_1_182' title='bbox 388 1531 509 1573; x_wconf 89' lang='lat' dir='ltr'>saluo</span> <span class='ocrx_word' id='word_1_183' title='bbox 539 1531 729 1586; x_wconf 88' lang='lat' dir='ltr'>ipsorum</span> <span class='ocrx_word' id='word_1_184' title='bbox 754 1531 944 1573; x_wconf 88' lang='lat' dir='ltr'>aduentu</span> <span class='ocrx_word' id='word_1_185' title='bbox 967 1534 1099 1583; x_wconf 89' lang='lat' dir='ltr'>atque</span> <span class='ocrx_word' id='word_1_186' title='bbox 1123 1530 1327 1573; x_wconf 84' lang='lat' dir='ltr'>discessu.</span> <span class='ocrx_word' id='word_1_187' title='bbox 1374 1529 1655 1572; x_wconf 85' lang='lat' dir='ltr'>Prouintialis</span> <span class='ocrx_word' id='word_1_188' title='bbox 1689 1532 1834 1571; x_wconf 87' lang='lat' dir='ltr'>autem</span> 
     </span>
     <span class='ocr_line' id='line_1_22' title="bbox 64 1594 1835 1651; baseline -0.002 -12"><span class='ocrx_word' id='word_1_189' title='bbox 64 1599 212 1640; x_wconf 87' lang='lat' dir='ltr'>noster</span> <span class='ocrx_word' id='word_1_190' title='bbox 243 1596 487 1651; x_wconf 82' lang='lat' dir='ltr'>Augustam</span> <span class='ocrx_word' id='word_1_191' title='bbox 531 1600 576 1639; x_wconf 92' lang='lat' dir='ltr'>et</span> <span class='ocrx_word' id='word_1_192' title='bbox 608 1597 839 1638; x_wconf 87' lang='lat' dir='ltr'>Bauariam</span> <span class='ocrx_word' id='word_1_193' title='bbox 873 1596 1013 1651; x_wconf 88' lang='lat' dir='ltr'>petijt,</span> <span class='ocrx_word' id='word_1_194' title='bbox 1053 1596 1128 1637; x_wconf 89' lang='lat' dir='ltr'>sed</span> <span class='ocrx_word' id='word_1_195' title='bbox 1172 1595 1243 1649; x_wconf 90' lang='lat' dir='ltr'>qui</span> <span class='ocrx_word' id='word_1_196' title='bbox 1275 1598 1425 1649; x_wconf 81' lang='lat' dir='ltr'>sperat</span> <span class='ocrx_word' id='word_1_197' title='bbox 1456 1594 1654 1647; x_wconf 87' lang='lat' dir='ltr'>sequenti</span> <span class='ocrx_word' id='word_1_198' title='bbox 1688 1608 1835 1636; x_wconf 81' lang='lat' dir='ltr'>mense</span> 
     </span>
     <span class='ocr_line' id='line_1_23' title="bbox 65 1661 1176 1716; baseline -0.001 -11"><span class='ocrx_word' id='word_1_199' title='bbox 65 1676 112 1705; x_wconf 89' lang='lat' dir='ltr'>se</span> <span class='ocrx_word' id='word_1_200' title='bbox 144 1662 267 1705; x_wconf 90' lang='lat' dir='ltr'>nobis</span> <span class='ocrx_word' id='word_1_201' title='bbox 299 1662 456 1704; x_wconf 89' lang='lat' dir='ltr'>iterum</span> <span class='ocrx_word' id='word_1_202' title='bbox 489 1661 739 1704; x_wconf 87' lang='lat' dir='ltr'>adfuturum</span> <span class='ocrx_word' id='word_1_203' title='bbox 772 1661 960 1716; x_wconf 89' lang='lat' dir='ltr'>propitio</span> <span class='ocrx_word' id='word_1_204' title='bbox 993 1661 1176 1704; x_wconf 87' lang='lat' dir='ltr'>Christo.</span> 
     </span>
    </p>

    <p class='ocr_par' dir='ltr' id='par_1_5' title="bbox 63 1725 1837 2306">
     <span class='ocr_line' id='line_1_24' title="bbox 183 1725 1836 1781; baseline -0.002 -11"><span class='ocrx_word' id='word_1_205' title='bbox 183 1728 393 1770; x_wconf 89' lang='lat' dir='ltr'>Maiorem</span> <span class='ocrx_word' id='word_1_206' title='bbox 425 1727 468 1768; x_wconf 89' lang='lat' dir='ltr'>in</span> <span class='ocrx_word' id='word_1_207' title='bbox 491 1727 691 1769; x_wconf 89' lang='lat' dir='ltr'>modumb</span> <span class='ocrx_word' id='word_1_208' title='bbox 724 1730 938 1781; x_wconf 90' lang='lat' dir='ltr'>optamus,</span> <span class='ocrx_word' id='word_1_209' title='bbox 972 1726 1111 1781; x_wconf 89' lang='lat' dir='ltr'>primo</span> <span class='ocrx_word' id='word_1_210' title='bbox 1135 1740 1304 1779; x_wconf 88' lang='lat' dir='ltr'>quoque</span> <span class='ocrx_word' id='word_1_211' title='bbox 1326 1729 1523 1780; x_wconf 89' lang='lat' dir='ltr'>tempore</span> <span class='ocrx_word' id='word_1_212' title='bbox 1545 1726 1598 1767; x_wconf 89' lang='lat' dir='ltr'>ad</span> <span class='ocrx_word' id='word_1_213' title='bbox 1623 1739 1700 1767; x_wconf 86' lang='lat' dir='ltr'>nos</span> <span class='ocrx_word' id='word_1_214' title='bbox 1723 1725 1836 1767; x_wconf 87' lang='lat' dir='ltr'>mitti</span> 
     </span>
     <span class='ocr_line' id='line_1_25' title="bbox 63 1791 1836 1848; baseline -0.002 -13"><span class='ocrx_word' id='word_1_215' title='bbox 63 1793 293 1848; x_wconf 81' lang='lat' dir='ltr'>scriptamc</span> <span class='ocrx_word' id='word_1_216' title='bbox 334 1793 626 1836; x_wconf 88' lang='lat' dir='ltr'>definitionem</span> <span class='ocrx_word' id='word_1_217' title='bbox 669 1793 1001 1846; x_wconf 87' lang='lat' dir='ltr'>Theologorum,</span> <span class='ocrx_word' id='word_1_218' title='bbox 1045 1792 1117 1845; x_wconf 90' lang='lat' dir='ltr'>qui</span> <span class='ocrx_word' id='word_1_219' title='bbox 1159 1792 1211 1833; x_wconf 90' lang='lat' dir='ltr'>de</span> <span class='ocrx_word' id='word_1_220' title='bbox 1256 1793 1483 1833; x_wconf 88' lang='lat' dir='ltr'>contractu</span> <span class='ocrx_word' id='word_1_221' title='bbox 1528 1791 1714 1844; x_wconf 86' lang='lat' dir='ltr'>quinque</span> <span class='ocrx_word' id='word_1_222' title='bbox 1759 1805 1836 1844; x_wconf 86' lang='lat' dir='ltr'>pro</span> 
     </span>
     <span class='ocr_line' id='line_1_26' title="bbox 64 1856 1836 1912; baseline -0.003 -11"><span class='ocrx_word' id='word_1_223' title='bbox 64 1861 236 1901; x_wconf 90' lang='lat' dir='ltr'>centum</span> <span class='ocrx_word' id='word_1_224' title='bbox 258 1858 428 1901; x_wconf 90' lang='lat' dir='ltr'>ratione</span> <span class='ocrx_word' id='word_1_225' title='bbox 450 1858 587 1900; x_wconf 91' lang='lat' dir='ltr'>mutui</span> <span class='ocrx_word' id='word_1_226' title='bbox 610 1858 912 1912; x_wconf 88' lang='lat' dir='ltr'>accipientium</span> <span class='ocrx_word' id='word_1_227' title='bbox 937 1858 1215 1912; x_wconf 86' lang='lat' dir='ltr'>disputarunt</span> <span class='ocrx_word' id='word_1_228' title='bbox 1228 1857 1255 1900; x_wconf 80' lang='lat'>⁷.</span> <span class='ocrx_word' id='word_1_229' title='bbox 1290 1856 1506 1904; x_wconf 85' lang='lat' dir='ltr'>Videntur</span> <span class='ocrx_word' id='word_1_230' title='bbox 1528 1856 1639 1898; x_wconf 90' lang='lat' dir='ltr'>enim</span> <span class='ocrx_word' id='word_1_231' title='bbox 1664 1856 1836 1909; x_wconf 88' lang='lat' dir='ltr'>quidam</span> 
     </span>
     <span class='ocr_line' id='line_1_27' title="bbox 63 1921 1836 1978; baseline -0.002 -12"><span class='ocrx_word' id='word_1_232' title='bbox 63 1924 107 1966; x_wconf 91' lang='lat' dir='ltr'>in</span> <span class='ocrx_word' id='word_1_233' title='bbox 146 1924 228 1966; x_wconf 86' lang='lat' dir='ltr'>hac</span> <span class='ocrx_word' id='word_1_234' title='bbox 268 1926 395 1978; x_wconf 88' lang='lat' dir='ltr'>parte</span> <span class='ocrx_word' id='word_1_235' title='bbox 426 1937 577 1965; x_wconf 87' lang='lat' dir='ltr'>rursus</span> <span class='ocrx_word' id='word_1_236' title='bbox 617 1923 914 1977; x_wconf 89' lang='lat' dir='ltr'>tergiuersari,</span> <span class='ocrx_word' id='word_1_237' title='bbox 954 1926 1003 1965; x_wconf 89' lang='lat' dir='ltr'>ut</span> <span class='ocrx_word' id='word_1_238' title='bbox 1034 1922 1253 1964; x_wconf 88' lang='lat' dir='ltr'>sordidum</span> <span class='ocrx_word' id='word_1_239' title='bbox 1294 1922 1399 1964; x_wconf 90' lang='lat' dir='ltr'>illud</span> <span class='ocrx_word' id='word_1_240' title='bbox 1440 1922 1604 1963; x_wconf 88' lang='lat' dir='ltr'>lucrum</span> <span class='ocrx_word' id='word_1_241' title='bbox 1640 1924 1684 1963; x_wconf 88' lang='lat' dir='ltr'>et</span> <span class='ocrx_word' id='word_1_242' title='bbox 1717 1921 1836 1962; x_wconf 86' lang='lat' dir='ltr'>dam-</span> 
     </span>
     <span class='ocr_line' id='line_1_28' title="bbox 65 1986 1836 2042; baseline -0.003 -10"><span class='ocrx_word' id='word_1_243' title='bbox 65 1992 216 2032; x_wconf 88' lang='lat' dir='ltr'>natum</span> <span class='ocrx_word' id='word_1_244' title='bbox 249 1992 522 2032; x_wconf 79' lang='lat' dir='ltr'>contractum</span> <span class='ocrx_word' id='word_1_245' title='bbox 546 1991 767 2032; x_wconf 82' lang='lat' dir='ltr'>excusent.</span> <span class='ocrx_word' id='word_1_246' title='bbox 814 1988 1068 2042; x_wconf 88' lang='lat' dir='ltr'>Imponatur</span> <span class='ocrx_word' id='word_1_247' title='bbox 1100 2001 1261 2041; x_wconf 90' lang='lat' dir='ltr'>quaeso</span> <span class='ocrx_word' id='word_1_248' title='bbox 1294 1987 1511 2029; x_wconf 87' lang='lat' dir='ltr'>silentium</span> <span class='ocrx_word' id='word_1_249' title='bbox 1544 1986 1643 2028; x_wconf 90' lang='lat' dir='ltr'>huic</span> <span class='ocrx_word' id='word_1_250' title='bbox 1667 1989 1836 2028; x_wconf 88' lang='lat' dir='ltr'>contro-</span> 
     </span>
     <span class='ocr_line' id='line_1_29' title="bbox 64 2051 1837 2109; baseline -0.002 -13"><span class='ocrx_word' id='word_1_251' title='bbox 64 2054 246 2106; x_wconf 89' lang='lat' dir='ltr'>uersiae,</span> <span class='ocrx_word' id='word_1_252' title='bbox 272 2068 383 2107; x_wconf 88' lang='lat' dir='ltr'>quae</span> <span class='ocrx_word' id='word_1_253' title='bbox 406 2054 502 2109; x_wconf 90' lang='lat' dir='ltr'>plus</span> <span class='ocrx_word' id='word_1_254' title='bbox 518 2054 626 2096; x_wconf 89' lang='lat' dir='ltr'>satis</span> <span class='ocrx_word' id='word_1_255' title='bbox 645 2056 838 2096; x_wconf 88' lang='lat' dir='ltr'>nostram</span> <span class='ocrx_word' id='word_1_256' title='bbox 855 2054 1051 2096; x_wconf 84' lang='lat' dir='ltr'>exercuit</span> <span class='ocrx_word' id='word_1_257' title='bbox 1064 2053 1341 2107; x_wconf 87' lang='lat' dir='ltr'>prouintiam,</span> <span class='ocrx_word' id='word_1_258' title='bbox 1366 2066 1444 2094; x_wconf 88' lang='lat' dir='ltr'>nec</span> <span class='ocrx_word' id='word_1_259' title='bbox 1467 2051 1670 2105; x_wconf 83' lang='lat' dir='ltr'>exiguum</span> <span class='ocrx_word' id='word_1_260' title='bbox 1694 2051 1837 2093; x_wconf 87' lang='lat' dir='ltr'>adfert</span> 
     </span>
     <span class='ocr_line' id='line_1_30' title="bbox 64 2117 1835 2175; baseline -0.002 -13"><span class='ocrx_word' id='word_1_261' title='bbox 64 2120 302 2175; x_wconf 90' lang='lat' dir='ltr'>periculum</span> <span class='ocrx_word' id='word_1_262' title='bbox 345 2119 635 2174; x_wconf 88' lang='lat' dir='ltr'>conscientijs‚</span> <span class='ocrx_word' id='word_1_263' title='bbox 679 2119 761 2161; x_wconf 87' lang='lat' dir='ltr'>nisi</span> <span class='ocrx_word' id='word_1_264' title='bbox 793 2119 901 2162; x_wconf 88' lang='lat' dir='ltr'>certi</span> <span class='ocrx_word' id='word_1_265' title='bbox 943 2119 1104 2172; x_wconf 86' lang='lat' dir='ltr'>aliquid</span> <span class='ocrx_word' id='word_1_266' title='bbox 1139 2120 1183 2160; x_wconf 91' lang='lat' dir='ltr'>et</span> <span class='ocrx_word' id='word_1_267' title='bbox 1215 2120 1451 2167; x_wconf 88' lang='lat' dir='ltr'>statuatur,</span> <span class='ocrx_word' id='word_1_268' title='bbox 1491 2120 1535 2160; x_wconf 89' lang='lat' dir='ltr'>et</span> <span class='ocrx_word' id='word_1_269' title='bbox 1568 2117 1835 2159; x_wconf 89' lang='lat' dir='ltr'>obseruetur.</span> 
     </span>
     <span class='ocr_line' id='line_1_31' title="bbox 65 2181 1835 2240; baseline -0.003 -12"><span class='ocrx_word' id='word_1_270' title='bbox 65 2185 207 2235; x_wconf 86' lang='lat' dir='ltr'>Quare</span> <span class='ocrx_word' id='word_1_271' title='bbox 249 2199 544 2240; x_wconf 88' lang='lat' dir='ltr'>percuperem,</span> <span class='ocrx_word' id='word_1_272' title='bbox 590 2186 670 2227; x_wconf 92' lang='lat' dir='ltr'>hoc</span> <span class='ocrx_word' id='word_1_273' title='bbox 712 2184 934 2238; x_wconf 90' lang='lat' dir='ltr'>negotium</span> <span class='ocrx_word' id='word_1_274' title='bbox 968 2184 1013 2227; x_wconf 89' lang='lat' dir='ltr'>P.</span> <span class='ocrx_word' id='word_1_275' title='bbox 1038 2183 1093 2226; x_wconf 90' lang='lat' dir='ltr'>N.</span> <span class='ocrx_word' id='word_1_276' title='bbox 1118 2183 1374 2226; x_wconf 84' lang='lat' dir='ltr'>Prouintiali</span> <span class='ocrx_word' id='word_1_277' title='bbox 1416 2182 1528 2224; x_wconf 87' lang='lat' dir='ltr'>serio</span> <span class='ocrx_word' id='word_1_278' title='bbox 1571 2181 1835 2231; x_wconf 86' lang='lat' dir='ltr'>demandari,</span> 
     </span>
     <span class='ocr_line' id='line_1_32' title="bbox 66 2248 1483 2306; baseline -0.001 -13"><span class='ocrx_word' id='word_1_279' title='bbox 66 2265 120 2293; x_wconf 91' lang='lat' dir='ltr'>ne</span> <span class='ocrx_word' id='word_1_280' title='bbox 151 2254 340 2306; x_wconf 85' lang='lat' dir='ltr'>pergant</span> <span class='ocrx_word' id='word_1_281' title='bbox 372 2250 507 2292; x_wconf 87' lang='lat' dir='ltr'>nostri</span> <span class='ocrx_word' id='word_1_282' title='bbox 541 2250 585 2292; x_wconf 90' lang='lat' dir='ltr'>in</span> <span class='ocrx_word' id='word_1_283' title='bbox 618 2250 781 2300; x_wconf 88' lang='lat' dir='ltr'>eodem,</span> <span class='ocrx_word' id='word_1_284' title='bbox 816 2253 865 2292; x_wconf 90' lang='lat' dir='ltr'>ut</span> <span class='ocrx_word' id='word_1_285' title='bbox 896 2250 958 2292; x_wconf 93' lang='lat' dir='ltr'>sic</span> <span class='ocrx_word' id='word_1_286' title='bbox 991 2249 1145 2300; x_wconf 87' lang='lat' dir='ltr'>dicam,</span> <span class='ocrx_word' id='word_1_287' title='bbox 1180 2250 1270 2291; x_wconf 93' lang='lat' dir='ltr'>luto</span> <span class='ocrx_word' id='word_1_288' title='bbox 1303 2248 1483 2291; x_wconf 88' lang='lat' dir='ltr'>uersari.</span> 
     </span>
    </p>

    <p class='ocr_par' dir='ltr' id='par_1_6' title="bbox 67 2314 1839 2562">
     <span class='ocr_line' id='line_1_33' title="bbox 184 2314 1838 2369; baseline -0.002 -11"><span class='ocrx_word' id='word_1_289' title='bbox 184 2316 283 2359; x_wconf 85' lang='lat' dir='ltr'>Non</span> <span class='ocrx_word' id='word_1_290' title='bbox 307 2319 408 2369; x_wconf 87' lang='lat' dir='ltr'>eget</span> <span class='ocrx_word' id='word_1_291' title='bbox 440 2316 486 2358; x_wconf 93' lang='lat' dir='ltr'>P.</span> <span class='ocrx_word' id='word_1_292' title='bbox 511 2316 586 2358; x_wconf 84' lang='lat' dir='ltr'>T.d</span> <span class='ocrx_word' id='word_1_293' title='bbox 618 2329 686 2358; x_wconf 89' lang='lat' dir='ltr'>me</span> <span class='ocrx_word' id='word_1_294' title='bbox 710 2315 881 2368; x_wconf 90' lang='lat' dir='ltr'>quidem</span> <span class='ocrx_word' id='word_1_295' title='bbox 905 2315 1140 2357; x_wconf 89' lang='lat' dir='ltr'>monitore:</span> <span class='ocrx_word' id='word_1_296' title='bbox 1174 2314 1250 2357; x_wconf 91' lang='lat' dir='ltr'>sed</span> <span class='ocrx_word' id='word_1_297' title='bbox 1273 2314 1403 2356; x_wconf 89' lang='lat' dir='ltr'>liceat</span> <span class='ocrx_word' id='word_1_298' title='bbox 1432 2316 1578 2356; x_wconf 89' lang='lat' dir='ltr'>tamen</span> <span class='ocrx_word' id='word_1_299' title='bbox 1602 2326 1838 2366; x_wconf 88' lang='lat' dir='ltr'>suggerere</span> 
     </span>
     <span class='ocr_line' id='line_1_34' title="bbox 67 2378 1838 2436; baseline -0.003 -12"><span class='ocrx_word' id='word_1_300' title='bbox 67 2381 179 2434; x_wconf 89' lang='lat' dir='ltr'>quod</span> <span class='ocrx_word' id='word_1_301' title='bbox 212 2395 342 2436; x_wconf 89' lang='lat' dir='ltr'>saepe</span> <span class='ocrx_word' id='word_1_302' title='bbox 383 2381 504 2424; x_wconf 88' lang='lat' dir='ltr'>uenit</span> <span class='ocrx_word' id='word_1_303' title='bbox 535 2381 579 2423; x_wconf 89' lang='lat' dir='ltr'>in</span> <span class='ocrx_word' id='word_1_304' title='bbox 611 2383 814 2431; x_wconf 85' lang='lat' dir='ltr'>mentem,</span> <span class='ocrx_word' id='word_1_305' title='bbox 859 2394 914 2422; x_wconf 90' lang='lat' dir='ltr'>an</span> <span class='ocrx_word' id='word_1_306' title='bbox 947 2380 1152 2434; x_wconf 82' lang='lat' dir='ltr'>expediat</span> <span class='ocrx_word' id='word_1_307' title='bbox 1184 2379 1372 2421; x_wconf 84' lang='lat' dir='ltr'>fortasse</span> <span class='ocrx_word' id='word_1_308' title='bbox 1416 2378 1530 2420; x_wconf 88' lang='lat' dir='ltr'>mitti</span> <span class='ocrx_word' id='word_1_309' title='bbox 1564 2378 1618 2420; x_wconf 89' lang='lat' dir='ltr'>ad</span> <span class='ocrx_word' id='word_1_310' title='bbox 1650 2392 1729 2420; x_wconf 92' lang='lat' dir='ltr'>nos</span> <span class='ocrx_word' id='word_1_311' title='bbox 1761 2392 1838 2432; x_wconf 87' lang='lat' dir='ltr'>pro</span> 
     </span>
     <span class='ocr_line' id='line_1_35' title="bbox 68 2443 1839 2500; baseline -0.001 -13"><span class='ocrx_word' id='word_1_312' title='bbox 68 2446 306 2490; x_wconf 87' lang='lat' dir='ltr'>Visitatore</span> <span class='ocrx_word' id='word_1_313' title='bbox 329 2446 530 2500; x_wconf 86' lang='lat' dir='ltr'>aliquem,</span> <span class='ocrx_word' id='word_1_314' title='bbox 566 2447 719 2500; x_wconf 88' lang='lat' dir='ltr'>utpote</span> <span class='ocrx_word' id='word_1_315' title='bbox 752 2446 799 2489; x_wconf 89' lang='lat' dir='ltr'>P.</span> <span class='ocrx_word' id='word_1_316' title='bbox 818 2445 1038 2496; x_wconf 87' lang='lat' dir='ltr'>Natalem,</span> <span class='ocrx_word' id='word_1_317' title='bbox 1073 2447 1150 2487; x_wconf 89' lang='lat' dir='ltr'>aut</span> <span class='ocrx_word' id='word_1_318' title='bbox 1182 2445 1313 2487; x_wconf 88' lang='lat' dir='ltr'>alium</span> <span class='ocrx_word' id='word_1_319' title='bbox 1348 2458 1401 2485; x_wconf 85' lang='lat' dir='ltr'>ex</span> <span class='ocrx_word' id='word_1_320' title='bbox 1426 2443 1641 2486; x_wconf 79' lang='lat' dir='ltr'>Patribus,</span> <span class='ocrx_word' id='word_1_321' title='bbox 1686 2443 1839 2485; x_wconf 88' lang='lat' dir='ltr'>Posset</span> 
     </span>
     <span class='ocr_line' id='line_1_36' title="bbox 67 2510 1300 2562; baseline -0.001 -9"><span class='ocrx_word' id='word_1_322' title='bbox 67 2512 104 2554; x_wconf 92' lang='lat' dir='ltr'>is</span> <span class='ocrx_word' id='word_1_323' title='bbox 135 2512 250 2555; x_wconf 84' lang='lat' dir='ltr'>mitti</span> <span class='ocrx_word' id='word_1_324' title='bbox 284 2526 380 2554; x_wconf 87' lang='lat' dir='ltr'>curn</span> <span class='ocrx_word' id='word_1_325' title='bbox 415 2511 460 2554; x_wconf 88' lang='lat' dir='ltr'>P.</span> <span class='ocrx_word' id='word_1_326' title='bbox 483 2511 696 2553; x_wconf 90' lang='lat' dir='ltr'>Balduino</span> <span class='ocrx_word' id='word_1_327' title='bbox 712 2512 742 2562; x_wconf 75' lang='grc'>8,</span> <span class='ocrx_word' id='word_1_328' title='bbox 776 2510 812 2553; x_wconf 88' lang='lat' dir='ltr'>si</span> <span class='ocrx_word' id='word_1_329' title='bbox 845 2511 983 2553; x_wconf 91' lang='lat' dir='ltr'>uisum</span> <span class='ocrx_word' id='word_1_330' title='bbox 1018 2510 1150 2553; x_wconf 88' lang='lat' dir='ltr'>fuerit</span> <span class='ocrx_word' id='word_1_331' title='bbox 1182 2510 1230 2553; x_wconf 89' lang='lat' dir='ltr'>T.</span> <span class='ocrx_word' id='word_1_332' title='bbox 1256 2511 1300 2552; x_wconf 89' lang='lat' dir='ltr'>P.</span> 
     </span>
    </p>
   </div>
   <div class='ocr_carea' id='block_1_5' title="bbox 69 2601 1839 2720">
    <p class='ocr_par' dir='ltr' id='par_1_7' title="bbox 69 2601 1839 2720">
     <span class='ocr_line' id='line_1_37' title="bbox 188 2601 1839 2636; baseline -0.002 -8"><span class='ocrx_word' id='word_1_333' title='bbox 188 2606 215 2630; x_wconf 64' lang='lat' dir='ltr'>a)</span> <span class='ocrx_word' id='word_1_334' title='bbox 237 2605 377 2636; x_wconf 68' lang='lat' dir='ltr'>Sequitur</span> <span class='ocrx_word' id='word_1_335' title='bbox 397 2603 459 2636; x_wconf 84' lang='lat' dir='ltr'>qui,</span> <span class='ocrx_word' id='word_1_336' title='bbox 478 2612 505 2628; x_wconf 82' lang='lat' dir='ltr'>a.</span> <span class='ocrx_word' id='word_1_337' title='bbox 527 2606 555 2629; x_wconf 83' lang='lat' dir='ltr'>C.</span> <span class='ocrx_word' id='word_1_338' title='bbox 577 2605 666 2629; x_wconf 77' lang='lat' dir='ltr'>oblitt.</span> <span class='ocrx_word' id='word_1_339' title='bbox 753 2603 782 2630; x_wconf 69' lang='lat' dir='ltr'>b)</span> <span class='ocrx_word' id='word_1_340' title='bbox 806 2605 837 2628; x_wconf 83' lang='lat' dir='ltr'>In</span> <span class='ocrx_word' id='word_1_341' title='bbox 859 2607 972 2635; x_wconf 67' lang='grc' dir='ltr'>(ιιιίομν.</span> <span class='ocrx_word' id='word_1_342' title='bbox 993 2605 1008 2627; x_wconf 69' lang='lat'>-1</span> <span class='ocrx_word' id='word_1_343' title='bbox 1031 2611 1145 2634; x_wconf 53' lang='lat' dir='ltr'>cius-1111.</span> <span class='ocrx_word' id='word_1_344' title='bbox 1166 2603 1243 2626; x_wconf 72' lang='lat' dir='ltr'>linea</span> <span class='ocrx_word' id='word_1_345' title='bbox 1265 2601 1404 2625; x_wconf 64' lang='lat' dir='ltr'>subducta</span> <span class='ocrx_word' id='word_1_346' title='bbox 1426 2602 1556 2631; x_wconf 73' lang='lat' dir='ltr'>(Romae,</span> <span class='ocrx_word' id='word_1_347' title='bbox 1574 2604 1655 2632; x_wconf 67' lang='lat' dir='ltr'>puto,</span> <span class='ocrx_word' id='word_1_348' title='bbox 1672 2608 1728 2632; x_wconf 72' lang='lat' dir='ltr'>per</span> <span class='ocrx_word' id='word_1_349' title='bbox 1749 2601 1839 2625; x_wconf 55' lang='lat' dir='ltr'>Son-&#39;e-</span> 
     </span>
     <span class='ocr_line' id='line_1_38' title="bbox 69 2641 1839 2677; baseline -0.003 -7"><span class='ocrx_word' id='word_1_350' title='bbox 69 2646 138 2670; x_wconf 69' lang='lat' dir='ltr'>tatis</span> <span class='ocrx_word' id='word_1_351' title='bbox 158 2647 361 2676; x_wconf 76' lang='lat' dir='ltr'>secretarium)</span> <span class='ocrx_word' id='word_1_352' title='bbox 381 2649 448 2671; x_wconf 77' lang='lat' dir='ltr'>sunt</span> <span class='ocrx_word' id='word_1_353' title='bbox 470 2649 577 2670; x_wconf 79' lang='lat' dir='ltr'>notata.</span> <span class='ocrx_word' id='word_1_354' title='bbox 670 2646 695 2675; x_wconf 86' lang='lat' dir='ltr'>c)</span> <span class='ocrx_word' id='word_1_355' title='bbox 720 2646 850 2677; x_wconf 44' lang='lat' dir='ltr'>(qumque</span> <span class='ocrx_word' id='word_1_356' title='bbox 873 2653 913 2670; x_wconf 71' lang='lat' dir='ltr'>rr.</span> <span class='ocrx_word' id='word_1_357' title='bbox 928 2654 987 2676; x_wconf 73' lang='lat' dir='ltr'>sqq.</span> <span class='ocrx_word' id='word_1_358' title='bbox 1002 2645 1079 2669; x_wconf 77' lang='lat' dir='ltr'>linea</span> <span class='ocrx_word' id='word_1_359' title='bbox 1102 2647 1199 2668; x_wconf 74' lang='lat' dir='ltr'>nolam</span> <span class='ocrx_word' id='word_1_360' title='bbox 1220 2646 1298 2672; x_wconf 69' lang='lat' dir='ltr'>sunt,</span> <span class='ocrx_word' id='word_1_361' title='bbox 1320 2646 1348 2667; x_wconf 78' lang='lat' dir='ltr'>nt</span> <span class='ocrx_word' id='word_1_362' title='bbox 1369 2650 1471 2673; x_wconf 66' lang='lat' dir='ltr'>supra.</span> <span class='ocrx_word' id='word_1_363' title='bbox 1491 2643 1588 2667; x_wconf 69' lang='lat' dir='ltr'>adnot.</span> <span class='ocrx_word' id='word_1_364' title='bbox 1610 2643 1633 2666; x_wconf 78' lang='lat' dir='ltr'>h.</span> <span class='ocrx_word' id='word_1_365' title='bbox 1708 2641 1738 2671; x_wconf 84' lang='lat' dir='ltr'>d)</span> <span class='ocrx_word' id='word_1_366' title='bbox 1763 2644 1839 2672; x_wconf 63' lang='lat' dir='ltr'>(timu</span> 
     </span>
     <span class='ocr_line' id='line_1_39' title="bbox 71 2686 1267 2720; baseline -0.003 -9"><span class='ocrx_word' id='word_1_367' title='bbox 71 2690 242 2719; x_wconf 70' lang='lat' dir='ltr'>sequuntur,</span> <span class='ocrx_word' id='word_1_368' title='bbox 264 2695 351 2718; x_wconf 65' lang='lat' dir='ltr'>usque</span> <span class='ocrx_word' id='word_1_369' title='bbox 372 2688 410 2711; x_wconf 79' lang='lat' dir='ltr'>(nl</span> <span class='ocrx_word' id='word_1_370' title='bbox 431 2693 485 2720; x_wconf 86' lang='lat' dir='ltr'>pro</span> <span class='ocrx_word' id='word_1_371' title='bbox 509 2686 675 2712; x_wconf 84' lang='lat' dir='ltr'>visitatore</span> <span class='ocrx_word' id='word_1_372' title='bbox 696 2688 778 2717; x_wconf 61' lang='lat' dir='ltr'>estol„</span> <span class='ocrx_word' id='word_1_373' title='bbox 798 2688 876 2711; x_wconf 76' lang='lat' dir='ltr'>linea</span> <span class='ocrx_word' id='word_1_374' title='bbox 898 2690 996 2711; x_wconf 71' lang='lat' dir='ltr'>notata</span> <span class='ocrx_word' id='word_1_375' title='bbox 1017 2689 1094 2715; x_wconf 64' lang='lat' dir='ltr'>sunt,</span> <span class='ocrx_word' id='word_1_376' title='bbox 1116 2689 1144 2710; x_wconf 73' lang='lat' dir='ltr'>tet</span> <span class='ocrx_word' id='word_1_377' title='bbox 1165 2693 1267 2715; x_wconf 73' lang='lat' dir='ltr'>supra.</span> 
     </span>
    </p>
   </div>
   <div class='ocr_carea' id='block_1_6' title="bbox 70 2789 1841 3263">
    <p class='ocr_par' dir='ltr' id='par_1_8' title="bbox 193 2789 1839 2835">
     <span class='ocr_line' id='line_1_40' title="bbox 193 2789 1839 2835; baseline -0.002 -8"><span class='ocrx_word' id='word_1_378' title='bbox 193 2793 202 2813; x_wconf 91' lang='lat'>¹</span> <span class='ocrx_word' id='word_1_379' title='bbox 228 2792 364 2827; x_wconf 82' lang='lat' dir='ltr'>Paulus</span> <span class='ocrx_word' id='word_1_380' title='bbox 378 2793 550 2827; x_wconf 83' lang='lat' dir='ltr'>Hoffaeus</span> <span class='ocrx_word' id='word_1_381' title='bbox 568 2794 604 2827; x_wconf 85' lang='lat' dir='ltr'>et</span> <span class='ocrx_word' id='word_1_382' title='bbox 622 2792 837 2826; x_wconf 88' lang='lat' dir='ltr'>Laurentius</span> <span class='ocrx_word' id='word_1_383' title='bbox 851 2791 1006 2835; x_wconf 87' lang='lat' dir='ltr'>Magius.</span> <span class='ocrx_word' id='word_1_384' title='bbox 1077 2791 1089 2810; x_wconf 81' lang='lat'><strong>²</strong></span> <span class='ocrx_word' id='word_1_385' title='bbox 1107 2791 1159 2825; x_wconf 89' lang='lat' dir='ltr'>De</span> <span class='ocrx_word' id='word_1_386' title='bbox 1173 2790 1359 2830; x_wconf 86' lang='lat' dir='ltr'>Valentia;</span> <span class='ocrx_word' id='word_1_387' title='bbox 1379 2790 1424 2824; x_wconf 85' lang='lat' dir='ltr'>cf.</span> <span class='ocrx_word' id='word_1_388' title='bbox 1442 2789 1544 2831; x_wconf 88' lang='lat' dir='ltr'>infra,</span> <span class='ocrx_word' id='word_1_389' title='bbox 1564 2801 1718 2824; x_wconf 86' lang='lat' dir='ltr'>monum.</span> <span class='ocrx_word' id='word_1_390' title='bbox 1737 2789 1839 2824; x_wconf 86' lang='lat'>1139.</span> 
     </span>
    </p>

    <p class='ocr_par' dir='ltr' id='par_1_9' title="bbox 70 2842 1840 2941">
     <span class='ocr_line' id='line_1_41' title="bbox 189 2842 1840 2880; baseline -0.002 0"><span class='ocrx_word' id='word_1_391' title='bbox 189 2847 202 2867; x_wconf 81' lang='lat'>³</span> <span class='ocrx_word' id='word_1_392' title='bbox 228 2846 380 2880; x_wconf 87' lang='lat' dir='ltr'>Iacobus</span> <span class='ocrx_word' id='word_1_393' title='bbox 406 2846 595 2880; x_wconf 85' lang='lat' dir='ltr'>Baucenus</span> <span class='ocrx_word' id='word_1_394' title='bbox 626 2846 740 2880; x_wconf 86' lang='lat' dir='ltr'>frater</span> <span class='ocrx_word' id='word_1_395' title='bbox 766 2845 881 2879; x_wconf 87' lang='lat' dir='ltr'>laicus</span> <span class='ocrx_word' id='word_1_396' title='bbox 907 2843 1065 2879; x_wconf 81' lang='lat' dir='ltr'>24.1ulii</span> <span class='ocrx_word' id='word_1_397' title='bbox 1095 2843 1185 2878; x_wconf 84' lang='lat'>1573</span> <span class='ocrx_word' id='word_1_398' title='bbox 1211 2843 1399 2878; x_wconf 77' lang='lat' dir='ltr'>Feri-ariae</span> <span class='ocrx_word' id='word_1_399' title='bbox 1427 2843 1630 2878; x_wconf 87' lang='lat' dir='ltr'>exstinctus</span> <span class='ocrx_word' id='word_1_400' title='bbox 1656 2845 1729 2878; x_wconf 88' lang='lat' dir='ltr'>est:</span> <span class='ocrx_word' id='word_1_401' title='bbox 1758 2842 1840 2876; x_wconf 74' lang='lat' dir='ltr'>vide</span> 
     </span>
     <span class='ocr_line' id='line_1_42' title="bbox 70 2896 1790 2941; baseline -0.002 -8"><span class='ocrx_word' id='word_1_402' title='bbox 70 2899 175 2941; x_wconf 84' lang='lat' dir='ltr'>infra,</span> <span class='ocrx_word' id='word_1_403' title='bbox 202 2911 356 2934; x_wconf 87' lang='lat' dir='ltr'>monum.</span> <span class='ocrx_word' id='word_1_404' title='bbox 379 2900 480 2934; x_wconf 85' lang='lat'>1139.</span> <span class='ocrx_word' id='word_1_405' title='bbox 604 2901 617 2920; x_wconf 72' lang='lat'>4</span> <span class='ocrx_word' id='word_1_406' title='bbox 644 2899 795 2933; x_wconf 87' lang='lat' dir='ltr'>Ioannes</span> <span class='ocrx_word' id='word_1_407' title='bbox 821 2898 973 2933; x_wconf 87' lang='lat' dir='ltr'>Rethius</span> <span class='ocrx_word' id='word_1_408' title='bbox 999 2900 1036 2931; x_wconf 83' lang='lat' dir='ltr'>et</span> <span class='ocrx_word' id='word_1_409' title='bbox 1062 2897 1241 2931; x_wconf 86' lang='lat' dir='ltr'>Adrianus</span> <span class='ocrx_word' id='word_1_410' title='bbox 1267 2896 1444 2938; x_wconf 84' lang='lat' dir='ltr'>Loeffius;</span> <span class='ocrx_word' id='word_1_411' title='bbox 1473 2909 1507 2931; x_wconf 93' lang='lat' dir='ltr'>v.</span> <span class='ocrx_word' id='word_1_412' title='bbox 1523 2907 1631 2941; x_wconf 84' lang='lat' dir='ltr'>supra</span> <span class='ocrx_word' id='word_1_413' title='bbox 1658 2908 1690 2941; x_wconf 92' lang='lat' dir='ltr'>p.</span> <span class='ocrx_word' id='word_1_414' title='bbox 1714 2896 1790 2930; x_wconf 78' lang='lat'>128.</span> 
     </span>
    </p>

    <p class='ocr_par' dir='ltr' id='par_1_10' title="bbox 72 2949 1841 3103">
     <span class='ocr_line' id='line_1_43' title="bbox 191 2949 1841 2997; baseline -0.002 -10"><span class='ocrx_word' id='word_1_415' title='bbox 191 2953 204 2972; x_wconf 86' lang='lat'><strong>⁵</strong></span> <span class='ocrx_word' id='word_1_416' title='bbox 230 2952 284 2986; x_wconf 89' lang='lat' dir='ltr'>Ex</span> <span class='ocrx_word' id='word_1_417' title='bbox 304 2964 345 2986; x_wconf 86' lang='lat' dir='ltr'>ea</span> <span class='ocrx_word' id='word_1_418' title='bbox 363 2952 549 2997; x_wconf 83' lang='lat' dir='ltr'>provincia</span> <span class='ocrx_word' id='word_1_419' title='bbox 574 2954 719 2997; x_wconf 86' lang='lat' dir='ltr'>praeter</span> <span class='ocrx_word' id='word_1_420' title='bbox 739 2951 954 2986; x_wconf 82' lang='lat' dir='ltr'>Balduinum</span> <span class='ocrx_word' id='word_1_421' title='bbox 974 2951 1017 2985; x_wconf 84' lang='lat' dir='ltr'>ab</span> <span class='ocrx_word' id='word_1_422' title='bbox 1037 2950 1175 2995; x_wconf 86' lang='lat' dir='ltr'>Angelo</span> <span class='ocrx_word' id='word_1_423' title='bbox 1202 2950 1459 2995; x_wconf 86' lang='lat' dir='ltr'>provincialem</span> <span class='ocrx_word' id='word_1_424' title='bbox 1478 2949 1550 2985; x_wconf 92' lang='grc' dir='ltr'>ΡΡ.</span> <span class='ocrx_word' id='word_1_425' title='bbox 1568 2949 1841 2984; x_wconf 85' lang='lat' dir='ltr'>Maximilianus</span> 
     </span>
     <span class='ocr_line' id='line_1_44' title="bbox 72 3002 1839 3051; baseline -0.003 -10"><span class='ocrx_word' id='word_1_426' title='bbox 72 3016 93 3040; x_wconf 85' lang='lat' dir='ltr'>a</span> <span class='ocrx_word' id='word_1_427' title='bbox 119 3005 266 3051; x_wconf 87' lang='lat' dir='ltr'>Capella</span> <span class='ocrx_word' id='word_1_428' title='bbox 299 3008 335 3040; x_wconf 89' lang='lat' dir='ltr'>et</span> <span class='ocrx_word' id='word_1_429' title='bbox 362 3005 590 3040; x_wconf 87' lang='lat' dir='ltr'>Eleutherius</span> <span class='ocrx_word' id='word_1_430' title='bbox 617 3005 801 3039; x_wconf 83' lang='lat' dir='ltr'>Fontanus</span> <span class='ocrx_word' id='word_1_431' title='bbox 836 3004 969 3038; x_wconf 83' lang='lat' dir='ltr'>Romae</span> <span class='ocrx_word' id='word_1_432' title='bbox 1005 3002 1275 3047; x_wconf 85' lang='lat' dir='ltr'>congregationi</span> <span class='ocrx_word' id='word_1_433' title='bbox 1310 3003 1469 3047; x_wconf 87' lang='lat' dir='ltr'>generali</span> <span class='ocrx_word' id='word_1_434' title='bbox 1506 3002 1698 3038; x_wconf 79' lang='lat' dir='ltr'>societatis</span> <span class='ocrx_word' id='word_1_435' title='bbox 1734 3003 1839 3036; x_wconf 86' lang='lat' dir='ltr'>inter-</span> 
     </span>
     <span class='ocr_line' id='line_1_45' title="bbox 72 3057 1059 3103; baseline -0.001 -10"><span class='ocrx_word' id='word_1_436' title='bbox 72 3060 218 3094; x_wconf 83' lang='lat' dir='ltr'>fuerunt</span> <span class='ocrx_word' id='word_1_437' title='bbox 245 3059 278 3102; x_wconf 92' lang='lat'>(*</span> <span class='ocrx_word' id='word_1_438' title='bbox 292 3061 380 3093; x_wconf 80' lang='lat' dir='ltr'>Acta</span> <span class='ocrx_word' id='word_1_439' title='bbox 406 3059 707 3103; x_wconf 88' lang='lat' dir='ltr'>congregationis,</span> <span class='ocrx_word' id='word_1_440' title='bbox 735 3057 864 3101; x_wconf 86' lang='lat' dir='ltr'>Congr.</span> <span class='ocrx_word' id='word_1_441' title='bbox 887 3058 903 3092; x_wconf 94' lang='lat'>1</span> <span class='ocrx_word' id='word_1_442' title='bbox 933 3070 964 3102; x_wconf 87' lang='lat' dir='ltr'>p.</span> <span class='ocrx_word' id='word_1_443' title='bbox 984 3057 1059 3100; x_wconf 82' lang='lat'>97).</span> 
     </span>
    </p>

    <p class='ocr_par' dir='ltr' id='par_1_11' title="bbox 192 3110 1307 3156">
     <span class='ocr_line' id='line_1_46' title="bbox 192 3110 1307 3156; baseline -0.002 -9"><span class='ocrx_word' id='word_1_444' title='bbox 192 3113 205 3132; x_wconf 78' lang='lat'><strong>⁶</strong></span> <span class='ocrx_word' id='word_1_445' title='bbox 232 3113 326 3147; x_wconf 87' lang='lat' dir='ltr'>Ante</span> <span class='ocrx_word' id='word_1_446' title='bbox 354 3113 407 3147; x_wconf 89' lang='lat'>15.</span> <span class='ocrx_word' id='word_1_447' title='bbox 427 3112 596 3156; x_wconf 86' lang='lat' dir='ltr'>Augusti.</span> <span class='ocrx_word' id='word_1_448' title='bbox 741 3112 754 3132; x_wconf 60' lang='grc' dir='ltr'><strong>Τ</strong></span> <span class='ocrx_word' id='word_1_449' title='bbox 780 3111 871 3146; x_wconf 88' lang='lat' dir='ltr'>Vide</span> <span class='ocrx_word' id='word_1_450' title='bbox 898 3111 1002 3152; x_wconf 84' lang='lat' dir='ltr'>infra,</span> <span class='ocrx_word' id='word_1_451' title='bbox 1029 3122 1185 3145; x_wconf 87' lang='lat' dir='ltr'>monum.</span> <span class='ocrx_word' id='word_1_452' title='bbox 1207 3110 1307 3145; x_wconf 80' lang='lat'>1137.</span> 
     </span>
    </p>

    <p class='ocr_par' dir='ltr' id='par_1_12' title="bbox 195 3163 1455 3209">
     <span class='ocr_line' id='line_1_47' title="bbox 195 3163 1455 3209; baseline -0.002 -9"><span class='ocrx_word' id='word_1_453' title='bbox 195 3167 209 3186; x_wconf 81' lang='lat'>⁸</span> <span class='ocrx_word' id='word_1_454' title='bbox 234 3166 450 3200; x_wconf 87' lang='lat' dir='ltr'>Balduinum</span> <span class='ocrx_word' id='word_1_455' title='bbox 476 3165 520 3200; x_wconf 86' lang='lat' dir='ltr'>ab</span> <span class='ocrx_word' id='word_1_456' title='bbox 549 3165 698 3209; x_wconf 86' lang='lat' dir='ltr'>Angelis</span> <span class='ocrx_word' id='word_1_457' title='bbox 724 3165 842 3199; x_wconf 88' lang='lat' dir='ltr'>dicere</span> <span class='ocrx_word' id='word_1_458' title='bbox 868 3164 1030 3204; x_wconf 84' lang='lat' dir='ltr'>videtur;</span> <span class='ocrx_word' id='word_1_459' title='bbox 1058 3163 1104 3198; x_wconf 88' lang='lat' dir='ltr'>cf.</span> <span class='ocrx_word' id='word_1_460' title='bbox 1130 3175 1251 3209; x_wconf 86' lang='lat' dir='ltr'>supra,</span> <span class='ocrx_word' id='word_1_461' title='bbox 1278 3164 1397 3199; x_wconf 84' lang='lat' dir='ltr'>adnot.</span> <span class='ocrx_word' id='word_1_462' title='bbox 1424 3163 1455 3198; x_wconf 85' lang='lat'>5.</span> 
     </span>
    </p>

    <p class='ocr_par' dir='ltr' id='par_1_13' title="bbox 145 3216 1555 3263">
     <span class='ocr_line' id='line_1_48' title="bbox 145 3216 1555 3263; baseline -0.001 -9"><span class='ocrx_word' id='word_1_463' title='bbox 145 3216 458 3263; x_wconf 44' lang='lat' dir='ltr'>Braunsberger,</span> <span class='ocrx_word' id='word_1_464' title='bbox 478 3229 590 3255; x_wconf 82' lang='lat' dir='ltr'>Canisii</span> <span class='ocrx_word' id='word_1_465' title='bbox 610 3228 767 3262; x_wconf 83' lang='lat' dir='ltr'>Epistulae</span> <span class='ocrx_word' id='word_1_466' title='bbox 787 3229 819 3254; x_wconf 83' lang='lat' dir='ltr'>et</span> <span class='ocrx_word' id='word_1_467' title='bbox 836 3228 922 3254; x_wconf 86' lang='lat' dir='ltr'>Acta.</span> <span class='ocrx_word' id='word_1_468' title='bbox 951 3227 1013 3253; x_wconf 86' lang='lat' dir='ltr'>VII.</span> <span class='ocrx_word' id='word_1_469' title='bbox 1535 3223 1555 3256; x_wconf 84' lang='lat'>9</span> 
     </span>
    </p>
   </div>
  </div>
 </body>
</html>
