2062 3443
779 125 830 161 10.
853 123 1060 158 Decembris
1089 124 1190 159 1580.
1784 130 1868 170 857

221 242 450 275 Sebastianus
476 243 600 276 Werro
625 242 703 276 sive
730 241 908 276 Veronius
935 241 1174 284 friburgensis
1202 241 1483 284 (1555-1614),
1511 241 1663 285 insignis
1689 242 1872 277 doctrinae

102 296 141 328 et
167 293 312 328 virtutis
339 295 403 335 vir,
431 295 492 338 qui
519 294 584 329 hoc
612 298 770 340 tempore
790 294 952 338 Friburgi
980 294 1024 328 ad
1044 294 1077 328 S.
1097 293 1234 328 Nicolai
1262 295 1439 339 parochus
1458 296 1556 329 urbis
1583 300 1660 329 erat
1689 295 1806 341 (plura
1830 296 1873 329 de

101 358 141 381 eo
167 347 202 381 in
229 347 390 392 proximo
409 348 590 382 volumine
609 347 799 391 dicentur),
827 348 861 381 in
887 359 952 381 suo
975 347 1047 389 „De
1066 348 1141 381 vita
1161 347 1255 382 Ven:
1284 348 1322 382 P.
1342 349 1453 382 nostri
1475 349 1570 382 Petri
1599 349 1733 393 Canisij
1760 349 1872 383 Theo-

101 400 171 444 logi
190 412 209 434 e
227 400 406 435 Societate
426 401 515 435 Jesv
542 404 703 435 extrema
730 402 849 446 parte“
872 400 1166 435 *Commentario
1193 401 1285 435 inter
1312 413 1342 436 a.
1365 402 1453 435 1597
1474 405 1509 436 et
1533 402 1618 436 1602
1641 403 1695 437 (ut
1713 402 1871 445 videtur)

100 454 234 498 scripto
268 453 357 488 haec
391 458 532 488 narrat:
572 454 687 496 „lnam
708 454 831 488 Franc.
861 454 1089 488 Bonhomius.
1110 481 1117 487 .
1139 481 1145 487 .
1166 483 1171 489 .
1201 454 1361 489 Nuncius
1391 455 1616 499 Apostolicus
1636 482 1642 489 .
1664 483 1670 489 .
1691 483 1697 490 .
1728 456 1872 489 Petrum

101 506 282 542 Canisium
319 508 395 541 eius
430 508 615 542 societatis
640 508 944 552 sapientissimum
974 509 1010 540 et
1045 507 1254 552 primarium
1281 508 1501 551 Theologum
1524 536 1531 542 .
1553 536 1557 542 .
1581 536 1587 543 .
1623 509 1773 542 adduxit
1800 509 1873 542 Fri-

99 560 271 604 burgum;
309 561 409 595 cuius
445 560 586 605 quidem
624 565 759 605 quanta
794 561 977 595 commoda
1012 561 1047 594 in
1084 572 1161 594 eam
1198 572 1239 594 ac
1268 562 1419 595 vicinam
1448 562 1629 605 regionem
1668 563 1873 606 profectura

99 617 230 651 essent.
258 616 453 658 perpetuus
481 625 560 648 cum
598 614 834 658 praesentiret
860 613 974 648 hostis
1000 613 1185 648 Ecclesiae
1213 614 1358 654 Sathan,
1394 614 1533 648 Ber-nae
1560 626 1630 658 qua
1659 615 1872 656 transibant,

100 667 226 701 turbas
261 667 384 701 statim
419 667 604 707 excitavit,
640 668 770 711 quibus
805 667 940 701 detenti
968 667 1035 700 viri
1074 667 1149 707 Dei,
1187 667 1339 702 Senatus
1375 679 1504 709 acrem,
1542 668 1626 702 licet
1660 668 1872 702 immeritam

101 719 426 765 reprehensionem,
455 724 489 754 et
511 720 607 763 vulgi
636 720 788 754 ludibria
807 732 849 755 ac
875 720 1112 765 petulantiam
1131 721 1391 758 sustinuerunt,
1419 733 1547 764 magno
1567 726 1717 765 uterque
1735 723 1871 757 animo:

102 772 299 818 Episcopus
335 773 426 807 enim
465 774 601 807 consuli
638 785 679 808 ac
714 774 940 808 senatoribus
976 775 1136 807 oratione
1171 786 1238 807 non
1266 774 1384 808 minus
1411 774 1579 817 eleganti,
1615 786 1721 818 quam
1757 775 1873 818 gravi,

99 829 201 860 tanta
227 827 426 871 prudentia,
454 827 729 870 constantiaque
748 828 940 872 respondit,
969 830 1007 861 vt
1034 828 1119 861 facti
1141 827 1221 861 illos
1239 839 1257 861 e
1278 827 1433 871 vestigio
1459 829 1679 872 poeniteret:
1709 828 1873 862 Canisius

100 891 185 913 vero
211 879 416 914 conscensis
444 880 570 914 iterum
599 881 711 924 equis,
738 892 817 914 cum
844 880 904 925 alij
933 880 1146 925 Episcopum
1175 882 1281 925 rapis,
1310 885 1346 914 et
1372 880 1507 915 nivium
1536 882 1731 926 compactis
1758 881 1874 925 globis

100 944 162 978 per
195 944 374 967 summum
411 933 530 967 scelus
566 934 796 978 impeterent,
832 933 893 979 alij
929 938 1139 976 congestum
1175 934 1340 968 manibus
1377 934 1491 968 lutum
1519 935 1585 979 ipsi
1611 935 1646 968 in
1673 946 1797 969 ocreas
1823 937 1872 968 in-

99 986 280 1028 farcirent,
308 990 476 1030 tanquam
512 998 597 1021 non
635 987 836 1021 haberet
871 987 913 1021 in
951 999 1027 1021 ore
1062 999 1144 1021 suo
1171 987 1603 1031 redargutionem',
1638 1000 1717 1022 cum
1746 999 1872 1022 manus

99 1039 178 1078 sibi,
204 1039 437 1084 linguamque
466 1043 613 1074 sanctae
642 1041 835 1085 patientiae
862 1040 1003 1084 legibus
1029 1040 1248 1084 colligasset,
1280 1041 1461 1075 hominum
1490 1042 1706 1086 proterviam
1735 1041 1872 1086 placide

98 1092 335 1137 inspectabat.
397 1092 607 1137 Quanquam
645 1095 789 1138 impune
823 1106 892 1128 non
929 1094 1058 1128 abierit
1093 1094 1171 1133 ille,
1209 1094 1269 1138 qui
1305 1095 1513 1138 tragoediae
1549 1095 1688 1128 initium
1726 1095 1873 1128 dederat

99 1146 190 1181 civis
217 1146 410 1180 Bernensis
438 1147 610 1181 Albertus
635 1146 758 1181 Stahel
793 1150 908 1187 sutor;
944 1147 975 1182 is
1010 1149 1102 1181 enim
1135 1159 1214 1181 cum
1243 1148 1455 1182 adueniente
1482 1149 1516 1182 in
1543 1149 1667 1182 urbem
1696 1149 1872 1193 Episcopo

100 1198 313 1238 conclamat,
333 1211 374 1234 ac
392 1201 498 1244 paulo
519 1203 599 1244 post
617 1212 695 1234 eum
716 1201 969 1245 repellendum,
989 1201 1258 1245 dignioremque
1277 1201 1452 1246 supplicio
1472 1213 1552 1236 esse
1571 1213 1677 1246 quam
1698 1202 1872 1236 latronem

100 1252 163 1297 qui
190 1256 266 1287 tum
294 1255 385 1287 forte
405 1253 448 1287 ad
467 1253 682 1298 supplicium
703 1254 917 1289 ducebatur:
946 1254 1111 1288 abeuntis
1132 1254 1296 1300 Episcopi
1315 1255 1450 1288 mulum
1479 1256 1592 1289 cauda
1610 1255 1871 1300 apprehensum

99 1310 273 1347 evertere,
309 1306 480 1351 humique
515 1308 682 1341 decutere
718 1310 867 1342 conatus
903 1308 1029 1347 fuerat,
1067 1311 1231 1342 vertente
1266 1320 1358 1342 anno
1385 1309 1536 1353 ipsemet
1562 1308 1605 1342 ob
1642 1308 1870 1342 commissum

102 1359 277 1394 incestum
305 1361 434 1405 capitis
461 1372 610 1405 poenam
638 1361 723 1394 luit‘
756 1360 817 1404 (ex
843 1361 1050 1405 apographo
1077 1361 1240 1404 Friburgi
1267 1362 1511 1396 Helvetiorum
1539 1362 1633 1396 circa
1659 1374 1690 1396 a.
1711 1362 1801 1397 1730
1827 1373 1872 1396 ex

98 1413 296 1458 archetypo
331 1414 512 1459 exscripto
549 1418 585 1448 et
619 1414 924 1455 authenticitatis,
965 1426 1071 1458 quam
1109 1426 1296 1456 vocamus,
1332 1416 1550 1450 testimoniis
1584 1415 1739 1455 munito,
1779 1416 1870 1459 quod

99 1469 221 1501 exstat
238 1466 415 1501 Monachii
436 1468 470 1501 in
490 1467 636 1501 archivo
655 1468 870 1512 reipublicae
889 1468 1089 1510 bavaricae,
1119 1469 1293 1503 Jesuitica
1320 1469 1355 1502 in
1385 1481 1515 1512 genere
1538 1469 1634 1503 Fasc.
1659 1469 1711 1510 13,
1738 1481 1771 1503 n.
1792 1469 1871 1510 214,

98 1519 123 1555 f.
139 1521 166 1555 l.
194 1522 360 1555 Raderus
378 1520 466 1555 haec
485 1533 505 1555 a
519 1520 671 1555 Veronio
692 1522 923 1566 (quamquain
943 1533 1022 1555 eum
1042 1533 1111 1555 non
1130 1524 1402 1564 commemorat)
1424 1525 1610 1556 mutuatus
1628 1526 1683 1556 est
1704 1523 1784 1563 (1.0.
1804 1523 1871 1557 179

99 1573 143 1608 ad
173 1574 272 1615 180).

220 1629 439 1662 Bonhomius
465 1628 508 1662 de
535 1628 658 1662 eadem
681 1640 718 1662 re
736 1629 910 1672 Friburgo
934 1628 986 1663 10.
1007 1627 1097 1671 (11.)
1118 1629 1326 1663 Decembris
1347 1629 1438 1665 1580
1456 1629 1499 1663 ad
1520 1629 1693 1664 Jacobum
1713 1629 1869 1664 Christo-

99 1680 250 1726 phorum
288 1681 414 1715 Blarer
448 1693 468 1716 3
505 1681 718 1715 wastensee
753 1682 957 1726 episcopum
997 1681 1193 1727 principem
1236 1682 1473 1716 basileensem
1515 1683 1678 1728 scripsit:
1726 1683 1869 1727 „Magni

99 1736 257 1769 muneris
283 1738 319 1769 et
345 1735 481 1779 gloriae
507 1747 576 1769 non
603 1735 694 1769 leuis
719 1735 796 1769 1000
823 1747 953 1780 ponere
980 1735 1101 1775 debeo,
1127 1735 1157 1769 si
1176 1736 1286 1780 sapio,
1314 1736 1486 1770 eiusmodi
1512 1737 1662 1770 iniurias
1689 1740 1725 1770 et
1747 1739 1869 1771 contu-

99 1788 268 1829 melias“;
306 1794 341 1822 et
376 1789 550 1831 Friburgo
580 1790 633 1823 11.
662 1789 871 1823 Decembris
909 1789 998 1824 1580
1038 1793 1195 1834 „septem
1232 1788 1452 1823 Cantonum‘
1488 1789 1753 1825 Catholicorum
1792 1789 1869 1831 „do-

97 1841 223 1876 minis“
263 1842 385 1876 eadem
422 1853 571 1876 narrans
607 1842 821 1882 affirmavit;
865 1841 982 1884 „Quod
1010 1842 1053 1875 ad
1081 1854 1136 1875 me
1163 1842 1302 1883 attinet,
1340 1843 1475 1877 nullam
1504 1843 1701 1877 vindictam
1740 1844 1865 1888 posco“

100 1895 162 1938 (ex
188 1895 404 1940 apographis
431 1895 590 1929 eiusdem
616 1896 691 1929 fere
717 1898 844 1940 temp.;
883 1895 966 1929 Cod.
986 1907 1071 1929 rom.
1097 1895 1157 1937 „D.
1176 1895 1205 1929 II
1234 1896 1298 1929 36⁴⁴
1331 1908 1361 1940 p.
1381 1896 1606 1939 464—467);
1634 1900 1670 1930 et
1697 1896 1870 1940 Friburgo

100 1949 154 1983 14.
175 1948 381 1983 Decembris
411 1948 501 1983 1580
536 1948 706 1982 cardinali
744 1949 906 1983 Comensi
942 1949 1107 1993 scripsit:
1149 1948 1212 1990 „Al
1248 1951 1318 1983 mio
1353 1949 1508 1991 credere,
1544 1961 1583 1984 se
1609 1961 1678 1984 non
1715 1961 1775 1983 era
1805 1961 1869 1984 con

98 2002 155 2036 noi
191 2014 254 2047 per
290 2002 398 2046 guida
434 2014 480 2036 un
506 2013 624 2036 messo
659 2002 800 2047 publico
827 2002 860 2036 di
889 2003 1059 2043 Lucerna,
1096 2003 1228 2036 uestito
1263 2002 1332 2036 alla
1360 2014 1425 2037 sua
1453 2003 1569 2037 diuisa
1594 2003 1628 2037 di
1664 2004 1798 2044 bianco‚
1835 2007 1872 2037 et

99 2067 234 2095 azurro,
270 2056 293 2090 il
330 2056 436 2100 quale
473 2067 560 2089 anco
596 2057 642 2089 mi
679 2056 821 2090 diedero
853 2060 982 2100 questa
1017 2056 1115 2090 uolta
1150 2057 1321 2100 isignori
1358 2057 1391 2090 di
1431 2056 1563 2091 Lucera
1599 2060 1723 2090 contra
1757 2057 1779 2091 il
1806 2068 1870 2091 suo

97 2109 213 2150 solito,
233 2136 240 2144 .
261 2137 267 2143 .
289 2137 295 2143 .
332 2111 363 2144 ci
399 2109 614 2143 cacciauano
649 2110 683 2143 in
720 2110 890 2154 prigiune,
926 2121 989 2154 per
1015 2110 1144 2153 quello,
1181 2109 1245 2143 che
1282 2110 1400 2144 fecero
1426 2110 1459 2144 al
1486 2110 1662 2144 seruitore
1689 2110 1754 2144 che
1779 2110 1871 2144 ando

97 2162 227 2201 inanzi.
254 2163 379 2208 prima,
407 2163 472 2197 che
499 2163 508 2196 i
535 2163 690 2196 senatori
718 2163 920 2208 parlassero
938 2174 1038 2196 111000
1058 2190 1065 2197 .
1086 2191 1092 2197 .
1114 2190 1121 2196 .
1158 2163 1366 2197 Essendomi
1395 2167 1549 2197 auenuto
1568 2166 1695 2207 questo
1721 2164 1872 2198 affronto

99 2215 179 2251 fuor
205 2216 239 2250 di
268 2217 350 2250 tutti
378 2216 579 2261 ipropositi
605 2216 660 2250 del
687 2217 815 2250 mondo
843 2220 878 2250 et
903 2227 1010 2250 senza
1038 2216 1193 2250 hauerne
1222 2217 1253 2250 10
1281 2216 1333 2250 lor
1360 2216 1444 2250 data
1463 2216 1589 2251 alcuna
1609 2217 1754 2251 minima
1772 2228 1871 2251 occa-

97 2271 197 2304 sione
222 2270 269 2304 mi
297 2281 394 2314 pare,
420 2269 486 2304 che
512 2281 599 2315 poco
617 2281 656 2304 se
674 2282 718 2304 ne
737 2270 922 2304 debbiamo
949 2281 1085 2309 curare,
1113 2270 1189 2303 anzi
1210 2269 1493 2314 rallegrarsene;
1522 2270 1646 2315 poiche
1666 2273 1872 2305 ueramente

98 2323 145 2358 mi
172 2323 290 2357 hanno
317 2323 509 2367 ingiuriato
536 2323 611 2358 solo
638 2335 700 2368 per
726 2323 839 2357 l'odio
865 2323 930 2357 che
957 2326 1106 2368 portano
1133 2325 1153 2357 a
1180 2323 1214 2358 S.
1234 2323 1462 2357 Beatitudine
1489 2336 1508 2358 e
1537 2336 1599 2369 per
1627 2323 1658 2358 le
1677 2335 1758 2358 cose
1777 2324 1872 2359 della

97 2376 270 2420 religione
305 2377 492 2417 catholica,
528 2388 597 2411 non
633 2378 667 2410 ui
704 2377 854 2411 essendo
889 2377 948 2421 qui
985 2376 1077 2410 altra
1108 2377 1256 2420 cagione
1282 2376 1483 2417 mischiata,
1519 2388 1653 2411 senon
1680 2377 1872 2412 uolessimo

101 2429 186 2471 dire,
213 2430 278 2464 che
304 2430 334 2464 si
360 2441 447 2464 sono
474 2430 583 2464 mossi
610 2441 698 2464 anco
726 2431 759 2464 in
786 2441 875 2473 gran
906 2433 1007 2475 parte
1034 2442 1096 2475 per
1123 2430 1145 2463 il
1173 2429 1322 2473 collegio
1349 2430 1400 2463 de'
1430 2429 1593 2471 Giesuiti‚
1620 2431 1677 2464 del
1702 2431 1806 2475 quale
1832 2442 1872 2465 se

102 2484 188 2518 bene
223 2495 291 2517 non
328 2483 376 2517 mi
412 2483 530 2517 hanno
567 2484 664 2517 detto
699 2486 944 2528 apertamente
980 2483 1082 2522 altro,
1118 2483 1262 2517 intendo
1299 2485 1392 2528 peno,
1426 2483 1491 2518 cbe
1527 2484 1735 2526 rimangono
1771 2484 1871 2519 offesi

98 2536 380 2576 mirabilmente;
419 2549 474 2570 ma
510 2539 638 2580 questa
674 2539 692 2570 e
728 2547 816 2571 anco
851 2548 960 2571 causa
995 2537 1027 2570 di
1066 2536 1257 2579 1·e1igione“
1299 2537 1360 2579 (ex
1391 2536 1597 2582 archetypo,
1634 2537 1726 2581 quod
1754 2537 1871 2572 estin

99 2590 248 2624 archivo
274 2591 453 2629 vaticano,
480 2589 593 2625 Nunz.
613 2590 647 2623 di
675 2590 793 2624 Germ.
815 2590 883 2625 103
910 2602 941 2635 p.
963 2590 1181 2629 354—357).

217 2643 359 2688 Septem
375 2644 479 2688 pagis
498 2642 684 2677 catholicis
702 2643 854 2685 „Consul
874 2642 1098 2686 senatusque
1114 2643 1283 2677 Civitatis
1298 2644 1452 2677 Bernae⁴‘
1469 2644 1584 2678 Berua
1597 2644 1650 2678 12.
1664 2644 1872 2679 Decembris

103 2696 193 2731 1580
210 2699 452 2742 scripserunt:
478 2697 515 2730 ln
536 2696 779 2735 Bonhomium,
799 2699 987 2741 postquam
1007 2699 1191 2730 senatores
1210 2696 1254 2730 ab
1273 2708 1313 2730 eo
1332 2696 1594 2739 discessissent,
1617 2698 1808 2742 „quosdam
1828 2698 1871 2732 de

100 2749 251 2795 plebejis
277 2754 312 2784 et
338 2750 381 2784 de
407 2750 527 2795 pueris
546 2750 692 2784 minoris
710 2750 861 2784 aetatis“
884 2751 986 2784 nives
1013 2749 1226 2790 coniecisse;
1257 2749 1446 2790 „Senatum
1471 2750 1622 2785 multum
1641 2751 1722 2786 inde
1740 2751 1871 2786 doloris

101 2804 295 2848 accepisse,
321 2815 387 2838 nec
414 2803 447 2836 id
476 2804 618 2848 impune
645 2803 742 2837 abire
769 2803 994 2848 permisisse“
1027 2803 1210 2846 (Theiner‚
1237 2803 1327 2837 Ann.
1348 2803 1397 2836 ΙΙΙ
1427 2804 1460 2837 in
1482 2815 1512 2838 a.
1535 2804 1625 2839 1580
1651 2816 1684 2839 n.
1703 2804 1869 2846 XXXII).

101 2856 173 2901 Ipsi
209 2868 350 2901 quoque
375 2856 572 2891 Bonhomio
599 2857 720 2890 eodem
748 2857 804 2890 die
835 2858 1004 2890 Ber-nates
1038 2856 1306 2900 *scripseruntz
1343 2855 1443 2897 Quod
1476 2857 1634 2902 ipsorum
1674 2858 1866 2903 „populus“

99 2911 134 2944 et
164 2911 282 2955 „pueri
310 2910 456 2944 minoris
476 2910 624 2944 3013110ιι
648 2910 873 2944 contumeliis
892 2921 970 2943 eum
990 2910 1206 2949 affecissent,
1233 2909 1267 2942 id
1286 2909 1353 2943 sibi
1376 2909 1576 2954 „ingratum
1596 2922 1638 2945 ac
1656 2911 1866 2945 molestum‘

99 2962 212 2998 fuisse
241 2964 301 3005 (ex
328 2975 450 3008 apogr.
470 2963 581 2997 eiusd.
600 2966 720 3008 temp„
747 2963 839 3008 quod
867 2967 922 2997 est
949 2962 1111 3006 Friburgi
1133 2961 1380 2997 Helvetiorum
1408 2963 1443 2997 in
1470 2963 1616 2998 archivo
1642 2964 1869 3010 reipublicae,

100 3015 228 3051 Geistl.
247 3016 396 3056 Sachen,
423 3016 484 3052 Nr.
503 3017 601 3059 317).
644 3015 780 3058 Quibus
798 3018 1016 3051 Bonhome'ns
1034 3015 1208 3059 Friburgo
1229 3017 1282 3050 16.
1302 3015 1509 3051 Decembris
1530 3017 1620 3052 1580
1637 3019 1868 3063 *rescripsit:

226 3125 234 3144 ¹
262 3123 308 3157 Ps
335 3123 389 3163 37,
419 3124 473 3157 15.
