2051 3433
194 176 277 217 588
684 173 788 209 2077.
817 174 984 209 Canisius
1011 175 1049 209 P.
1069 173 1182 208 Paulo
1211 174 1358 208 Hoffaeo
1386 173 1420 210 S.
1440 175 1473 209 J.

313 292 520 334 Oliverius
544 293 781 334 Manareus
803 294 1021 335 Societatis
1054 294 1243 334 vicarius
1272 294 1484 347 yeneralis
1519 295 1649 336 Roma
1684 296 1753 337 224.
1781 295 1966 337 Octobris

193 360 308 398 1580
350 356 528 410 Hoffaeo
573 357 622 398 de
667 360 920 400 monasterio
970 360 1014 400 O.
1051 359 1219 400 Praem.
1258 361 1490 411 mar-sensi,
1538 374 1564 400 a
1598 360 1801 413 Greyorio
1834 359 1964 402 XIII.

190 423 355 476 colleyio
389 423 607 464 Societatis
639 423 847 476 Friburssi
882 424 1164 465 Helvetiorum
1200 424 1455 465 instituendo
1490 426 1703 479 assiqnato
1744 425 1798 475 (v.
1831 425 1964 478 infra,

192 502 372 529 monum.
398 488 548 538 1270),
589 489 783 542 scripsit:
811 489 962 539 „Jllud
995 489 1162 543 quidem
1208 494 1308 530 esset
1351 488 1572 542 diliqenter
1610 490 1965 543 inuestiyandum,

190 555 339 606 quana·
370 555 455 594 sint
496 554 611 594 illius
644 554 853 595 Abbatiac
881 558 1128 608 prouentus,
1173 568 1222 594 ne
1256 559 1395 595 nostro
1425 555 1612 608 periculo
1646 556 1773 596 nimis
1805 556 1968 596 creduli

190 619 334 669 simus,
383 620 456 659 etsi
500 618 591 659 non*
617 623 843 672 propterea
882 624 1019 672 posset
1051 619 1265 672 colleyium
1312 620 1355 660 in
1400 619 1573 660 dubium
1619 622 1831 669 reuocari,
1874 634 1964 661 cum

190 682 390 736 Pontifeoe
418 685 548 737 plane
579 685 640 723 ita
673 684 787 737 uelit,
822 688 857 725 et
892 686 975 723 iam
1009 683 1237 725 Abbatiam
1275 686 1474 726 uniuerit.
1541 688 1684 736 (ficare
1711 720 1717 727 .
1746 719 1753 727 .
1781 720 1788 726 .
1824 690 1868 726 ut
1900 698 1966 726 res

189 763 329 789 omnes
368 763 507 789 coram
555 750 842 803 inspiciantur
875 783 883 790 .
911 783 952 791 ..
991 749 1162 790 uidetur
1203 750 1322 790 nobis
1368 754 1411 790 ut
1452 751 1710 792 Reuerentia>
1743 750 1787 792 V.
1834 763 1966 791 unum

188 815 333 855 saltem
367 814 620 855 sacerdotem
646 847 654 855 .
681 848 688 856 .
716 848 723 855 .
749 829 840 855 cum
876 815 1016 868 aliquo
1040 815 1146 855 socio
1174 814 1430 868 Friburqum
1466 817 1614 868 mittat,
1648 830 1764 870 quem
1788 817 1967 857 instruet

190 879 240 919 de
272 879 464 920 omnibus
505 893 612 933 quae
656 879 706 919 ab
749 880 818 920 illo
863 881 933 933 aqi
974 884 1010 920 et
1052 881 1201 920 curari
1243 880 1355 931 uelit,
1398 885 1433 920 et
1464 882 1728 933 nominatim,
1764 882 1815 921 dc
1847 881 1966 921 domo

188 944 475 997 aedificanda,
510 945 601 985 siue
633 945 948 998 concinnanda,
983 959 1034 985 ne
1066 946 1178 985 ciues
1201 945 1266 985 illi
1288 949 1424 999 utpote
1446 947 1581 986 nostri
1606 947 1786 986 instituti
1808 946 1965 1000 iqnari,

189 1010 319 1051 aliam
353 1009 473 1051 nobis
505 1009 805 1050 habitationem
840 1014 1006 1065 parent,
1051 1024 1176 1064 quam
1210 1024 1284 1051 nos
1323 1009 1541 1052 uelimus.“
1596 1011 1795 1052 Canisius
1829 1015 1967 1052 autem

189 1074 402 1129 Friburqo
434 1078 474 1116 5.
500 1075 703 1116 Ianuarii
728 1076 840 1116 1581
877 1075 1056 1128 Hoffaeo
1089 1076 1272 1129 scripsit,
1315 1075 1594 1117 Bouleomium
1640 1078 1832 1117 nuntium
1869 1090 1965 1131 apo-

186 1141 373 1181 stolicum
416 1139 510 1195 (qui
552 1154 643 1181 eum
679 1140 939 1194 Friburyum
981 1155 1117 1181 secum
1161 1140 1403 1182 adela-verat
1445 1146 1481 1182 et
1523 1142 1580 1182 ad
1619 1143 1829 1195 colleqium
1873 1155 1965 1182 con-

187 1205 445 1246 stituendum
479 1207 587 1246 serio
619 1205 904 1256 incumbebat)
933 1220 984 1257 „a
1007 1206 1244 1261 plaerisque
1268 1207 1454 1260 consilijs
1480 1208 1770 1248 instructionis
1792 1221 1818 1247 a
1841 1207 1892 1248 R.
1920 1206 1963 1248 T.

187 1272 446 1325 conscriptae
480 1269 732 1313 dissider·e“.
778 1271 919 1322 Quare
963 1272 1117 1312 n'zirum
1166 1285 1247 1311 non
1291 1275 1361 1324 est,
1404 1271 1685 1313 Bonlzomium
1730 1273 1771 1313 in
1814 1273 1965 1313 litteris

188 1336 398 1390 Friburqo
433 1337 501 1377 14.
525 1335 768 1378 Decembris
794 1337 909 1378 1:5‹50
942 1337 1120 1378 Romam
1163 1337 1221 1376 ad
1253 1337 1514 1378 cardinalem
1550 1337 1787 1378 Comensem
1826 1338 1965 1378 missis

186 1402 287 1443 haec
322 1402 374 1442 de
410 1402 581 1443 Canisio
613 1407 804 1442 notasse:
841 1402 963 1452 „Non
998 1403 1097 1443 uuol
1128 1403 1373 1443 mostrarmi
1405 1403 1483 1456 eqli
1514 1403 1550 1443 le
1583 1403 1862 1443 commissioni
1895 1402 1966 1443 che

186 1472 309 1521 tenqa
352 1468 425 1508 dal
458 1466 773 1508 Prouinciale.“
825 1467 1053 1508 Instructio
1096 1467 1190 1521 ipsa
1228 1469 1391 1521 perisse
1431 1467 1610 1508 videtur.
1667 1468 1784 1519 Quae
1825 1468 1964 1522 qualis

183 1531 331 1585 fuerit,
368 1547 416 1573 ea·
450 1532 615 1574 Canisii
646 1533 810 1580 litteris,
845 1546 952 1586 quas
985 1532 1089 1583 dixi,
1125 1533 1273 1586 aliqua
1305 1534 1471 1574 ratione
1504 1533 1639 1587 collifsi
1669 1537 1812 1587 potest.

187 1652 348 1689 2077.
425 1653 642 1688 CANISIUS
670 1652 731 1688 P.
753 1651 982 1688 PAULO
1012 1650 1338 1688 HOFFAEO
1362 1651 1415 1688 S.
1436 1652 1490 1688 J.
1514 1653 1720 1698 praeposito
1746 1653 1959 1698 provinciali

377 1707 592 1742 Germaniae
618 1706 825 1752 superioris.
1195 1706 1342 1750 Dilinga
1369 1706 1463 1741 circa
1494 1707 1545 1741 19.
1565 1706 1781 1741 Novembris
1809 1707 1912 1741 1580.

308 1771 360 1805 Ex
388 1771 522 1806 Canisii
549 1771 593 1806 ad
620 1772 830 1805 Manareum
866 1771 1001 1806 litteris
1026 1771 1283 1816 autographis3
1320 1771 1440 1806 Germ.
1464 1772 1529 1806 183
1556 1784 1590 1805 n.
1613 1772 1693 1807 305.
1738 1771 1957 1806 Litterarum

186 1828 303 1870 caput,
331 1826 424 1869 quod
443 1825 501 1859 hic
518 1837 658 1870 ponam,
686 1837 731 1859 ex
749 1825 873 1859 eodem
892 1824 1117 1869 autographo
1136 1837 1249 1870 paene
1268 1825 1448 1869 integrum
1469 1825 1663 1870 exscripsit
1681 1826 1799 1869 Dukr,
1828 1825 1962 1859 Akten-

185 1878 316 1912 stiicke
342 1890 422 1912 zum
449 1878 669 1922 5⁰l0-Streite
695 1878 718 1913 l.
739 1890 768 1912 c.
794 1878 872 1912 184.

304 1939 343 1972 P.
368 1939 573 1972 Haivodum
610 1943 734 1972 temere
769 1939 816 1970 ad
845 1938 1049 1981 pontificem
1084 1939 1297 1981 appell(tsse;
1335 1939 1367 1971 ei
1401 1943 1517 1972 tamen
1554 1940 1760 1981 offensionis
1798 1939 1961 1972 ritandae

182 1993 304 2035 qratia
333 1995 400 2026 iter
426 2003 616 2025 romanum
639 1992 914 2034 permittendum
942 2003 1021 2025 esse.

307 2065 509 2105 Canisius
550 2065 619 2105 20.
653 2064 899 2105 Novembris
932 2066 1049 2105 1580
1092 2064 1151 2105 ad
1190 2064 1416 2106 Oliverium
1453 2065 1710 2106 Manareum
1745 2065 1963 2107 Societatis

185 2131 390 2171 vicarium
433 2130 668 2184 yeneralem
704 2130 866 2170 litteras
900 2130 1016 2170 dedit
1048 2128 1104 2179 (e.
1133 2129 1265 2183 infra,
1302 2145 1359 2184 ep.
1384 2130 1536 2181 2078),
1582 2131 1623 2171 in
1665 2130 1816 2184 quibus
1848 2129 1961 2182 haec,

179 2200 354 2250 praeter
387 2197 487 2247 alia,
535 2195 592 2235 ad
626 2210 718 2236 eum
751 2194 984 2247 referebat:
1013 2195 1202 2236 ..Vtinam
1238 2195 1285 2236 P.
1313 2195 1537 2236 Heiuodus
1579 2200 1615 2236 et
1655 2194 1737 2235 sibi
1778 2200 1812 2235 et
1844 2195 1963 2236 nobis

178 2266 391 2315 parceret,
434 2261 507 2315 qui
539 2275 619 2314 pro
658 2275 732 2301 suo
771 2260 857 2302 zelo
890 2261 1134 2301 ‘inauditum
1178 2261 1475 2315 appellationis
1514 2274 1647 2314 aenas
1691 2261 1884 2312 instituit,
1927 2264 1963 2300 et

184 2327 394 2368 aduersus
437 2327 618 2366 maiores
659 2340 754 2366 suos
795 2325 992 2366 iudiciali
1020 2330 1244 2379 processu¹
1283 2330 1318 2366 et
1350 2326 1508 2367 odiosis
1543 2327 1625 2367 illis
1657 2325 1963 2380 acceptionibus

185 2393 268 2433 iam
303 2392 361 2432 ad
394 2391 515 2433 Pont.
541 2392 658 2432 Made.
683 2392 971 2432 transmisssis
1012 2404 1098 2431 sese
1132 2392 1297 2431 munire
1338 2392 1470 2432 uoluit
1498 2395 1671 2445 praeter
1702 2404 1861 2431 omnem
1895 2404 1962 2431 ne-

183 2458 426 2505 cessitatem,
463 2461 497 2496 et
529 2460 673 2497 contra
709 2470 883 2509 omnem,
921 2460 961 2496 ut
995 2455 1193 2507 arbitror,
1229 2456 1473 2497 modestiam
1499 2470 1548 2497 ac
1567 2455 1844 2509 prudentiam
1868 2455 1962 2496 reli-

180 2524 356 2575 yiosam.
426 2521 602 2561 Factum
645 2526 751 2561 certe
794 2522 949 2561 nostris
991 2521 1182 2561 mnnibus
1225 2522 1370 2562 merito
1404 2521 1607 2574 displicet,
1652 2534 1724 2561 nec
1759 2525 1817 2561 est
1849 2521 1963 2575 quis-

183 2601 323 2641 quam,
371 2600 544 2640 quocum
589 2586 654 2626 ille
696 2600 775 2627 sua
818 2586 996 2627 consilia
1037 2590 1123 2625 tam
1165 2586 1301 2626 cruda
1344 2586 1585 2637 contulerit,
1631 2587 1705 2626 etsi
1747 2585 1797 2625 de
1837 2598 1962 2625 censu

183 2652 366 2706 quinque
397 2666 474 2705 pro
508 2655 667 2692 centum
703 2665 786 2692 non
809 2652 1033 2691 conueniat
1068 2652 1177 2690 inter
1200 2664 1351 2703 (mmes,
1387 2664 1517 2704 neque
1539 2651 1764 2691 conuenire
1797 2649 1961 2704 quidem

181 2718 323 2771 possit,
360 2718 444 2757 nisi
477 2716 644 2756 tandem
679 2716 746 2756 liic
778 2717 889 2770 lapis
924 2730 942 2756 e
974 2716 1110 2756 medio
1135 2715 1376 2768 auferatur.
1426 2716 1613 2768 Ii'quatus
1647 2730 1671 2755 a
1706 2715 1751 2756 P.
1780 2714 1962 2755 Prouin-

183 2782 280 2822 tiale
325 2795 456 2822 meam
501 2782 653 2834 scripsi
693 2782 964 2830 sententiam,
1009 2782 1212 2821 nimirum
1258 2780 1368 2834 quod
1409 2782 1485 2821 etsi
1526 2780 1575 2822 P.
1606 2780 1831 2821 Heiuodus
1871 2780 1963 2820 sine

315 2909 320 2928 ¹
350 2908 387 2942 P.
410 2907 546 2953 Caspai·
573 2910 771 2950 Haivodus,
799 2909 866 2943 etsi
895 2921 963 2943 non
991 2920 1010 2942 a
1037 2909 1217 2943 sententia
1255 2920 1317 2952 per
1345 2908 1495 2942 iudicem
1524 2908 1596 2942 lata
1624 2927 1668 2931 —
1696 2906 1795 2941 nulla
1820 2906 1856 2940 in
1883 2917 1963 2940 eum

189 2961 265 2995 lata
291 2964 368 2995 erat
395 2981 438 2985 —
466 2962 510 2995 ad
538 2962 751 3005 Gregorium
778 2962 875 2997 XIII.
903 2962 1108 3007 pontificem
1144 2964 1407 3006 provocaverat
1441 2962 1549 3005 (quae
1586 2960 1848 3005 appellationes
1884 2970 1961 3004 pro-

187 3014 263 3058 prie
290 3014 475 3048 iudiciales
502 3016 705 3056 vocantur),
742 3018 1002 3060 provocaverat
1038 3018 1158 3049 tamen
1195 3017 1342 3059 propter
1377 3015 1449 3049 alia
1484 3014 1698 3057 gravamina
1723 3025 1744 3047 a
1771 3012 1964 3047 Societatis

184 3068 410 3112 praepositis,
453 3070 493 3102 ut
531 3069 607 3112 ipse
649 3070 882 3114 opinabatur,
921 3069 989 3103 sibi
1026 3068 1145 3107 illata,
1185 3068 1290 3111 idque
1330 3068 1602 3113 „protestand0“
1641 3078 1759 3101 coram
1796 3066 1961 3107 testibus,

183 3121 336 3164 petendo
376 3121 596 3165 „apostolos“
628 3125 717 3162 etc.;
757 3134 850 3166 quae
885 3122 1160 3167 provocationes
1196 3124 1231 3155 et
1258 3121 1356 3166 ipsae
1387 3121 1704 3166 „appeliationes“,
1744 3119 1963 3164 amplificata

183 3174 444 3216 quodammodo
472 3175 549 3208 eius
576 3175 675 3209 verbi
703 3175 980 3219 significatione,
1008 3177 1201 3213 meantum
1230 3175 1275 3209 ef.
1295 3186 1405 3219 supra
1431 3186 1463 3219 p.
1484 3174 1684 3209 585—586.
