2051 3433
201 147 284 188 222
685 141 787 177 1891.
814 141 854 176 P.
873 140 1052 175 Antonius
1078 140 1299 174 Possevinus
1326 139 1482 174 Canisio.

199 261 376 304 Fuggeris
403 259 555 303 aliisque
590 258 751 304 patriciis
778 258 1001 301 augustanis,
1028 267 1239 301 persuasum
1266 258 1354 297 erat,
1391 267 1535 291 causam
1561 256 1745 300 religionis
1771 257 1970 292 catholicae

199 315 355 358 exigere,
382 316 423 346 ut
444 314 628 356 Augustae
654 311 845 356 collegium
865 311 1056 345 Societatis
1075 310 1310 352 stabiliretur,
1338 310 1370 343 in
1391 321 1461 354 quo
1479 311 1647 344 iuventus
1666 309 1844 345 catholica
1869 310 1970 345 urbis

198 368 242 402 ad
258 367 398 401 litteras
410 369 445 400 et
459 366 719 400 humanitatem
735 377 776 399 ea
788 366 863 399 fere
878 365 1024 405 ratione,
1039 375 1130 408 quae
1144 375 1239 397 nunc
1252 363 1287 397 in
1303 363 1517 398 Germaniae
1535 364 1773 408 „gymnasiis“
1790 366 1969 403 servatur,

198 421 458 455 institueretur.
487 418 575 453 Cum
602 421 723 452 autem
749 417 957 452 monasterii
977 418 1010 452 S.
1032 417 1157 451 Crucis
1183 416 1219 451 in
1238 416 1453 451 Societatem
1473 417 1700 451 translationi
1721 420 1756 452 et
1773 417 1871 451 illius
1895 429 1968 451 mo-

196 474 343 509 nasterii
363 473 522 508 canonici
542 472 726 516 regulares
745 474 781 506 et
799 470 1004 506 cathedrale
1023 470 1221 515 capitulum
1240 472 1480 514 augustanum
1501 470 1732 505 vehementer
1750 470 1968 505 reluctaren-

196 530 280 563 tur-¹
308 528 357 571 (v.
377 538 485 571 supra
511 538 544 570 p.
567 525 633 560 123
664 526 757 569 148),
785 528 821 559 et
839 528 1030 570 propterea
1047 527 1123 558 tum
1143 523 1412 558 Maximilianus
1430 524 1473 558 Ι[.
1494 524 1688 569 imperator
1715 524 1803 568 (qui,
1828 526 1970 558 mutato

197 582 354 623 consilio,
383 581 437 615 14.
457 579 577 613 Martii
601 579 691 613 1574
717 579 752 612 in
780 590 859 612 eam
886 578 1103 612 sententiam
1123 577 1296 612 cardinali
1317 578 1497 612 Ludovico
1516 577 1697 612 Madrutio
1717 589 1862 612 romano
1881 577 1967 612 Ger-

196 637 337 671 maniae
372 633 565 680 protectori
591 632 766 677 scripsit),
793 635 870 666 tum
898 632 1068 666 Albertus
1095 630 1137 665 V.
1166 631 1239 665 dux
1265 633 1301 665 et
1327 632 1478 666 Ioannes
1504 631 1690 676 Egolphus
1716 643 1736 665 a
1761 631 1968 675 Knoringen

196 690 384 735 episcopus
403 689 628 732 augustanus
654 688 762 729 atque
799 685 906 720 etiam
943 685 1020 730 ipse
1047 684 1214 719 Canisius
1250 684 1356 719 aliam
1384 685 1528 729 collegii
1555 685 1766 719 instituendi
1793 684 1988 721 rationem.

196 738 383 773 ineundam
413 751 492 774 esse
518 743 707 774 censerent
737 740 954 781 (Schellhass
979 739 1001 774 l.
1021 750 1051 773 c.
1070 738 1120 772 IV
1148 739 1204 780 27,
1232 741 1267 773 et
1294 739 1339 773 cf.
1358 750 1467 784 supra
1493 751 1526 784 p.
1549 739 1615 773 125
1644 739 1740 783 153),
1773 737 1969 773 cardinalis

196 791 380 827 Comensis
414 793 595 837 pontificis
621 793 792 827 mandatu
830 793 990 830 Portiae.
1028 792 1135 826 huius
1169 792 1395 837 potissimum
1431 792 1565 836 negotii
1604 792 1813 827 conficiendi
1848 792 1969 835 gratia

194 846 383 889 Augustae
401 847 566 887 moranti,
586 847 640 881 29.
653 847 741 881 Maii
758 847 848 881 1574
863 847 1020 891 scripsit,
1039 847 1128 880 satis
1143 846 1230 887 fore,
1249 846 1279 880 si
1294 858 1314 880 a
1329 846 1487 891 capitulo
1504 846 1704 880 cathedrali
1718 847 1818 880 locus
1837 845 1968 890 aliquis

195 900 402 934 commodus
437 900 588 944 collegio
623 912 687 945 per
722 900 893 945 patricios
928 900 1147 934 aedificando
1184 901 1350 941 daretur;
1385 900 1419 934 id
1447 901 1540 944 quod
1577 899 1717 945 patricii
1745 899 1797 933 illi
1823 899 1891 933 sibi
1916 899 1968 932 in-

195 955 337 995 gratum
364 965 433 987 non
461 954 536 988 fore
563 954 814 997 significarunt
836 955 1052 993 (Schelllzass
1077 953 1098 987 l.
1120 966 1148 988 c.
1169 954 1218 988 lV
1244 954 1318 997 60).
1362 953 1569 998 Capitulum
1595 965 1681 987 vero
1706 953 1831 987 nuntio
1856 952 1971 986 variis

195 1006 425 1041 dilationibus
450 1007 625 1041 frustrato
652 1008 796 1041 tandem
824 1008 989 1042 28.1unii
1021 1008 1109 1041 1574
1135 1008 1307 1052 scriptam
1332 1007 1482 1042 tradidit
1508 1007 1787 1052 responsionem,
1814 1006 1869 1040 cui
1897 1005 1966 1050 epi-

194 1071 324 1105 scopus
351 1072 491 1105 quoque
518 1061 684 1105 Dilingae
716 1061 878 1105 graviter
904 1063 1096 1105 aegrotans
1122 1073 1230 1105 aegro
1257 1062 1374 1095 animo
1401 1072 1588 1095 assensum
1615 1060 1839 1106 praebuerat.
1889 1058 1970 1101 Qua

195 1114 426 1159 responsione
449 1115 484 1158 (a
504 1116 707 1149 Schellhass
732 1115 754 1150 l.
774 1127 805 1149 c.
823 1115 874 1149 lV
893 1115 1057 1150 98-100
1081 1115 1179 1159 typis
1197 1114 1395 1159 exscripta)
1417 1115 1468 1148 illi
1486 1126 1555 1148 non
1574 1114 1691 1149 solum
1709 1114 1966 1148 monasterium

194 1167 228 1202 S.
249 1167 375 1202 Crucis
401 1167 572 1202 Societati
607 1169 750 1202 tradere
776 1169 1003 1210 recusabant,
1038 1169 1100 1203 sed
1129 1169 1236 1202 etiam
1264 1168 1332 1202 alio
1364 1168 1440 1202 loco
1467 1168 1646 1202 offerendo
1673 1167 1968 1213 supersedebant,

193 1221 358 1255 nuntium
393 1233 518 1267 parum
554 1222 746 1256 honorifice
782 1224 993 1263 tractantes,
1030 1233 1144 1256 vanas
1180 1222 1426 1265 confingentes
1460 1233 1599 1263 causas,
1636 1222 1670 1256 id
1705 1221 1816 1256 solum
1844 1231 1967 1255 conce-

194 1274 329 1317 dentes,
356 1278 396 1309 ut
414 1275 507 1310 Socii
533 1277 806 1321 praecipuorum
825 1277 923 1311 urbis
942 1276 1199 1311 catholicorum
1226 1287 1356 1320 pueros
1383 1276 1507 1320 primis
1532 1275 1735 1310 litterarum
1753 1274 1968 1308 rudimentis

193 1328 461 1370 imbuerent“⁹;
501 1330 595 1373 quod
633 1330 664 1364 si
704 1331 824 1364 facere
862 1330 1008 1371 vellent,
1047 1329 1318 1370 habitationem,
1356 1329 1440 1363 dum
1479 1329 1707 1363 contionandi
1744 1339 1892 1362 munere
1929 1327 1966 1362 in

192 1381 345 1417 ecclesia
371 1382 569 1418 cathedrali
603 1384 841 1428 fungerentur
870 1384 954 1428 (quo
981 1395 1128 1418 munere
1162 1395 1226 1428 pro
1253 1382 1401 1427 capituli
1428 1383 1575 1417 arbitrio
1602 1382 1739 1417 moveri
1778 1384 1965 1427 poterant;

193 1435 238 1470 cf.
261 1437 348 1470 Can.
369 1436 402 1470 V
430 1437 527 1481 144),
553 1449 695 1482 semper
722 1438 764 1472 iis
791 1438 867 1471 fore
895 1438 1128 1472 commodam.
1172 1437 1249 1471 Hoc
1275 1448 1446 1482 responso
1472 1439 1672 1471 commotus
1699 1436 1822 1470 Portia
1841 1434 1965 1469 existi—

192 1489 324 1531 mabat,
359 1491 456 1524 sedis
482 1491 700 1536 apostolicae
727 1492 980 1525 auctoritatem
1007 1503 1048 1525 ac
1076 1491 1289 1535 dignitatem
1316 1491 1472 1534 exigere,
1508 1493 1549 1524 ut
1573 1490 1737 1524 severius
1763 1501 1843 1524 cum
1870 1488 1964 1533 capi—

192 1543 268 1577 tulo
296 1547 483 1587 ageretur;
520 1546 555 1578 in
582 1546 740 1579 animum
767 1545 878 1588 igitur
904 1545 1056 1586 induxit,
1091 1544 1300 1579 monasterii
1326 1544 1601 1579 translationem
1628 1543 1759 1578 iterum
1785 1542 1967 1588 pontificis

191 1597 332 1631 nomine
367 1609 506 1641 urgere,
542 1599 750 1633 monasterii
786 1598 1029 1643 praepositum
1066 1598 1262 1643 apostolica
1288 1599 1503 1632 auctoritate
1529 1598 1565 1631 in
1592 1598 1648 1632 ius
1674 1609 1813 1638 vocare,
1849 1608 1870 1631 a
1896 1596 1964 1630 Ba-

191 1651 315 1685 variae
341 1652 429 1686 duce
456 1652 630 1686 auxilium
656 1656 789 1697 petere,
817 1652 1079 1686 Ferdinandum
1099 1653 1142 1686 Π.
1163 1652 1390 1686 archiducem
1411 1663 1549 1695 rogare,
1576 1655 1616 1685 ut
1634 1651 1843 1685 monasterii
1869 1650 1962 1684 bona

190 1705 227 1738 in
264 1705 460 1749 provinciis
498 1706 573 1740 suis
612 1708 819 1750 occuparet,
859 1706 1065 1751 imperatori
1104 1706 1249 1746 instare,
1288 1708 1327 1739 ut
1357 1705 1690 1748 „Commissariuw
1720 1704 1881 1738 mitteret
1917 1704 1961 1738 ad

191 1760 397 1793 monasterii
424 1760 653 1794 traditionem
673 1760 716 1794 ad
736 1760 900 1794 effectum
921 1759 1181 1800 deducenda1n;
1208 1760 1261 1794 sic
1279 1759 1371 1793 enim
1390 1760 1560 1804 sperabat
1586 1759 1670 1800 fore,
1697 1761 1736 1792 ut
1755 1758 1964 1803 capitulum,

190 1812 221 1846 si
254 1824 322 1846 non
359 1813 475 1857 ipsum
511 1814 780 1853 monasterium,
816 1816 914 1847 certe
949 1813 1057 1847 alium
1094 1813 1211 1847 locum
1246 1813 1398 1857 collegio
1433 1816 1554 1858 aptum
1583 1812 1753 1847 Societati
1787 1811 1965 1846 tribueret

193 1866 407 1909 (Schellhass
432 1867 454 1901 l.
474 1879 502 1901 c.
523 1867 573 1901 IV
599 1867 739 1902 88-96
769 1867 972 1909 100-102;
1002 1868 1182 1911 solimam,
1210 1866 1293 1902 Gut.
1313 1868 1377 1907 9ος
1406 1869 1552 1900 Hansen
1580 1866 1602 1901 l.
1622 1878 1652 1901 c.
1671 1865 1889 1909 689—690).

190 1976 337 2013 1891.
446 1977 506 2013 P.
540 1976 887 2015 ANTONIUS
927 1977 1353 2015 POSSEVINUS
1393 1979 1611 2013 secretarius
1650 1978 1840 2013 Societatis
1879 1977 1962 2012 Iesu

380 2031 581 2066 CANISIO.
1486 2032 1598 2066 Roma
1626 2032 1682 2066 15.
1702 2031 1783 2065 Iulii
1813 2031 1912 2066 1574.

315 2102 371 2136 Ex
400 2102 439 2136 P.
459 2103 633 2148 Alplionsi
660 2103 782 2138 Pisani
809 2103 964 2148 epistula
991 2102 1227 2148 autographa.
1271 2102 1390 2137 Germ.
1412 2103 1478 2137 135
1506 2104 1529 2136 f.
1552 2103 1630 2137 175.

309 2177 500 2214 Praefatio
535 2178 708 2214 editoris:
760 2180 799 2214 P.
827 2180 1034 2225 Alphonsus
1074 2179 1227 2213 Pisanus
1263 2178 1297 2213 S.
1326 2179 1358 2213 J.
1395 2191 1550 2214 canones
1585 2179 1665 2213 illos
1699 2179 1743 2214 70
1780 2178 1861 2219 (80,
1897 2177 1959 2222 84)

194 2232 411 2275 „arabicos“,
432 2244 521 2277 quos
540 2233 645 2278 primi
665 2233 813 2267 Concilii
833 2233 981 2267 Nicaeni
1000 2245 1079 2267 esse
1099 2233 1211 2276 (haud
1230 2234 1342 2276 recte)
1363 2233 1549 2278 putabant,
1568 2245 1599 2267 a.
1617 2233 1703 2267 1561
1721 2232 1962 2266 Alexandriae

190 2297 210 2320 a
236 2286 275 2321 P.
296 2287 428 2320 Ioanne
454 2287 621 2332 Baptista
640 2287 766 2321 Eliauo
791 2288 870 2321 sive
897 2286 1057 2320 Romano
1085 2286 1118 2321 S.
1139 2287 1171 2321 J.
1191 2289 1353 2331 repertos
1379 2288 1415 2320 et
1439 2297 1471 2320 a.
1492 2286 1583 2321 1568
1610 2286 1722 2319 Roma
1747 2297 1768 2319 a
1796 2285 1834 2318 P.
1853 2285 1961 2319 Fran-

189 2340 284 2374 cisco
311 2340 485 2374 Turriano
513 2340 546 2375 S.
565 2341 598 2374 J.
626 2340 668 2374 ad
696 2352 734 2374 se
760 2340 891 2375 missos
918 2341 1023 2384 (Can.
1044 2340 1095 2374 VI
1121 2339 1327 2384 217—219)
1356 2351 1386 2374 a.
1410 2340 1499 2373 1572
1526 2351 1606 2373 cum
1634 2339 1714 2373 aliis
1740 2339 1886 2383 scriptis
1916 2339 1960 2373 ad

188 2394 281 2427 idem
308 2394 497 2428 concilium
524 2395 772 2439 spectantibus
791 2394 957 2438 Dilingae
984 2393 1120 2438 primus
1146 2393 1313 2437 vulgavit
1339 2393 1373 2426 in
1402 2393 1490 2428 libro
1516 2392 1568 2426 sic
1594 2393 1785 2438 inscripto:
1815 2392 1961 2435 „ACTA

188 2447 248 2481 ET
280 2448 285 2490 Ι
321 2447 538 2482 CANONES
571 2447 574 2492 Ι
610 2447 938 2482 SACROSANCTI
970 2447 973 2489 Ι
1003 2447 1141 2481 PRlMI
1176 2446 1473 2481 OECVMENIOE
1505 2451 1509 2488 Ι
1542 2445 1748 2482 CONClLlI
1784 2445 1961 2480 NICAENI

187 2500 365 2536 TEMPO-
401 2503 407 2543 Ι
440 2501 540 2535 ribus
579 2501 757 2544 Syluestri
798 2502 899 2535 Pont.
932 2501 1033 2535 Rom.
1070 2504 1111 2534 c>-
1145 2501 1148 2545 Ι
1183 2500 1407 2535 Constantini
1442 2500 1675 2545 Imperatoris
1707 2502 1711 2542 Ι
1743 2499 1923 2535 celebrati.
1954 2498 1958 2544 Ι

189 2554 435 2589 APPOSlTIS
462 2555 662 2590 SANCTO-
686 2554 690 2598 Ι
714 2567 792 2589 rum
823 2555 969 2589 Patr-um
995 2554 1224 2599 testimonijs,
1252 2554 1297 2588 ad
1323 2554 1514 2588 eorundem
1539 2554 1542 2597 Ι
1567 2554 1748 2587 Canonum
1785 2564 1961 2588 commen-

189 2607 367 2642 dationem
396 2611 438 2640 ὣ)
469 2610 473 2650 Ι
507 2609 840 2654 interpretationem
867 2609 973 2653 perti·
997 2606 1001 2652 Ι
1035 2608 1213 2643 uentibus.
1237 2609 1241 2651 Ι
1265 2607 1420 2642 OMNiA
1447 2607 1620 2643 STVDIO
1648 2607 1707 2641 ET
1736 2606 1924 2642 LABORE
1954 2605 1958 2650 Ι

314 2721 322 2739 ¹
350 2721 474 2753 Por-tia
503 2721 670 2762 Augusta
699 2721 729 2755 1.
757 2720 843 2754 Maii
872 2720 964 2754 1574
992 2720 1138 2754 Alberto
1165 2719 1208 2753 V.
1237 2719 1315 2753 duci
1352 2719 1546 2764 *scripsit:
1585 2719 1721 2761 „Multa
1747 2718 1782 2752 in
1809 2718 1960 2753 collocu-

188 2773 344 2807 tionibus
371 2785 432 2818 pro
452 2772 492 2808 R.
513 2773 553 2807 D.
574 2773 763 2807 Canonicis
792 2774 1001 2814 afferuntur,
1027 2774 1089 2807 sed
1118 2773 1180 2806 illa
1208 2774 1258 2813 (ni
1286 2772 1406 2816 fallor)
1433 2773 1523 2806 satis
1550 2772 1663 2813 leuia;
1694 2772 1897 2817 Capitulum
1917 2772 1960 2806 de

189 2827 361 2861 societate
397 2826 514 2860 minus
548 2830 645 2861 recte
680 2827 802 2867 sentit,
837 2828 1051 2871 uidetur-que
1087 2826 1184 2860 illius
1215 2826 1351 2860 firmam
1380 2826 1499 2860 sedem
1529 2827 1562 2860 in
1589 2826 1657 2860 hac
1684 2825 1779 2860 Vrbe
1806 2826 1958 2869 quodam

188 2880 291 2914 modo
317 2880 569 2914 reformidare“
594 2882 655 2922 (ex
674 2880 882 2925 archetypo,
909 2881 1002 2924 quod
1023 2883 1078 2914 est
1098 2880 1278 2914 Monachii
1300 2880 1335 2913 in
1354 2879 1501 2914 archivo
1520 2879 1738 2924 reipublicae
1757 2879 1959 2920 bavaricae,

192 2933 396 2976 „Jesuiti0a,
424 2933 594 2975 Ingolst.“
626 2934 873 2974 Cod.1359s11
902 2935 926 2968 t'.
950 2936 1052 2975 „ante
1082 2934 1158 2968 10“.

307 2987 320 3008 ²
350 2986 489 3029 „Wenn
516 2987 580 3020 das
599 2987 825 3032 Domkapitel
854 2987 909 3021 die
930 2987 1226 3029 Bediirfnisfrage
1254 2986 1312 3020 fiir
1333 2987 1388 3019 ein
1410 2985 1692 3029 Jesuitencolleg
1710 2986 1744 3019 in
1767 2985 1959 3029 Augsburg

187 3039 223 3074 in
250 3040 390 3074 Abrede
416 3040 546 3080 stellte,
582 3052 621 3074 so
648 3040 866 3074 iiber-schritt
892 3052 929 3074 es
962 3040 1165 3085 jedenfalls,
1204 3051 1272 3073 von
1308 3040 1548 3084 parteiisclien
1575 3038 1851 3084 Standpunkten
1878 3049 1958 3072 aus—

189 3092 340 3136 gehend,
367 3094 464 3127 seine
491 3093 807 3137 Zustandigkeiff‘:
834 3094 951 3128 Koma
972 3095 1117 3134 Hiibler,
1145 3093 1209 3127 Die
1236 3093 1402 3135 Stellung
1428 3093 1491 3127 der
1516 3093 1660 3137 Fugger
1687 3104 1765 3126 zum
1788 3091 1958 3126 Kirchen-

189 3147 314 3180 streite
335 3146 398 3180 des
419 3147 472 3180 16.
492 3146 767 3188 Jahrhunderts‚
796 3148 830 3180 in
853 3146 1098 3190 „Historisclie
1119 3145 1507 3191 Vierteljahrssclirift¹⁶
1530 3146 1556 3187 Ι,
1584 3145 1729 3190 Leipzig
1750 3145 1850 3186 1898,
1877 3144 1958 3180 508.
