2051 3433
203 157 287 198 748
974 151 1067 185 Mon.
1096 151 1197 185 1189.

200 270 376 304 malitiam
413 270 554 315 publice
591 270 864 303 demonstraret.
916 268 1100 302 Inscitiam
1128 267 1282 311 quidem,
1319 267 1411 311 quod
1439 268 1576 302 nescire
1604 268 1779 309 videatur,
1814 268 1899 311 quid
1925 270 1979 302 tot

201 324 392 358 retroactis
418 323 550 358 seculis
577 323 620 356 de
647 322 745 356 hisce
773 322 952 366 capitibus
978 321 1133 355 senserit
1151 332 1192 355 ac
1218 320 1378 354 docuerit
1403 321 1499 355 orbis
1519 321 1756 355 Christianus.
1799 321 1976 355 Malitiam

202 389 300 417 vero,
327 388 407 411 cum
434 376 631 410 inuidentia
657 386 797 410 summa
824 376 1062 416 coniunctam,
1099 374 1191 417 quod
1219 385 1442 408 communem
1471 373 1737 408 Catholicorum
1763 385 1908 408 causam
1934 373 1978 407 ad

203 429 298 464 solos
318 430 471 464 Iesuitas
497 429 705 469 transferat,
731 439 862 472 eosque
889 429 1022 472 primos
1040 427 1141 460 velut
1160 430 1337 467 auctores,
1365 427 1422 460 vel
1444 431 1614 472 patronos
1632 427 1744 461 faciat
1760 427 1978 469 dogmatum,

204 494 296 527 quae
322 496 343 517 a
369 483 553 517 veteribus
581 484 740 526 accepta,
777 484 813 515 et
838 493 902 526 per
930 480 1126 515 Ecclesiam
1154 480 1352 525 approbata
1378 481 1413 514 in
1448 481 1516 515 hoc
1543 480 1768 514 Catechismo
1796 479 1980 514 Catholice

203 539 416 581 repetuntur
442 539 550 579 atque
578 535 864 569 confirmantur.“
912 534 1077 578 Exempli
1105 544 1214 567 causa
1241 534 1368 567 deinde
1396 534 1495 577 ponit
1512 536 1777 568 sacramentum
1796 536 1980 567 extremae

202 590 391 623 unctionis.
447 589 531 632 „Em
569 589 685 632 inquit
721 587 947 632 [Rodingusl
984 587 1104 621 callidi
1132 586 1255 621 Suitae
1291 586 1406 621 oleum
1443 587 1585 631 aliquod
1621 590 1892 620 sacrosanctum
1919 598 1980 620 ex-

203 643 419 686 cogitarunt,
458 642 550 686 quod
587 641 719 675 millies
754 642 914 680 adorant,
952 645 988 674 et
1023 640 1174 683 magicis
1208 640 1284 674 fere
1321 641 1556 675 caeremoniis
1592 640 1830 680 sanctificant,
1865 642 1901 673 et
1935 639 1980 674 ad

207 699 375 739 aegrotos
402 696 545 730 iamiam
573 708 615 729 ex
642 695 709 730 hoc
726 695 858 729 mundo
877 695 1038 728 exituros
1057 694 1235 734 deferunt,
1263 697 1303 727 vt
1320 705 1484 727 nummos
1502 694 1718 737 emungant“
1743 692 1792 738 (p.
1812 693 1980 734 36—39).

323 755 539 790 Germanica
567 754 672 788 huius
699 754 780 788 libri
808 754 927 788 versio
953 754 1005 788 sic
1029 753 1203 798 inscripta
1223 756 1297 787 est:
1328 753 1416 796 „Ein
1436 753 1619 798 Gespriich
1638 753 1716 787 Von
1744 753 1806 787 der
1824 753 1982 787 Jesuiter

202 808 282 843 lehr
321 809 392 842 vnd
433 820 561 848 wesen,
601 808 691 842 thun
731 808 801 841 vnd
841 807 972 847 lassen‚
1012 807 1122 840 wider
1160 806 1216 840 die
1252 807 1423 840 schmach
1459 807 1530 840 vnd
1567 804 1804 846 lassterwort,
1840 806 1896 840 die
1922 805 1981 840 ain

204 861 489 896 Sacramentirer
515 873 600 895 auss
627 861 776 901 Hessen,
813 860 986 894 Wilhelm
1014 860 1154 903 Roding
1180 863 1325 903 genant,
1362 861 1396 893 in
1433 860 1495 893 der
1522 860 1778 894 Franciscaner
1812 858 1916 893 schul
1941 854 1981 892 zi'i

203 915 424 958 Haidelberg
460 915 649 956 wonhafft,
686 915 754 948 den
791 914 965 947 ermelten
1000 913 1185 952 Jesuiten,
1224 913 1448 956 bosshafftig,
1485 913 1749 957 iniitwilliglich
1785 913 1880 946 vnnd
1917 912 1984 964 mit

204 969 409 1003 vnwarhait
436 980 651 1012 zugemesen
686 967 760 1001 hat.
813 967 934 1001 Durch
963 969 1132 1001 Ioannem
1160 968 1349 1000 Perellium
1376 966 1637 1007 Xiueriensem,
1673 968 1708 1000 in
1735 962 1983 1001 Lateinischer

205 1022 335 1066 spracli
374 1022 597 1062 besehriben,
638 1022 709 1055 vnd
749 1021 861 1055 durch
900 1022 1050 1055 Johamz
1092 1018 1228 1054 Gfitzen
1267 1021 1330 1054 der
1369 1020 1527 1054 Rechten
1563 1020 1739 1060 Doctorn,
1775 1020 1868 1054 auch
1900 1019 1982 1054 Car-

207 1073 443 1117 dini‘ilischen,
471 1076 568 1109 vnnd
594 1075 877 1109 Bischofflichen
906 1074 1202 1108 Costantzischen
1229 1073 1324 1107 Rath
1351 1076 1418 1107 etc.
1438 1073 1695 1108 verteutschet.
1745 1073 1922 1108 Getruckt
1940 1084 1984 1107 zu

205 1129 416 1172 Jngolstadt
443 1129 510 1174 bey
538 1129 653 1162 Dauid
674 1128 833 1162 Sar-torio
854 1128 900 1162 M.
921 1128 961 1162 D.
982 1127 1162 1162 LXXV1.·‘
1202 1127 1307 1161 Liber
1333 1138 1353 1161 a
1372 1127 1498 1162 Gotzio
1518 1127 1730 1161 Constantia
1757 1128 1811 1161 15.
1829 1126 1983 1170 Augusti

207 1184 296 1217 1576
336 1183 523 1217 dedicatus
559 1187 616 1216 est
642 1182 809 1227 Philippo
844 1194 865 1215 a
892 1181 1076 1226 Freyberg
1103 1180 1297 1215 cardinalis
1323 1181 1438 1214 Marci
1465 1179 1594 1221 Sittioi,
1631 1181 1788 1226 episcopi
1819 1183 1982 1215 constan-

202 1237 340 1277 tiensis,
381 1236 605 1281 procuratori
646 1235 942 1278 („Statthalter“)
986 1238 1022 1268 et
1060 1234 1280 1284 cathedralis
1319 1234 1494 1268 ecclesiae
1533 1234 1812 1268 constantiensis
1849 1234 1982 1268 decano

205 1291 466 1334 canonicoque;
494 1290 528 1323 iu
557 1289 686 1333 quibus
712 1289 845 1323 litteris
868 1291 956 1323 Go'tz
982 1289 1024 1322 de
1043 1288 1234 1323 societatis
1252 1288 1407 1321 inimicis
1433 1288 1532 1327 haec,
1560 1291 1704 1332 praeter
1729 1288 1810 1327 alia,
1837 1287 1982 1322 scribit:

212 1344 339 1386 „Seind
366 1343 473 1377 deren
501 1355 567 1387 gar
594 1343 654 1381 vil,
683 1344 774 1377 auch
802 1343 915 1376 vnder
942 1343 1056 1376 denen
1082 1353 1121 1375 so
1141 1340 1349 1376 Catholisch
1374 1341 1451 1375 sein
1470 1341 1608 1381 wellen,
1636 1342 1693 1374 die
1718 1341 1795 1375 sich
1815 1353 1878 1374 vor
1897 1339 1985 1375 Gott

204 1397 302 1430 vnnd
329 1397 392 1430 der
418 1397 501 1430 welt
527 1398 581 1430 nit
615 1395 783 1430 forchten
809 1396 901 1430 noch
928 1395 1154 1435 beschemen,
1190 1395 1267 1429 dise
1293 1395 1455 1435 fromme,
1487 1394 1754 1437 hochgelehrte,
1783 1394 1984 1438 Gottselige

207 1450 278 1484 vnd
307 1449 548 1494 vnschuldige
574 1455 724 1484 manner
752 1449 824 1493 (die
851 1448 1131 1492 warhafftiglich
1163 1450 1222 1482 fiir
1248 1449 1307 1482 ain
1333 1448 1557 1482 reformierte
1583 1448 1875 1483 Priesterschafft
1900 1448 1986 1481 oder

207 1504 370 1549 Clerisey
397 1504 571 1538 zuachten
593 1506 663 1537 vnd
692 1503 859 1537 zuhalten
885 1503 1002 1546 seind)
1032 1503 1108 1536 auff
1130 1502 1195 1536 das
1220 1501 1408 1545 h'afftigest
1433 1501 1610 1536 zuhassen
1631 1502 1702 1535 vnd
1728 1501 1980 1544 zuuerfolgen¹⁶

211 1558 251 1600 (f.
272 1557 303 1591 21
330 1558 419 1601 ma).

325 1611 407 1655 Ipse
437 1612 606 1645 Canisius
633 1611 666 1644 in
687 1609 803 1655 Opere
824 1610 985 1644 Mariano
1012 1609 1248 1643 contumelias
1276 1608 1416 1652 aliquas
1434 1609 1469 1642 in
1489 1608 1642 1652 Rodingi
1661 1608 1830 1642 Oratione
1849 1608 1982 1642 Beatae

206 1664 345 1698 Mariae
364 1664 506 1708 Virgini
532 1664 650 1698 factas
669 1665 871 1698 detestatur
889 1667 924 1697 et
942 1663 1054 1703 reicit,
1082 1662 1283 1705 Rodingum
1308 1661 1434 1703 „valde
1460 1662 1685 1706 petulantem
1703 1666 1739 1695 et
1756 1661 1982 1701 maledicum,

207 1717 387 1752 rhetorem
427 1717 543 1751 dicam
579 1729 624 1751 an
658 1718 841 1751 scurra1n⁴‘
881 1720 917 1750 et
946 1718 1070 1760 ⁷,quasi
1105 1716 1300 1749 furiosum‘
1333 1726 1466 1749 vocans
1503 1715 1572 1759 (De
1607 1716 1722 1749 Maria
1749 1714 1899 1757 Virgine
1933 1715 1983 1748 in-

207 1771 450 1816 comparabili,
476 1770 689 1814 Ingolstadii
720 1772 819 1811 1577,
847 1771 914 1804 287
943 1770 1004 1814 [ct'.
1024 1770 1155 1803 ibidem
1182 1767 1260 1813 56];
1290 1768 1391 1802 Alter
1409 1769 1542 1803 Tomus
1570 1768 1913 1803 Commentariorum
1940 1767 1984 1801 de

206 1824 316 1858 Verbi
344 1824 408 1858 Dei
435 1825 660 1868 corruptelis,
691 1824 900 1866 lngolstadii
931 1824 1033 1864 1583,
1061 1823 1105 1857 63
1132 1822 1358 1865 312—313):
1388 1823 1422 1855 in
1448 1822 1581 1856 litteris
1608 1826 1728 1856 autem
1755 1821 1985 1856 dedicatoriis

207 1877 336 1922 Operis
363 1878 597 1912 Catechistici
623 1878 890 1912 Catecliismum
918 1889 1020 1911 suum
1048 1877 1100 1911 ita
1127 1876 1297 1916 defendit,
1334 1879 1372 1910 ut
1399 1876 1618 1910 adversariis
1643 1876 1854 1910 nominatim
1880 1874 1982 1909 refel-

208 1932 325 1965 lendis
351 1932 606 1976 supersedeat;
634 1943 668 1966 v,
687 1943 797 1976 supra
824 1943 856 1976 p.
876 1931 1076 1966 326-336.

209 2034 357 2071 1189.
434 2035 527 2071 1575.
567 2035 660 2071 1578.

330 2103 470 2136 Canis-ii
503 2104 733 2137 catechismis
765 2115 902 2146 parcus
937 2105 1140 2147 explicatur
1174 2106 1208 2137 in
1243 2104 1457 2136 dioecesibus
1492 2104 1695 2145 rarmiense',
1732 2102 1984 2145 banibei‘yense',

207 2156 464 2189 mediolanensi
472 2169 486 2199 ;
511 2158 586 2190 eius
612 2156 847 2200 „elucidatffl
877 2158 1102 2200 lovaniensis,
1131 2155 1379 2201 „exercitatiffl
1409 2157 1550 2200 belyica,
1576 2158 1689 2189 versio
1716 2156 1902 2189 bohemica.

326 2225 465 2271 Operae
492 2227 645 2271 pretium
673 2228 793 2270 fuerit,
820 2228 862 2261 de
889 2227 1110 2262 catechismo
1132 2227 1267 2262 Canisii
1289 2227 1356 2262 hoc
1374 2230 1534 2272 tempore
1553 2226 1665 2260 variis
1692 2226 1780 2260 locis
1806 2225 1985 2270 explicato

207 2279 328 2322 aliqua
354 2280 412 2314 hic
438 2280 530 2321 addi,
568 2291 659 2324 quae
688 2293 799 2326 paene
825 2284 953 2326 sponte
980 2281 1067 2315 mihi
1093 2282 1344 2320 occurrerunt:
1381 2292 1497 2324 neque
1524 2280 1617 2314 enini
1644 2279 1799 2313 vacabat
1828 2279 1916 2313 haec
1943 2278 1986 2312 de

208 2332 386 2367 industria
414 2333 650 2376 investigare.

329 2394 358 2427 1.
387 2394 572 2428 Martinus
601 2395 805 2438 Cromerus,
841 2393 1035 2428 cardinalis
1062 2393 1234 2428 Stanislai
1262 2394 1363 2428 Hosii
1399 2393 1557 2438 episcopi
1592 2392 1807 2426 varmiensis
1835 2390 1985 2434 (Romae

208 2445 390 2490 degentis)
418 2447 454 2479 in
481 2447 690 2492 episcopatu
717 2448 1004 2481 administrando
1035 2447 1260 2489 „coadiutor“
1293 2447 1435 2491 (postea
1467 2446 1655 2491 episcopus
1681 2444 1924 2488 varmiensis),
1950 2445 1986 2478 in

207 2500 343 2543 synodo
379 2500 591 2534 dioecesana
626 2512 672 2535 m.
702 2501 802 2534 lunio
829 2513 860 2534 a.
893 2502 981 2535 1575
1010 2500 1245 2543 Heilsbergae
1280 2500 1402 2534 habita
1429 2511 1558 2544 corpus
1584 2499 1763 2543 quoddam
1789 2498 1909 2542 legum
1937 2497 1986 2531 di·

207 2563 461 2586 oecesanarum
489 2554 744 2598 promulgavit,
781 2554 874 2598 quod
901 2554 990 2588 haec
1017 2554 1134 2594 habet,
1171 2566 1203 2588 n.
1232 2554 1297 2588 31:
1338 2553 1625 2595 „Cateehismum
1657 2563 1799 2596 quoque
1834 2561 1985 2594 paruum

209 2604 247 2638 P.
268 2604 401 2651 Canisij
433 2607 465 2649 [a
492 2607 658 2651 parochis
694 2607 752 2641 vel
780 2606 1099 2651 contionatoribus]
1137 2619 1198 2652 per
1230 2610 1372 2651 tempus
1400 2606 1714 2649 Quadragesimae,
1751 2604 1809 2638 vel
1845 2603 1986 2648 quando

208 2659 276 2692 erit
294 2661 528 2699 commodum,
552 2661 744 2704 quotannis
766 2673 828 2706 pro
851 2661 1027 2695 Concione
1047 2660 1268 2705 populariter
1288 2660 1460 2704 explicari
1483 2659 1691 2693 voluinus“:
1716 2659 1988 2692 Constitutione-³

207 2712 400 2756 synodales
430 2712 613 2747 Dioecesis
640 2714 880 2753 Varmiensis,
917 2714 1170 2757 Brunsbergae
1208 2714 1318 2752 1612.
1354 2714 1418 2753 91;
1458 2714 1565 2746 eliam
1600 2712 1636 2746 in
1677 2711 1865 2754 „Conciliis
1900 2709 1986 2744 Ger·

208 2765 367 2798 maniae‘
398 2765 496 2800 Tom.
518 2767 608 2810 Vll.,
635 2767 688 2802 ed.
709 2769 829 2801 Herm.
851 2768 971 2802 Sclioll
997 2767 1032 2801 S.
1050 2767 1094 2807 J.,
1124 2766 1291 2800 Coloniae
1321 2767 1420 2805 1767,
1449 2767 1529 2801 799.

330 2824 360 2858 2.
390 2825 657 2860 Catechismum
687 2827 872 2871 (parvum)
902 2826 1035 2860 Canisii
1063 2838 1094 2860 a.
1126 2826 1215 2859 1575
1242 2826 1277 2859 in
1304 2837 1407 2859 usum
1435 2825 1608 2859 dioecesis
1638 2823 1910 2867 bambergensis
1935 2822 1984 2856 in-

211 2877 357 2910 ductum
385 2889 464 2912 esse
492 2879 648 2913 ostendit
675 2882 855 2913 Henrirus
884 2882 1001 2914 Weber
1026 2880 1048 2914 1.
1069 2892 1096 2913 c.
1118 2879 1165 2923 [ν.
1185 2891 1295 2924 supra
1322 2891 1354 2924 p.
1375 2878 1457 2923 687]
1489 2878 1683 2913 128—147.

330 2937 361 2971 3.
390 2936 489 2977 Quod
518 2950 548 2971 a.
572 2940 661 2973 1575»
689 2940 882 2973 Mediolani
919 2939 1170 2984 typographus
1196 2938 1516 2983 archiepiscopalis
1552 2948 1703 2982 parvum
1731 2935 1865 2970 Canisii
1891 2937 1984 2969 cate-

210 2988 386 3023 chismum
413 2991 511 3034 typis
530 2993 724 3037 exscripsit
745 2993 794 3036 (v.
814 3004 924 3037 supra
945 3005 976 3037 p.
996 2992 1093 3033 732),
1121 2992 1166 3030 id.
1193 2992 1261 3026 nisi
1286 2992 1402 3031 fallor,
1429 2992 1565 3025 sactum
1585 2992 1650 3029 est,
1677 3000 1747 3033 quo
1766 2988 1986 3023 commodius

211 3042 254 3074 ad
291 3043 457 3076 effectum
494 3044 620 3078 deduci
658 3048 813 3090 possent,
850 3057 942 3090 quae
975 3045 1130 3080 Sanctus
1160 3046 1312 3079 Carolus
1336 3046 1576 3079 Borromaeus
1608 3043 1802 3078 cardinalis
1836 3043 1871 3076 in
1910 3041 1985 3084 „ln-

210 3095 459 3130 stitutionibus
495 3096 717 3140 Seminarii‘,
754 3110 844 3142 quas
880 3099 994 3144 primo
1029 3099 1172 3143 quidem
1207 3099 1284 3132 loco
1320 3099 1354 3132 in
1391 3097 1584 3132 seminario
1618 3108 1683 3130 suo
1718 3094 1986 3135 mediolanensi,

210 3147 337 3181 deinde
363 3153 483 3182 autem
511 3151 544 3183 in
572 3152 720 3195 reliquis
746 3163 887 3196 quoque
914 3152 1247 3197 archiepiscopatus
1274 3151 1551 3185 mediolanensis
1577 3149 1780 3184 seminariis
1800 3147 1984 3183 observari
