2051 3433
169 202 254 243 660
651 197 747 231 Mon.
771 198 871 232 1127.
919 198 1019 237 1573,
1045 197 1112 231 sub
1139 208 1183 230 m.
1205 196 1448 231 Februarium.

167 319 205 350 et
230 316 322 360 apud
351 314 578 349 Orthodoxos
604 313 825 355 inusitatum,
852 318 915 347 aut
941 313 1153 347 illaudatum
1180 313 1295 347 videri
1331 316 1449 358 potest
1475 314 1676 348 exorcistae
1702 314 1936 348 institutum?

167 369 283 412 Igitur
318 378 557 412 aggressurus
593 367 659 400 hoc
686 378 825 407 munus,
862 367 1029 401 MARJAE
1067 366 1303 410 patrocinium
1332 367 1531 410 imploraui,
1567 370 1608 401 vt
1633 366 1745 401 Deum
1773 367 1806 401 in
1835 367 1938 411 graui

167 422 349 457 functione
386 421 578 466 propitium
611 421 728 464 magis
764 420 944 454 haberem.
996 421 1166 454 Pudenda
1192 420 1333 454 scilicet
1358 420 1547 460 inuocati0‚
1583 432 1689 464 quam
1718 421 1868 455 Veteres
1894 420 1937 455 ad

167 477 314 510 foelices
340 487 459 509 rerum
486 485 677 508 successus
703 476 740 507 et
765 474 886 508 exitus
912 474 1085 508 diuinitus
1112 473 1356 518 impetrandos
1383 485 1451 507 non
1483 474 1585 507 modo
1612 475 1793 518 priuatim,
1820 475 1882 508 sed
1903 476 1939 509 et

167 529 310 574 publice
346 528 596 568 adhibuerunt,
634 527 774 570 sibique
810 527 979 572 prodesse
1015 530 1216 561 senserunt.
1269 526 1355 561 Cum
1392 526 1462 560 iarn
1499 527 1685 562 adiuratus
1720 528 1868 561 daemon
1904 528 1939 561 in

166 582 323 616 foemina
360 582 587 626 loqueretur,
626 584 666 613 vt
704 583 913 625 praesentes
952 592 1075 615 omnes
1113 581 1295 620 audirent,
1334 580 1441 614 simul
1479 584 1514 614 et
1553 580 1749 621 horrerent,
1788 581 1939 615 Diuinae

167 636 318 670 bonitati
354 635 472 668 visum
508 638 581 674 est,
618 646 680 678 per
716 633 782 667 hoc
816 633 1066 678 qualecunque
1101 633 1359 674 ministerium,
1396 633 1579 667 Ecclesiae
1614 634 1683 667 fide
1718 638 1940 679 cooperante,

167 689 306 723 hostem
342 687 605 722 formidabilem
632 699 700 720 non
738 698 902 721 coercere
929 688 1042 728 modo,
1077 688 1140 721 sed
1168 688 1277 721 etiam
1305 687 1507 731 profligare,
1545 690 1584 720 vt
1610 687 1738 721 mulier
1764 690 1837 721 tam
1865 687 1940 722 diro

168 742 309 787 hospite
344 741 570 775 liberaretur.
631 740 708 774 Hoc
743 744 810 781 est,
846 741 998 781 scilicet,
1037 741 1080 774 in
1117 741 1335 785 principe
1371 740 1721 774 daemoniorum
1761 742 1941 775 eiicere

167 795 395 829 daemonia
410 796 430 835 ¹,
458 798 493 828 et
519 795 622 837 signo
640 794 803 828 mendaci
824 794 1041 839 Papisticam
1062 794 1273 828 confirmare
1292 793 1595 838 superstitionem.
1632 793 1723 835 Quid
1741 794 1799 829 hic
1817 795 1941 836 facias,

165 860 314 893 quaeso,
351 848 536 882 maledicis
562 848 875 887 obtrectatoribus,
911 848 971 891 qui
999 847 1150 881 Paulum
1178 847 1296 892 ipsum
1323 846 1546 891 Apostolum,
1582 847 1613 881 si
1640 859 1759 881 coram
1787 848 1942 889 adesset,

168 903 226 936 vel
262 905 401 947 patrem
436 901 495 935 vel
532 901 645 935 filium
680 901 906 935 Beelzebub²
944 901 1110 935 fortassis
1146 900 1382 945 appellarent.
1434 900 1624 944 Affingant
1657 901 1766 935 etiam
1801 901 1943 936 candidi

166 955 340 996 homines,
367 967 423 988 me
441 955 675 999 aucupandae
694 954 821 996 laudis,
848 955 907 988 vel
926 955 1074 999 parandi
1094 957 1268 998 quaestus
1286 954 1404 996 gratia
1430 953 1525 988 hunc
1543 955 1747 999 suscepisse
1773 954 1942 997 laborem,

167 1011 271 1044 cuius
298 1008 531 1053 quantumuis
557 1008 652 1042 haud
680 1008 802 1051 exigui
822 1020 878 1041 me
906 1019 1051 1052 prorsus
1078 1007 1261 1052 poenitere
1288 1008 1358 1041 iam
1377 1019 1418 1041 ac
1444 1008 1568 1052 pigere
1587 1019 1655 1041 non
1682 1011 1812 1052 potest.
1852 1009 1943 1042 Illud

166 1063 321 1106 ingenue
355 1063 519 1106 bonaque
553 1062 773 1096 conscientia
807 1061 979 1102 testabor,
1015 1061 1099 1105 quia
1134 1061 1301 1095 veritatis
1336 1061 1596 1094 confessionem
1633 1064 1849 1105 extorquent
1883 1062 1942 1096 ad-

170 1116 334 1161 uersarij,
361 1127 416 1149 me
443 1115 532 1149 nihil
559 1116 691 1160 priuati
718 1115 904 1156 commodi,
941 1126 1007 1148 nec
1032 1114 1220 1158 gloriolam
1248 1109 1357 1148 vllam
1378 1115 1411 1147 in
1438 1115 1504 1148 hoc
1531 1118 1606 1148 toto
1632 1115 1787 1158 negotio,
1814 1119 1853 1150 vt
1880 1127 1945 1160 par

167 1172 256 1211 erat,
282 1169 518 1215 spectauisse,
545 1169 606 1203 sed
627 1168 853 1203 Christianae
881 1168 1070 1203 charitatis
1088 1168 1263 1201 rationem
1283 1168 1340 1200 vel
1359 1168 1553 1201 maximam
1582 1167 1761 1209 habuisse,
1789 1181 1943 1203 omnem-

167 1235 237 1268 que
263 1235 471 1258 successum
491 1223 647 1257 instituti
666 1222 869 1263 exorcismi,
895 1233 959 1266 per
984 1233 1090 1266 quem
1117 1221 1274 1255 foemina
1299 1223 1356 1255 ter
1374 1221 1515 1262 misera,
1542 1221 1627 1256 licet
1655 1234 1785 1264 genere
1803 1222 1944 1263 nobilis,

166 1279 338 1311 restituta
364 1279 429 1318 est,
463 1276 536 1310 Deo
563 1275 645 1320 Opt.
665 1276 762 1309 Max.
790 1276 964 1320 inprimis,
1000 1287 1042 1309 ac
1078 1274 1204 1308 deinde
1243 1275 1495 1308 sanctissimae
1522 1274 1661 1318 Virgini
1690 1276 1807 1316 matri,
1843 1276 1945 1310 cuius

167 1331 299 1365 efficax
336 1330 409 1364 illic
444 1330 515 1364 fuit
548 1329 739 1369 inuocatio,
774 1332 962 1373 acceptum
999 1328 1178 1367 retulisse,
1215 1330 1251 1362 et
1286 1327 1418 1362 idcirco
1453 1328 1496 1362 ad
1532 1328 1731 1372 gratiarum
1767 1329 1944 1363 actionem

168 1384 298 1418 Diuino
324 1383 458 1417 nomini
484 1383 699 1417 reddendam
729 1384 938 1427 praesentes
965 1381 1073 1416 illosa
1099 1393 1223 1415 omnes
1242 1382 1425 1426 conceptis
1444 1382 1566 1416 verbis
1585 1382 1816 1416 excitauisse.
1853 1381 1945 1424 Quid

167 1439 262 1472 enim
281 1437 362 1471 inde
381 1437 468 1471 mihi
487 1447 704 1480 arrogamm,
724 1435 784 1469 vel
802 1436 846 1470 ab
865 1435 946 1470 aliis
964 1435 1095 1470 ascribi
1123 1438 1277 1480 paterer,
1307 1435 1400 1479 quod
1420 1435 1586 1469 Christus
1613 1447 1677 1480 per
1694 1435 1786 1470 viles
1804 1448 1945 1480 quoque

170 1492 353 1526 ministros
389 1491 442 1524 ad
478 1490 882 1524 aedificationem
919 1489 1199 1524 Ecclesiae⁸
1233 1500 1320 1522 suae
1347 1492 1526 1533 operatur,
1554 1490 1648 1523 etin
1676 1490 1778 1523 cuius
1803 1490 1945 1523 nomine

168 1545 222 1579 illi
257 1545 365 1579 etiam
401 1545 459 1588 qui
497 1544 613 1578 sancti
640 1555 708 1577 non
737 1547 832 1585 sunt,
868 1555 906 1577 se
934 1544 968 1577 in
995 1543 1103 1577 terris
1136 1542 1381 1587 prophetasse,
1417 1545 1452 1576 et
1479 1542 1671 1576 daemones
1697 1543 1856 1585 eiecisse,
1883 1543 1944 1577 ali-

167 1598 310 1643 quando
336 1598 373 1632 in
399 1609 567 1642 supremo
595 1596 654 1630 illo
679 1596 801 1641 iudicij
839 1597 895 1630 die
931 1597 1194 1631 fatebuntur4‘?
1245 1594 1346 1636 Quod
1373 1596 1613 1630 ministerium
1641 1597 1676 1630 in
1712 1596 1945 1630 daemonibus

168 1652 352 1687 eiiciendis
386 1653 488 1685 tanto
523 1651 652 1692 minus,
688 1653 729 1684 vt
763 1650 877 1691 credo,
915 1650 1034 1695 placet
1069 1649 1298 1691 aduersariis,
1335 1652 1469 1693 quanto
1506 1650 1640 1683 rectius
1666 1651 1807 1690 norunt,
1843 1650 1944 1684 illud-

170 1706 288 1751 ipsum
315 1705 351 1739 in
378 1704 493 1739 veteri
519 1704 683 1738 Ecclesia
708 1706 894 1748 receptum
921 1706 1030 1747 atque
1056 1704 1256 1749 probatum,
1289 1705 1325 1737 et
1350 1703 1394 1736 ad
1420 1714 1485 1736 nos
1513 1702 1717 1737 Catholicos
1743 1703 1856 1737 veluti
1882 1715 1944 1748 per

169 1770 297 1794 manus
332 1759 596 1798 transmissum,
632 1769 695 1802 per
723 1757 856 1791 Christi
892 1758 1045 1800 gratiam
1082 1769 1186 1791 suum
1222 1757 1376 1790 retinere
1403 1757 1577 1800 vigorem,
1614 1759 1650 1790 et
1680 1768 1759 1790 cum
1787 1756 1945 1790 euidenti

168 1813 291 1848 fructu
326 1823 458 1853 eorum,
495 1811 556 1855 qui
582 1823 603 1845 a
638 1811 871 1845 daemonibus
897 1811 1037 1845 obsessi
1062 1814 1157 1851 sunt,
1194 1822 1257 1855 per
1283 1810 1468 1844 ministros
1495 1809 1700 1844 Catholicos
1735 1811 1858 1844 crebro
1885 1822 1944 1844 ex-

169 1866 294 1907 erceri,
330 1869 366 1899 et
402 1864 557 1899 feliciter
593 1864 766 1909 expediri.
819 1863 952 1898 Vident
986 1866 1105 1898 autem
1143 1875 1184 1897 ac
1220 1863 1342 1897 dolent
1377 1863 1498 1903 inuidi,
1534 1863 1630 1897 sicut
1654 1863 1726 1897 alia
1752 1863 1945 1908 plaeraque

169 1919 302 1954 Diuina
329 1918 558 1958 charismata,
594 1918 646 1952 sic
673 1918 781 1951 etiam
808 1917 1069 1951 exorcistarum
1096 1916 1256 1950 officium
1284 1928 1326 1950 ac
1352 1919 1570 1961 potestatem
1596 1916 1632 1950 in
1658 1917 1761 1950 nouis
1786 1917 1943 1961 ipsorum

168 1972 343 2007 Ecclesiis
370 1973 513 2005 omnino
532 1973 659 2010 iacere,
678 1983 720 2005 ac
747 1982 893 2016 prorsus
919 1970 1056 2004 nullum
1083 1970 1216 2004 habere
1242 1970 1370 2011 locum,
1397 1970 1485 2004 adeo
1504 1972 1545 2003 vt
1564 1969 1595 2003 si
1621 1970 1762 2013 quando
1781 1969 1945 2013 magistri

168 2038 291 2061 eorum
317 2028 381 2059 aut
406 2025 492 2070 socij
518 2024 702 2059 eiiciendis
723 2025 957 2059 daemonibus
976 2035 1122 2069 operam
1143 2026 1287 2063 nauent,
1315 2026 1356 2057 vt
1374 2023 1573 2067 quosdamb
1598 2034 1753 2057 nauasse
1772 2023 1946 2064 constat⁵,

167 2091 234 2114 nec
259 2079 475 2124 principium
501 2078 564 2119 illi,
591 2090 657 2112 nec
685 2078 791 2111 finem
817 2078 979 2112 inuenire
1006 2078 1156 2122 possint,
1183 2077 1246 2111 sed
1273 2077 1391 2110 oleum
1419 2079 1455 2110 et
1474 2088 1618 2121 operam
1645 2077 1808 2121 perdant,
1835 2088 1946 2120 seque

167 2134 245 2168 suis
271 2133 378 2167 etiam
405 2132 574 2166 ridendos
609 2134 802 2176 exponant.
854 2131 1036 2173 Quomodo
1071 2131 1164 2165 enim
1193 2130 1425 2164 daemonibus
1452 2130 1682 2174 imperarent,
1719 2130 1860 2164 etiamsi
1887 2129 1946 2164 vel

169 2186 344 2221 Catharos
381 2188 416 2219 et
442 2185 663 2219 Nouatianos
698 2188 849 2219 externa
884 2184 1032 2229 pietatis
1067 2184 1187 2228 specie
1223 2183 1453 2224 excellerent,
1490 2183 1558 2217 nisi
1591 2183 1688 2218 Deus
1722 2184 1799 2228 ipse
1837 2183 1945 2227 (quod

168 2240 280 2284 absit)
324 2239 498 2274 falsitatis
536 2241 666 2272 testem
702 2249 782 2272 sese
821 2240 1041 2283 praestaret,
1080 2248 1262 2281 veraeque
1298 2236 1481 2271 Ecclesiae
1516 2236 1692 2281 capitales
1726 2237 1866 2278 hostes,
1903 2247 1946 2271 ac

169 2305 291 2328 eorum
329 2304 442 2338 praua
480 2293 650 2335 dogmata
689 2292 872 2326 miraculis
907 2292 1144 2334 obsignaret‘?
1204 2290 1280 2333 Ego
1316 2291 1457 2324 demum
1495 2291 1661 2333 ingentes
1696 2289 1772 2324 Deo
1807 2301 1946 2324 summo

169 2348 307 2390 gratias
342 2358 421 2390 ago,
458 2347 517 2390 qui
544 2345 631 2379 mihi
667 2349 721 2379 tot
747 2356 859 2379 annos
893 2345 929 2379 in
964 2344 1032 2379 hac
1060 2346 1140 2378 Iesu
1175 2344 1348 2378 societate
1375 2344 1535 2377 versanti
1570 2342 1662 2378 tales
1696 2344 1812 2378 socios
1838 2343 1946 2385 dedit,

169 2401 230 2445 qui
259 2405 299 2434 vt
332 2399 602 2445 praestantibus
632 2399 693 2432 Dei
730 2399 831 2432 donis
866 2410 922 2432 me
958 2399 1065 2442 longe
1095 2400 1277 2442 superant,
1313 2397 1363 2431 ita
1390 2398 1498 2431 etiam
1524 2398 1554 2431 si
1581 2408 1651 2430 non
1681 2397 1809 2438 verbis,
1845 2399 1883 2430 at
1908 2407 1946 2430 re
1981 2437 1986 2443 .

169 2454 247 2499 ipsa
280 2454 424 2498 quidem
455 2452 567 2495 (absit
598 2453 821 2496 arrogantia)
860 2452 894 2486 id
931 2452 1024 2496 quod
1060 2451 1154 2496 apud
1180 2450 1468 2485 Tertullianum⁶
1493 2450 1659 2493 legimus,
1694 2450 1812 2484 dicere
1841 2460 1946 2494 posse

170 2507 382 2542 videantur:
423 2506 636 2547 ‚Daemones
672 2518 739 2540 non
777 2508 919 2540 tantum
952 2505 1175 2550 respuimus,
1214 2516 1340 2538 verum
1376 2510 1412 2537 et
1447 2504 1676 2545 reuincimus,
1715 2507 1751 2537 et
1789 2503 1947 2547 quotidie

170 2561 402 2605 traducimus,
430 2563 466 2593 et
492 2559 535 2593 de
561 2559 764 2593 hominibus
790 2559 1016 2604 expellimus,
1043 2558 1149 2593 sicuti
1176 2557 1340 2603 plurimis
1366 2560 1489 2591 notum
1516 2559 1594 2591 est:
1637 2557 1675 2590 Id
1702 2568 1828 2590 verum
1855 2567 1946 2598 esse,

291 2652 318 2679 a)
340 2650 399 2674 Ilm·
421 2659 443 2673 ι.
464 2649 542 2673 deest
564 2648 594 2672 in
614 2648 657 2672 ecl.
678 2656 704 2672 a.
727 2649 803 2672 153³.
890 2645 919 2677 b)
943 2647 1010 2670 Viae
1033 2647 1126 2677 infra,
1147 2646 1243 2670 mlum.
1266 2648 1291 2670 5.

293 2778 301 2797 ¹
330 2778 386 2811 Mt
412 2777 443 2818 9,
471 2778 535 2817 34;
567 2776 620 2818 12,
647 2776 710 2816 24;
740 2775 799 2809 Mc
825 2776 857 2815 3,
885 2775 949 2815 22;
978 2775 1026 2808 Lc
1055 2775 1109 2814 11,
1139 2776 1192 2808 15.
1340 2776 1352 2793 ‘²
1381 2773 1433 2808 Cf.
1455 2773 1508 2806 Mt
1529 2773 1582 2814 10,
1610 2774 1671 2813 25;
1698 2773 1757 2807 Mc
1775 2773 1806 2813 3,
1834 2773 1888 2807 22.

293 2831 305 2849 ³
334 2831 349 2863 l
379 2829 448 2864 Cor
477 2830 530 2869 14,
560 2830 612 2863 12.
760 2830 772 2848 ‘¹
801 2828 853 2863 Cf.
873 2829 928 2862 Mt
955 2828 987 2869 7,
1015 2827 1059 2861 22
1087 2828 1142 2861 23.

291 2884 304 2903 ⁶
333 2883 449 2916 Editio
484 2883 566 2916 anni
596 2882 687 2916 1583
716 2882 845 2916 habet:
877 2881 992 2924 „sicut
1018 2880 1213 2914 Lutherum
1242 2883 1278 2913 et
1304 2879 1395 2914 alios
1420 2890 1574 2913 nauasse
1601 2880 1778 2913 constat“.
1829 2878 1947 2920 Quare

171 2936 327 2970 dubitari
363 2936 425 2969 vix
462 2937 591 2980 potest,
627 2936 713 2979 quin
749 2935 1001 2978 significentur
1036 2946 1089 2976 ea,
1126 2944 1218 2977 quae
1254 2933 1297 2967 de
1325 2932 1481 2967 Luthero
1519 2944 1550 2967 a.
1574 2933 1663 2966 1545
1691 2931 1946 2975 vitembergae

170 2989 378 3029 mulierem,
418 2992 458 3022 ut
497 2989 573 3033 ipse
613 2988 865 3029 existimabat,
905 2988 1088 3022 obsessam
1125 2998 1146 3020 a
1182 2986 1354 3020 daemone
1389 2985 1542 3019 liberare
1579 2987 1706 3019 conato
1743 2985 1947 3019 Fridericus

172 3041 370 3086 Staphylus
407 3041 656 3075 universitatis
692 3041 986 3084 ingolstadiensis
1020 3039 1330 3084 superintendens,
1366 3039 1427 3082 qui
1462 3050 1536 3072 rem
1573 3049 1692 3072 coram
1723 3038 1874 3076 viderat.
1909 3037 1944 3071 in

171 3095 263 3129 libro
294 3094 551 3136 ,Nachdruck“
583 3097 651 3128 etc.
696 3094 907 3136 Ingolstadii
935 3105 967 3127 a.
989 3093 1079 3126 1562
1106 3092 1201 3126 edito
1228 3092 1410 3133 narravit;
1437 3103 1471 3126 v.
1494 3093 1638 3131 Gra’sar,
1666 3090 1801 3125 Luther
1826 3090 1945 3125 liv—¹

172 3149 372 3182 629-631.
423 3147 475 3181 De
502 3147 713 3181 exorcismis
740 3147 784 3181 ab
811 3146 892 3180 aliis
918 3146 1094 3180 ministris
1129 3145 1413 3189 protestantibus
1439 3145 1575 3178 frustra
1601 3144 1708 3178 factis
1732 3150 1769 3179 v.
1789 3145 1876 3179 Can.
1895 3143 1944 3178 IV

172 3201 373 3236 806—807.
519 3201 533 3219 ὃ
560 3199 664 3234 Liber
690 3200 733 3234 ad
762 3200 952 3245 Scapulam
979 3210 1009 3234 c.
1028 3198 1048 3231 2
1078 3199 1225 3242 (Mae'yne,
1254 3198 1292 3232 P.
1312 3198 1408 3233 lat.I
1436 3198 1535 3241 779).
