2062 3443
533 156 563 188 A
589 156 622 189 4.
645 155 799 190 Ianuarii
829 154 917 189 1572
944 154 986 188 ad
1015 154 1047 188 6.
1067 154 1223 188 Ianuarii
1254 155 1356 189 1573.
1782 159 1868 199 623

97 272 219 306 riumff‘
279 270 482 312 „Quomodo
510 282 530 305 a
556 271 791 306 nouatoribus
826 271 920 305 male
955 270 1154 314 accipiatur
1186 274 1223 304 et
1258 271 1470 306 scandalose
1505 274 1738 317 exponatur.“
1798 272 1869 313 „De

97 325 255 359 utilitate
290 328 325 359 et
361 325 579 359 necessitate
613 327 780 369 operum*
820 325 1003 359 bonorum.
1058 324 1260 365 „Quomodo
1297 324 1331 358 in
1359 325 1426 359 hoc
1453 325 1650 368 Euangelio
1688 325 1868 359 discamus

98 381 193 412 recte
221 381 256 412 et
283 377 480 412 christiane
506 380 640 412 orare.“
684 377 769 419 „Qui
797 378 890 423 apud
911 377 1134 412 Christianos
1161 377 1264 411 hodie
1291 379 1432 422 possint
1457 391 1520 423 pro
1547 379 1642 413 ueris
1663 379 1870 413 l'harisaeis

98 430 240 466 haberi‘
274 431 310 473 (l.
334 442 361 465 c.
390 431 413 464 f.
436 430 685 473 208·‘—213³¹).

220 489 426 531 „Dominica
446 490 524 524 XII.
544 488 640 534 [post
660 490 801 533 'l‘rinit.]
831 490 873 524 de
899 489 1008 524 surdo
1028 492 1063 524 et
1081 492 1190 530 muto,
1217 489 1328 523 Marc.
1350 490 1466 524 V111.“
1489 498 1524 523 et
1543 489 1598 523 die
1617 489 1710 524 festo
1729 490 1762 524 S.
1784 490 1867 524 Bar-

96 542 288 577 tholomaei
315 543 467 588 apostoli
496 542 568 585 (24.
589 544 774 586 Augusti).
819 543 978 577 Primum
1006 543 1166 576 breviter
1185 543 1228 576 de
1250 543 1521 578 Bartholomaeo
1548 543 1643 586 agit;
1671 543 1797 577 deinde
1825 555 1868 577 ex

97 596 286 640 evangelio
312 596 519 630 Dominicae
549 597 622 639 (Mc
652 597 682 637 7,
710 597 867 640 31—37)
904 596 1139 630 caerimonias
1176 596 1442 631 ecclesiasticas
1469 597 1646 635 defendit;
1684 601 1871 641 praeterea

97 650 267 691 declarat,
299 650 495 694 „quomodo
521 662 694 695 praesens
713 650 951 693 Euangelium
978 650 1013 683 in
1033 650 1156 683 multis
1183 650 1289 684 rebus
1315 653 1446 694 arguat
1472 651 1540 684 den
1568 650 1713 691 brauch,
1740 650 1868 684 handel

99 704 193 738 vnnd
221 703 360 737 wandel
387 704 449 738 der
474 704 642 748 yetzigen
662 704 781 737 weit*
815 703 852 747 (l.
873 715 903 738 c.
931 704 954 738 f.
980 703 1228 747 213··—21>52·).

219 763 426 805 „Dominica
453 763 548 798 Xlll.
577 762 672 807 [post
698 762 843 807 Trinit.]
881 763 932 797 De
960 763 1186 798 Samaritano
1223 763 1308 797 Luc.
1335 762 1398 797 X.‘
1431 763 1505 806 (31.
1524 763 1712 807 Augusti).
1760 762 1869 805 „Quo-

100 816 202 850 modo
229 816 296 851 hoc
316 816 554 859 Euangelium
581 817 681 850 iuuet
707 828 748 851 ac
774 817 913 851 seruiat
930 816 1064 850 homini
1083 816 1126 850 ad
1146 817 1317 850 uirtutem
1337 816 1419 850 fidei
1448 817 1745 860 cognoscendam.
1781 816 1870 857 Quo-

97 870 201 903 modo
228 868 501 913 intelligendum
529 872 566 903 et
591 870 855 904 obseruandum
882 872 1114 915 praeceptum
1141 880 1313 912 magnum
1340 869 1542 904 dilectionis
1570 869 1645 904 Dei.
1689 869 1873 911 Quomodo

97 922 215 957 fidelis
239 934 278 957 se
306 926 342 957 et
368 923 457 957 alios
496 923 658 957 excitare
694 923 801 957 habet
836 926 876 957 ut
902 923 970 957 sibi
1007 923 1291 957 commendatam
1328 922 1461 957 habeat
1488 926 1523 957 et
1554 927 1723 957 exerceat
1757 923 1872 957 chari-

96 978 208 1010 tatem
234 976 409 1021 proximi“
441 976 478 1019 (l.
498 987 528 1010 c.
556 976 580 1010 f.
599 976 848 1019 alsa—222³).

220 1034 425 1076 „Dominica
443 1035 558 1069 XIIII.
578 1034 674 1080 [post
692 1034 834 1080 Trinit.]
859 1035 902 1069 de
929 1035 1080 1080 leprosis
1108 1035 1322 1080 decem“„(7.
1343 1035 1594 1081 Septembris).
1631 1035 1870 1079 Evangelium

97 1088 166 1122 diei
193 1088 380 1133 explicans
406 1088 484 1128 hoc,
521 1092 664 1133 praeter
699 1088 781 1129 alia,
818 1089 1040 1123 auditoribus
1066 1089 1234 1130 inculcat,
1271 1091 1311 1124 ut
1337 1089 1543 1123 sacerdotes
1571 1089 1747 1123 honorent
1777 1093 1871 1131 „tan-

97 1152 203 1185 quam
230 1145 404 1186 pastores,
432 1141 590 1176 medicos
615 1141 835 1186 spirituales,
871 1146 1004 1186 patres,
1040 1143 1200 1186 angelos,
1228 1143 1383 1177 vicarios
1411 1142 1580 1187 Christj⁴‘.
1637 1142 1766 1184 „Jubet
1792 1143 1873 1176 illos

96 1194 244 1240 agnoscj
271 1198 308 1229 et
332 1194 511 1240 honorarj,
547 1195 689 1239 etiamsj
718 1195 811 1229 male
837 1196 975 1237 viuant,
1012 1196 1239 1239 distinguens
1275 1197 1368 1229 inter
1398 1207 1586 1240 personam
1615 1199 1651 1229 et
1676 1196 1868 1230 officium.“

102 1248 245 1294 ‚Magnj
272 1252 357 1283 sunt
386 1249 581 1293 Principes,
608 1249 671 1283 sed
698 1249 811 1282 maior
838 1250 997 1293 dignitas
1023 1250 1270 1283 sacerdotum“
1304 1249 1343 1291 (1.
1363 1261 1393 1284 6.
1420 1250 1445 1284 f.
1465 1247 1717 1293 &lah—225¹)

220 1309 287 1351 „Jn
314 1310 407 1343 festo
432 1308 637 1342 natiuitatis
663 1308 821 1342 Maria&
855 1310 903 1349 (8.
931 1308 1183 1353 Septembris).
1239 1308 1314 1351 „Ex
1341 1320 1410 1353 quo
1436 1309 1671 1343 fundamento
1699 1312 1734 1342 et
1760 1308 1871 1342 inten-

97 1362 193 1396 tione
219 1362 383 1397 Ecclesia
418 1362 584 1396 instituat
611 1364 647 1396 et
673 1374 738 1396 nos
767 1362 950 1396 celebrare
977 1362 1170 1396 debeamus
1205 1362 1272 1397 hoc
1299 1363 1432 1397 festum
1472 1364 1493 1395 2
1519 1363 1694 1406 quomodo
1722 1362 1872 1401 Mariam

98 1427 294 1460 agnoscere
320 1418 356 1450 et
381 1415 493 1449 uitam
521 1416 597 1449 eius
624 1416 785 1459 cogitare
812 1415 1007 1450 debeamus
1033 1428 1077 1449 ex
1105 1416 1123 1450 7
1151 1417 1272 1451 uerbis
1298 1416 1396 1450 eius“
1419 1416 1458 1459 (l.
1478 1427 1508 1450 c.
1536 1417 1559 1450 f.
1580 1416 1827 1459 3372—3392).

222 1474 428 1517 „Dominica
447 1475 524 1509 XV.
547 1474 642 1520 [post
660 1474 805 1519 Trinit]
841 1475 954 1509 Nemo
980 1478 1101 1520 potest
1127 1476 1148 1509 2
1167 1476 1319 1510 dominis
1344 1475 1502 1510 seruire“
1528 1475 1599 1518 (14.
1619 1475 1874 1520 Septembris).

102 1529 318 1574 „Dispositio
358 1529 545 1563 contionis.
598 1528 669 1563 Cur
704 1528 942 1572 Euangelium
981 1528 1049 1573 [Mt
1075 1530 1112 1571 6,
1139 1528 1293 1574 24—33]
1331 1530 1454 1573 magni
1481 1529 1698 1563 faciendum.
1750 1529 1780 1562 1.
1809 1528 1874 1562 Est

97 1594 182 1628 pars
216 1582 346 1626 longae
382 1584 418 1616 et
452 1581 659 1626 praeclarae
686 1582 866 1617 concionis
893 1582 929 1616 in
956 1586 1087 1616 monte.
1135 1583 1167 1617 2.
1194 1582 1285 1617 Sunt
1321 1583 1439 1617 omnia
1467 1582 1601 1617 Christi
1628 1582 1740 1616 verba
1767 1581 1873 1627 plena

96 1637 296 1681 sapientiae
323 1638 357 1670 et
385 1636 568 1670 doctrinae
594 1635 766 1670 salutaris
793 1636 957 1670 omnibus
984 1639 1020 1670 et
1046 1636 1272 1670 necessariae
1292 1653 1299 1661 ·
1320 1638 1487 1670 constant
1514 1635 1705 1671 lieblichen
1724 1638 1874 1671 worten.

96 1690 253 1724 schonen
280 1688 500 1732 gleichnuss
529 1692 565 1723 et
590 1689 798 1733 potentibus
824 1689 1060 1733 argumentis.
1096 1690 1128 1723 3.
1159 1690 1221 1723 Est
1240 1690 1363 1724 concio
1390 1690 1609 1734 pauperibus
1629 1692 1665 1723 et
1685 1689 1876 1733 egentibus

96 1743 344 1782 consolatoria,
372 1743 584 1788 praesertim
604 1743 638 1776 in
658 1743 797 1788 difficilj
825 1754 970 1786 angore.
1007 1744 1038 1777 4.
1067 1742 1245 1777 Docemur
1272 1755 1383 1788 paruo
1404 1743 1527 1777 labore
1549 1743 1702 1777 multum
1729 1743 1874 1788 lucrarj.

96 1800 138 1831 vt
162 1800 198 1831 et
223 1797 258 1831 in
285 1797 404 1830 anima
440 1796 571 1830 diuites
606 1796 735 1831 fiamus
762 1801 797 1831 et
823 1797 859 1830 in
887 1809 1034 1841 corpore
1069 1796 1171 1830 nobis
1205 1796 1294 1830 nihil
1322 1797 1434 1830 desit“
1468 1796 1507 1838 (1.
1527 1808 1555 1831 c.
1583 1797 1607 1831 f.
1634 1796 1874 1836 2262—229²¹;

96 1851 185 1885 haec
208 1854 264 1884 est
281 1850 493 1891 orationum,
519 1850 562 1884 ad
584 1861 675 1894 quas
693 1850 904 1885 scribendas
924 1850 1090 1885 Canisius
1117 1862 1225 1895 opera
1246 1849 1470 1884 Balthasaris
1489 1851 1642 1884 Arnoldt
1669 1862 1761 1885 anno
1782 1850 1874 1884 1572

96 1915 184 1939 usus
210 1906 276 1944 est,
303 1905 515 1948 postrema).

219 1964 284 2006 „Jn
312 1963 405 1997 festo
431 1962 604 1997 Matthei“
636 1965 674 1997 et
698 1963 887 1998 Dominica
914 1963 1008 1998 XVI.
1037 1965 1118 2008 post
1144 1963 1271 1998 Trinit.
1306 1963 1378 2006 (21.
1406 1963 1657 2009 Septembris).
1713 1963 1781 2006 „Jn
1808 1963 1876 1998 hac

96 2017 274 2052 dominica
299 2016 431 2062 duplex
452 2016 690 2060 Euangelium
717 2017 819 2052 nobis
846 2018 1056 2062 proponitur
1083 2017 1394 2057 considerandum,
1420 2028 1530 2051 unum
1557 2018 1627 2051 iam
1646 2017 1807 2051 auditum
1832 2017 1875 2051 de

96 2070 249 2105 mirabili
276 2070 464 2104 uocatione
491 2072 527 2104 et
552 2070 786 2105 conuer'sione
805 2071 982 2105 Matthaei
1010 2070 1198 2115 apostoli..
1220 2098 1227 2105 .
1247 2097 1254 2105 .
1282 2071 1447 2105 Alterum
1467 2071 1704 2115 Euangelium
1733 2071 1876 2116 proprie

96 2127 237 2169 spectat
264 2124 307 2158 ad
328 2123 553 2158 dominicam.
574 2151 581 2158 .
603 2151 609 2157 .
629 2151 637 2159 .
669 2123 930 2168 Relinquamus
950 2124 1187 2168 Euangelium
1217 2124 1430 2159 dominicale
1456 2129 1603 2170 propter
1629 2125 1761 2159 festum
1782 2126 1874 2170 Apo-

95 2177 274 2219 stolicum,
311 2177 346 2211 in
373 2189 443 2221 quo
469 2177 582 2219 nobis,
618 2177 770 2212 historia
797 2178 840 2211 de
866 2178 1040 2218 Mattheo‚
1077 2178 1168 2211 satis
1204 2178 1317 2212 multa
1343 2178 1405 2212 dat
1431 2178 1704 2213 consideranda.
1754 2178 1875 2212 Primo

96 2231 139 2265 de
166 2242 319 2276 persona
345 2230 479 2265 Christi
514 2233 589 2265 tam
623 2231 783 2274 gratiose
809 2231 973 2265 uocantis
1000 2234 1035 2265 et
1062 2231 1306 2265 conuertentis
1334 2243 1503 2275 magnum
1531 2234 1755 2277 peccatorem
1783 2232 1877 2266 Mat-

96 2283 217 2318 theum
245 2284 314 2318 Qdo
340 2284 516 2328 quomodo
542 2295 581 2318 se
607 2284 666 2318 hic
694 2284 838 2318 Christo
876 2283 1110 2328 [adiunxerit]
1147 2288 1183 2318 et
1208 2285 1327 2328 gratia
1356 2284 1490 2319 Christi
1520 2285 1569 2319 sit
1594 2296 1692 2325 usus,
1728 2289 1763 2318 et
1789 2285 1873 2329 quid

96 2337 261 2383 exemplo
287 2349 352 2372 suo
379 2337 565 2371 Mattheus
600 2349 665 2371 nos
701 2338 839 2372 doceat.
891 2338 912 2372 3
940 2338 982 2371 de
1009 2339 1105 2372 dicto
1133 2356 1140 2362 -
1167 2338 1454 2372 Misericordiam
1490 2338 1571 2372 uolo
1602 2343 1638 2372 et
1662 2350 1731 2372 non
1767 2338 1874 2372 sacri-

95 2391 248 2426 ficium.“
301 2391 465 2433 „Fratres
484 2391 637 2425 Matthei
664 2394 750 2425 sunt
769 2391 882 2426 nostri
909 2396 1130 2426 mercatores
1156 2392 1320 2436 occupati
1348 2392 1445 2426 circa
1464 2393 1610 2426 vinantz
1629 2391 1700 2426 vnd
1719 2391 1874 2430 wucher,

95 2457 162 2480 1166
187 2444 298 2479 ullam
325 2444 501 2479 habentes
527 2445 784 2479 conscientiam
812 2445 847 2479 in
874 2445 1071 2479 mutuanda
1098 2445 1260 2490 pecunia,
1288 2446 1360 2480 vnd
1387 2446 1452 2479 das
1471 2446 1522 2479 sie
1549 2446 1638 2480 vber
1656 2446 1720 2480 das
1740 2445 1875 2490 Haupt-

96 2502 174 2542 gut,
200 2498 258 2532 fur
284 2498 351 2532 den
378 2498 496 2541 gewin
529 2498 716 2532 einnemen
743 2499 778 2532 in
806 2499 917 2533 krafft
943 2499 1025 2533 dess
1053 2498 1226 2533 Leihens“
1258 2501 1326 2533 etc.
1373 2498 1551 2541 „Posthac
1577 2499 1804 2533 tractandum
1832 2499 1876 2533 de

96 2551 239 2595 magnis
264 2551 450 2596 mysterijs
477 2563 603 2585 sacrae
629 2551 786 2586 Missae“
819 2552 857 2595 (l.
877 2564 906 2587 c.
935 2552 959 2586 f.
979 2552 1229 2595 33911—34222).

220 2610 430 2654 „Dominica
447 2611 549 2645 XVM
578 2610 674 2656 [post
691 2611 834 2656 Trinit]
854 2612 896 2646 de
917 2611 1102 2657 hidropico
1121 2614 1157 2646 et
1175 2611 1354 2646 sabbato*
1379 2611 1450 2655 (28.
1471 2612 1722 2657 Septembris).
1760 2611 1875 2646 Vehe-

96 2666 236 2698 menter
262 2664 493 2707 reprehendit
515 2665 736 2700 feneratores
757 2665 1044 2709 („usurarios“);
1073 2666 1200 2699 deinde
1226 2664 1385 2709 loquitur
1407 2665 1469 2707 „de
1488 2678 1573 2699 uero
1592 2677 1658 2700 usu
1678 2667 1871 2700 festorum“

97 2720 133 2751 et
158 2717 218 2762 pia
245 2718 484 2751 celebratione
511 2718 581 2752 diei
609 2717 829 2754 Dominicae.
879 2719 951 2761 „De
978 2719 1091 2753 Missa
1117 2719 1319 2753 t1·actatio.“
1378 2718 1636 2760 „Promisimus
1662 2719 1814 2764 posthac
1841 2719 1874 2752 in

97 2770 259 2815 qualibet
294 2770 464 2805 concione
503 2771 546 2805 de
585 2771 719 2806 Missae
754 2773 942 2817 mysterijs
984 2774 1163 2810 tractare.
1198 2774 1235 2806 et
1270 2783 1400 2806 causas
1443 2772 1606 2806 dedimus
1643 2773 1757 2807 nostri
1796 2784 1875 2817 pro-

98 2824 236 2868 positi.·‘
295 2823 427 2866 „Quale
464 2836 591 2858 nomeu
618 2825 784 2860 Missae?
829 2824 921 2867 Quid
948 2826 1080 2860 Missa*
1125 2825 1226 2869 (Can.
1254 2826 1296 2860 51
1333 2826 1358 2859 f.
1385 2824 1607 2860 229b—23222
1633 2824 1875 2866 359¹¹—360¹¹;

98 2877 184 2912 Can.
209 2878 255 2911 34
281 2878 305 2912 f.
329 2877 480 2921 1¹·—21‘).
524 2877 634 2912 Plura
660 2879 742 2913 vide
769 2880 873 2921 infra,
899 2891 1055 2913 monum.
1080 2879 1182 2913 1111.

220 2937 288 2978 „Jn
314 2937 408 2971 festo
435 2936 644 2972 Michaelis“
669 2938 741 2979 (29.
761 2937 1013 2983 Septembris).
1053 2938 1255 2980 „Quomodo
1275 2938 1513 2982 Euangelium
1540 2939 1678 2973 seruiat
1703 2939 1804 2973 nobis
1831 2939 1874 2972 ad

97 2989 410 3024 consolationem.¹‘
465 2989 518 3024 De
553 2990 764 3034 angelorum
799 2991 1026 3026 excellentia.
1083 2991 1284 3033 „Quomodo
1311 3003 1350 3026 se
1375 2992 1480 3027 homo
1514 2993 1643 3027 debeat
1678 3003 1765 3036 erga
1795 2992 1877 3026 illos

97 3043 254 3085 gerere.“
313 3041 402 3084 „Qui
428 3043 581 3087 Angelis
606 3055 646 3078 se
672 3045 789 3089 magis
815 3045 850 3078 in
877 3045 945 3080 hac
973 3045 1048 3080 uita
1084 3045 1362 3079 conformanti*
1416 3045 1455 3079 In
1482 3045 1610 3080 horum
1635 3057 1784 3080 numero
1812 3045 1875 3079 Ca-

97 3096 211 3130 nisius
246 3097 346 3141 ponit
380 3097 489 3130 etiam
526 3109 675 3142 „pueros
701 3100 798 3133 circa
830 3110 906 3133 rem
934 3099 1090 3132 diuinam
1118 3098 1274 3132 libenter
1300 3100 1338 3132 et
1363 3099 1488 3133 crebro
1514 3102 1714 3140 uersantes,
1741 3099 1875 3133 Missae

98 3160 200 3184 sacro
227 3154 263 3184 et
287 3149 394 3184 altari
421 3154 629 3185 reuerenter
654 3152 914 3193 ministrantes,
951 3151 1009 3186 uel
1037 3153 1071 3186 in
1097 3151 1223 3196 templi
1251 3151 1465 3197 ceremonijs
1490 3152 1608 3196 magis
1635 3164 1741 3197 quain
1768 3153 1876 3187 rebus
