2062 3443
95 170 197 206 1987.
217 169 305 205 Can.
322 169 558 204 Mercuriano.
587 170 617 204 9.
633 169 730 214 Sept.
749 170 850 204 1577.
889 169 989 205 1988.
1010 168 1094 203 Can.
1111 168 1231 203 Hosio.
1260 168 1385 214 Oenip.
1408 170 1461 204 16.
1477 170 1574 214 Sept.
1592 169 1692 203 1577.
1727 173 1812 213 415

45 296 215 320 annorum
254 286 316 325 24;
358 286 574 329 „Gregorius
611 285 823 319 Clementis“
867 285 1112 327 (Clemenson)
1151 296 1322 320 annorum
1359 286 1414 320 22.
1475 286 1644 328 „Praeter
1674 298 1814 321 omnem

45 340 385 384 exspectationem&
413 340 529 383 inquit
557 340 705 382 liram-It,
750 339 909 379 „accidia
947 340 984 371 vt
1011 350 1031 372 a
1058 338 1264 372 Venerabili
1302 340 1481 374 Societate
1515 340 1594 373 lesu
1624 339 1815 384 Oeniponti

44 403 352 435 cognosceremus,
380 403 607 436 nequaquam
635 392 837 426 consultum
867 395 902 425 et
928 394 1047 425 tutum
1075 403 1166 434 esse,
1203 396 1241 426 vt
1270 392 1334 426 hoc
1361 397 1530 437 tempore,
1558 404 1627 436 quo
1655 393 1815 436 grauiter

44 455 65 480 a
91 448 192 490 peste
220 446 331 479 Jtalia
360 447 491 490 passim
521 446 723 486 diuexatur,
752 457 815 478 nos
842 446 910 478 iter
929 445 1132 489 incoeptum
1154 457 1461 489 prosequeremur,
1489 447 1702 491 praesertim
1722 446 1813 490 quod

42 498 201 532 nonnulli
229 510 274 532 ex
303 498 426 532 Italiae
454 498 584 532 finibus
612 499 646 532 in
675 498 905 532 Germaniam
933 498 1057 532 eadem
1085 498 1127 531 de
1159 509 1270 532 causa
1297 500 1370 532 sint
1396 499 1512 533 redire
1539 499 1814 533 coacti-Suaso-

42 555 126 586 runt
152 552 263 595 igitur
288 551 337 597 pij
364 554 497 597 patres.
535 555 575 585 vt
601 551 645 585 ad
673 554 816 595 tempus
843 551 934 596 apud
963 562 1002 585 se
1036 563 1312 586 remaneremus.
1331 579 1337 585 .
1354 579 1381 586 ..
1420 552 1658 595 Agnoscimus
1693 555 1814 586 autem

41 605 262 649 singularem
289 605 415 639 horum
444 607 583 649 patrum
612 616 698 648 erga
725 615 788 638 nos
815 605 992 649 orphanos
1028 604 1288 648 benignitatem
1317 608 1352 639 et
1378 606 1561 649 ingentem
1589 605 1814 645 charitatem,

42 659 102 703 qui
129 670 193 692 nos
220 661 364 692 exteros
391 662 427 691 et
463 659 628 701 indignos
665 659 722 692 hic
760 669 829 692 non
862 658 999 692 modice
1026 663 1111 692 sunt
1138 659 1324 699 consolati,
1360 658 1539 702 simulque
1566 660 1660 692 viam
1698 662 1815 692 osteu-

41 711 168 746 derunt
196 712 231 746 in
259 711 452 746 Germania
478 723 542 746 nos
569 712 752 745 commode
778 711 1018 749 sustentandi,
1055 711 1220 745 nimirum
1259 712 1352 746 inter
1378 713 1603 746 conuictores
1632 712 1814 756 Dilingani

42 764 212 810 Collegij‘
253 768 320 800 etc.
357 766 420 808 (ex
455 768 607 808 autogr„
648 764 788 807 „Gernr
821 765 907 800 156“
938 764 1241 808 f.·168³—169¹>);
1277 765 1421 800 litteras
1448 777 1492 799 ex
1519 766 1641 800 eodem
1675 769 1814 808 autogr.

41 819 159 863 posuit
189 819 352 861 Themer,
379 818 575 853 Schweden
604 819 635 852 II
665 818 883 861 150—152).
920 819 1050 852 Petrus
1069 818 1129 852 ille
1158 818 1272 853 Brask
1300 820 1379 853 sive
1406 818 1545 853 Braske
1581 818 1676 853 filius
1703 819 1815 853 fuisse

41 872 184 906 videtur
209 871 346 906 Nicolai
376 871 492 906 Brask
523 872 681 906 consulis
717 871 936 913 holmiensis,
973 871 1172 905 catholicae
1199 871 1385 914 religionis
1410 872 1680 912 studiosissimi,
1715 872 1816 906 cuius

41 925 153 959 frater
180 925 331 959 Ioannes
359 925 475 959 Brask
501 926 651 959 ultimus
683 925 803 959 fuerat
839 925 1087 970 episcoporum
1123 925 1381 959 catholicorum
1416 925 1688 970 lincopiensium
1718 925 1815 967 (Lin-

41 977 177 1023 koping
204 979 238 1012 in
265 978 428 1022 Suecia);
469 978 600 1013 Petrus
636 981 761 1023 postea
796 978 971 1013 ecclesiae
1006 978 1206 1013 catholicae
1244 979 1279 1012 in
1306 979 1433 1014 Suecia
1461 979 1610 1013 multum
1647 978 1817 1013 utilitatis

41 1032 223 1066 allaturus
249 1034 338 1066 erat.
390 1031 443 1066 cf.
465 1033 678 1066 Steinhuber
702 1031 725 1066 l.
745 1044 773 1066 c.
795 1032 826 1066 I*2
852 1032 1052 1066 354-355.

158 1091 408 1126 Mercuriauus
434 1091 577 1126 Canisio
604 1091 789 1135 respondit
818 1091 871 1126 14.
891 1091 1105 1126 Novembris
1135 1092 1237 1126 1577.

39 1196 193 1233 1987.
281 1196 499 1231 CANlSlUS
528 1194 908 1231 EVERARDO
938 1195 1393 1232 MERCURIANO
1423 1197 1628 1242 praeposito
1654 1197 1813 1241 generali

229 1250 420 1286 Societatis
447 1251 538 1284 lesu.
1133 1250 1333 1294 Oeniponte
1360 1252 1392 1286 9.
1414 1251 1636 1295 Septembris
1664 1251 1766 1285 1577.

157 1316 213 1350 Ex
239 1315 476 1361 epistularum
504 1315 548 1349 ad
573 1315 840 1349 Mercurianum
867 1315 1115 1360 autographis.
1160 1315 1279 1350 Germ.
1302 1316 1368 1350 183
1395 1327 1429 1350 n.
1449 1316 1517 1350 294
1545 1318 1580 1349 et
1607 1314 1726 1350 Germ.
1750 1316 1815 1349 138

39 1371 62 1404 f.
94 1370 186 1405 184³.

160 1436 329 1469 Canis-ins
351 1436 541 1477 Oeniponte
565 1437 618 1468 16.
640 1435 851 1477 Sepfembris
871 1437 963 1468 1577
984 1435 1217 1468 Mercuriano
1243 1436 1409 1477 scripsit:
1436 1435 1697 1478 „Eoepectamzcs
1717 1435 1754 1468 P.
1776 1435 1814 1467 T.

35 1490 244 1523 sententiam
270 1490 312 1521 de
336 1499 398 1521 sex
423 1489 496 1521 illis
526 1489 661 1530 Gothis,
689 1490 752 1531 qni
779 1489 948 1530 Dilinqae
974 1493 1240 1531 commorantes,
1268 1489 1316 1521 ad
1339 1489 1535 1521 Romanam
1555 1490 1814 1530 profectionem

38 1544 215 1586 aspirant,
245 1547 280 1575 ut
305 1543 408 1575 semel
434 1547 538 1585 atque
564 1544 691 1575 iterum
718 1539 882 1584 serm-effi.
935 1542 1098 1574 Primum
1125 1542 1265 1585 quidem
1298 1542 1466 1575 Canis-ias
1491 1544 1685 1585 scripserat
1715 1542 1815 1575 Oeni-

31 1602 140 1640 ponte
165 1599 197 1630 2.
219 1597 431 1640 Septembris
452 1598 564 1637 1577;
590 1606 679 1638 quas
704 1597 842 1628 litteras
868 1596 946 1628 vide
966 1606 1078 1637 supra
1102 1608 1139 1638 p.
1160 1597 1239 1629 41:2¹.
1277 1596 1402 1628 Altera
1429 1600 1544 1628 autem
1574 1596 1637 1628 illa
1664 1596 1814 1638 epistula

0 1684 1 1692 ἵ
34 1653 167 1694 perisse
201 1651 350 1683 videtur.
407 1650 518 1691 Quam
556 1650 761 1692 se'ynz'sicare
799 1650 938 1682 ridetur
973 1650 1149 1691 Hoffaczcs
1183 1650 1408 1693 praepositus
1441 1650 1697 1692 provincialis,
1736 1660 1814 1681 cam

37 1704 270 1737 Morem-iano
300 1705 490 1746 Oeniponte
517 1706 547 1736 9.
569 1703 781 1745 Septembris
809 1705 901 1736 1577
926 1703 1070 1735 scribit:
1098 1703 1255 1746 „Scribit
1274 1703 1312 1735 P.
1336 1703 1505 1736 Canisius
1531 1704 1572 1735 de
1596 1714 1657 1735 sex
1684 1704 1815 1744 Saetzjjs

37 1758 99 1800 qui
124 1758 274 1791 Romam
309 1758 468 1790 transire
501 1767 573 1789 non
610 1757 789 1789 (tradebant
814 1760 844 1788 et
870 1757 1041 1799 Dt'linyae
1076 1767 1171 1788 nunc
1197 1756 1343 1789 haerent
1381 1766 1481 1799 fsque
1517 1757 1564 1789 ad
1595 1767 1813 1800 responsam.

35 1811 74 1845 P.
96 1811 219 1844 Vestra
245 1811 435 1853 diliycnter
461 1821 581 1843 eornm
609 1821 754 1843 causam
778 1809 1021 1852 proi›1oneat.“

156 1881 322 1915 Canisius
357 1880 488 1914 iterum
523 1880 714 1925 scripsisse
741 1881 894 1919 videtur,
931 1891 1001 1924 quo
1032 1881 1166 1914 certius
1192 1883 1300 1919 esset,
1337 1881 1605 1914 Mercuri-anum
1632 1891 1711 1914 eam
1737 1892 1812 1914 rem

36 1934 265 1978 cogniturum
291 1945 389 1974 esse;
428 1934 570 1967 Italiam
597 1934 691 1967 enim
727 1933 934 1978 pestilentia
970 1933 1118 1974 urebat;
1154 1937 1300 1978 propter
1327 1945 1434 1978 quam
1470 1934 1601 1968 ibidem
1633 1935 1814 1977 „integros

36 1987 229 2022 fasciculos
256 1987 441 2021 literarum
469 1986 710 2021 concremari“
741 1986 915 2027 ferebant,
953 1989 993 2020 ut
1021 1987 1060 2021 P.
1085 1989 1280 2030 Greyorc’us
1306 1987 1505 2030 Rosephias
1531 1987 1565 2022 S.
1586 1988 1618 2022 J.
1645 1988 1814 2031 Augusta

37 2041 92 2076 19.
110 2042 268 2085 Augusti
297 2041 388 2075 1576
415 2041 643 2075 Mercuriano
669 2038 847 2085 *scripsit
875 2040 937 2083 (ex
963 2042 1122 2083 autogr.;
1152 2040 1270 2074 Germ.
1293 2041 1358 2075 137
1387 2040 1411 2074 f.
1434 2041 1683 2085 153'2—15422).

34 2144 195 2181 1988.
295 2144 513 2180 CANISIUS
542 2145 717 2180 cardinali
748 2144 1136 2181 STANISLAO
1169 2143 1411 2189 llssSlO,
1449 2146 1605 2181 Sanctae
1631 2148 1814 2182 Romanae

225 2199 408 2234 Ecclesiae
431 2199 712 2234 poenitentiario
739 2200 876 2241 maiori,
908 2200 1075 2244 episcopo
1102 2199 1311 2233 varmiensi.

1107 2258 1307 2303 Oeniponte
1337 2260 1389 2293 16.
1410 2258 1634 2304 Septembris
1662 2261 1763 2295 1577.

152 2324 208 2358 Ex
234 2324 460 2369 autographo
489 2324 569 2367 (2⁰;
600 2324 615 2357 1
645 2335 696 2368 p.;
724 2324 759 2357 in
785 2335 819 2368 p.
839 2323 872 2358 4.
900 2324 1086 2368 inscriptio
1122 2323 1193 2358 alia
1223 2335 1331 2358 manu
1366 2324 1485 2368 posita
1511 2327 1548 2358 et
1573 2325 1735 2368 sigillum
1761 2325 1814 2359 in-

31 2378 203 2422 tegrum),
231 2377 324 2422 quod
352 2381 408 2412 est
435 2377 631 2411 Cracoviae
658 2378 692 2411 in
722 2377 938 2411 bibliotheca
964 2377 1225 2417 universitatis,
1254 2377 1337 2412 Cod.
1367 2377 1455 2412 1131
1478 2395 1485 2403 ·
1507 2378 1619 2412 1—3“
1649 2390 1683 2413 n.
1703 2379 1758 2413 71.

153 2440 197 2473 Se
227 2440 324 2482 Opas
348 2439 563 2472 sslarianum
590 2439 703 2472 Hosio
729 2443 759 2471 ct
786 2439 918 2472 Sz'rleto
944 2440 1081 2471 mittere
1107 2449 1297 2481 eorumque
1323 2449 1494 2472 censurae
1517 2439 1684 2473 subicere.

750 2510 778 2561 †

534 2575 628 2617 Pax
661 2574 821 2618 Christi
854 2575 978 2617 nobis
1013 2578 1206 2625 aeterna,

819 2640 1052 2682 Jllustriss.
1077 2640 1260 2682 Domine
1293 2639 1497 2684 Patrone.

151 2711 332 2754 Absolui
373 2711 551 2754 tandem
595 2725 702 2766 opus
718 2712 745 2762 ¹,
789 2712 902 2764 quod
936 2714 984 2754 ut
1017 2713 1084 2754 est
1126 2725 1204 2765 per
1243 2725 1289 2753 se
1322 2710 1505 2753 sublime
1538 2713 1584 2754 et
1615 2712 1811 2762 arduum,

29 2776 94 2820 ita
125 2790 246 2819 meas
278 2776 450 2829 quidem
485 2776 613 2826 uires,
657 2780 810 2831 utpote
832 2776 1082 2826 imbecilles,
1126 2776 1309 2818 multum
1342 2776 1552 2828 exercuit,
1587 2791 1717 2830 quum
1759 2778 1812 2819 de

30 2841 190 2884 lectiss.
225 2845 270 2884 et
302 2841 523 2884 sacratiss.
547 2841 718 2895 uirgine
740 2841 932 2896 Deipara
965 2855 1098 2884 conor
1130 2841 1291 2894 aliquid
1325 2841 1555 2892 balbutire,
1591 2845 1636 2885 et
1667 2842 1811 2884 lumen

29 2909 202 2950 tantum
235 2907 447 2948 aduersus
480 2920 617 2948 nouos
658 2907 935 2949 tenebriones
968 2906 1217 2949 defendere.
1281 2905 1379 2947 Etsi
1410 2919 1514 2948 uero
1548 2907 1617 2949 hic
1650 2907 1812 2960 qualis-

31 2985 213 3025 cumque
245 2971 368 3013 labor
400 2985 486 3012 non
517 2975 804 3025 promeretur,
838 2975 888 3015 ut
919 2975 996 3014 aut
1019 2971 1250 3014 Jllustriss.
1276 2970 1553 3014 Celsitudinis
1585 2975 1701 3023 tuae,
1736 2975 1811 3015 aut

31 3036 256 3078 doctorum
289 3035 487 3086 aliorum,
523 3035 594 3089 qui
627 3039 729 3079 sunt
751 3039 982 3080 emunctae
1006 3037 1138 3087 naris,
1171 3035 1327 3078 iudicio
1351 3036 1629 3090 approbetur,
1663 3040 1811 3080 tamen

153 3169 161 3189 ¹
189 3167 290 3213 Opus
315 3168 531 3202 Marianum.
