2051 3433
217 158 301 198 514
353 155 456 189 2045.
486 154 652 189 Canisius
681 154 863 189 Everardo
893 155 1126 189 Mercuriano.
1167 155 1356 189 Monachio
1384 154 1479 190 circa
1509 157 1562 190 15.
1581 157 1737 200 Augusti
1768 157 1869 192 1579.

335 272 469 306 Canisii
506 271 648 305 litterae
684 272 885 316 perierunt;
923 284 1013 316 quas
1045 272 1139 306 circa
1167 272 1200 306 d.
1232 273 1284 306 15.
1305 274 1462 316 Augusti
1499 273 1603 308 datas
1631 286 1709 308 esse
1746 287 1790 308 ex
1818 287 1858 309 eo
1893 275 1989 310 colli-

215 326 322 369 gitur,
356 326 448 370 quod
475 325 724 359 Mercurianus
761 326 882 359 eodem
913 326 973 359 illo
1005 326 1037 359 d.
1057 326 1089 360 9.
1109 324 1289 367 Octobris,
1326 338 1394 370 quo
1421 326 1463 360 ad
1493 326 1674 362 Canisium
1709 328 1861 368 litteras,
1900 340 1991 372 quas

217 379 303 419 dixi,
332 379 442 419 misit,
470 379 514 412 ad
543 377 581 412 P.
603 377 755 412 Paulum
784 378 969 413 Hoffaeum
998 390 1139 423 quoque
1167 378 1380 413 Germaniae
1410 381 1607 424 superioris
1638 381 1893 425 provincialem
1921 382 1991 427 epi-

216 433 350 467 stulam
377 432 496 471 dedit;
537 443 629 475 quae
655 431 707 465 sic
735 432 879 477 incipit:
927 432 1029 473 „Vidi
1065 444 1157 476 quae
1184 431 1401 466 Reuerentia
1428 433 1471 466 V.
1490 434 1617 467 scribit
1652 435 1844 479 postremis
1876 434 1992 469 literis

216 487 311 520 datls
348 487 390 520 15
418 486 530 528 Aug.“
586 485 789 529 Scripserat
823 492 964 524 autem,
1001 488 1041 519 ut
1076 498 1120 519 ex
1155 486 1279 519 eadem
1308 485 1525 520 Mercuriani
1561 487 1717 532 epistula
1753 488 1992 531 cognoscitur,

220 540 400 579 Hoffaeus,
434 538 617 572 Canisium
655 539 699 572 ad
727 539 893 572 comitem
920 538 1020 572 illum
1049 541 1099 573 ire
1126 550 1145 572 a
1172 550 1211 572 se
1239 539 1375 573 iussum
1403 551 1482 573 esse
1511 540 1572 582 (ex
1598 552 1743 579 comm.;
1782 540 1849 576 Rh.
1875 542 1940 575 lnf.
1964 544 1991 578 l.

218 594 250 627 ΙΙ
279 594 302 627 f.
331 593 420 635 34²1).

341 657 531 691 Caeterum
560 657 602 690 ad
631 656 724 690 hanc
743 656 876 691 Canisii
903 658 1110 692 missionem
1129 657 1271 702 plenius
1290 657 1567 701 intellegendam
1597 659 1729 692 iuverit
1754 658 1842 693 haec
1861 659 1994 693 notari:

219 713 477 745 Merctc're'anus
495 710 607 744 Roma
634 710 689 744 26.
710 710 801 744 Iunii
830 711 919 745 1579
946 710 1108 745 *litteris
1129 710 1388 754 lngolstadium
1415 712 1536 746 missis
1556 712 1742 745 Hoffaeum
1771 713 1823 746 sic
1838 713 1992 746 monuit:

222 764 522 807 „Jllustrissimus
554 763 726 797 Dominus
753 764 965 798 Pernestain
1002 776 1083 798 cum
1120 776 1232 798 uxore
1267 776 1333 798 sua
1370 776 1449 798 cum
1487 764 1599 798 filiam
1636 766 1924 809 peregrinantem
1960 766 1994 799 in

219 818 398 857 Sueuiam,
425 817 597 851 ditionem
624 817 773 852 Comitis
791 817 932 852 Alberti
959 818 1015 852 cui
1043 829 1084 852 ea
1111 821 1224 862 nupta
1250 822 1306 852 est
1334 818 1453 860 praga
1478 818 1673 854 mitterent.
1702 824 1853 862 egerant
1878 818 1995 853 nobis-

219 883 299 905 cum
326 883 389 916 per
415 871 557 905 litteras
586 870 818 905 uehementer
854 874 894 905 ut
929 871 1012 906 istic
1039 872 1196 916 aliquem
1234 883 1252 904 e
1284 871 1418 905 nostris
1453 871 1506 906 illi
1535 872 1702 906 daremus
1728 873 1789 916 qui
1821 883 1898 906 eam
1926 883 1996 905 una

220 937 299 959 cum
327 925 404 958 uiro
431 925 465 958 in
494 925 645 958 Domino
673 925 928 966 consolaretur,
966 927 1001 959 et
1028 925 1064 959 in
1090 925 1198 959 rebus
1230 925 1480 969 spiritualibus
1515 925 1714 959 adiuuaret.
1766 925 1866 967 Quod
1895 925 1996 959 bene-

219 979 338 1012 ficium
366 982 400 1012 et
427 989 490 1023 per
516 989 555 1012 se
582 978 691 1023 pium,
719 982 755 1012 et
781 982 855 1012 tam
882 978 1084 1013 illustribus
1104 979 1275 1018 Dominis,
1303 980 1418 1022 deque
1444 981 1567 1012 nostra
1594 978 1772 1013 Societate
1800 978 1895 1012 haud
1921 979 1997 1012 uul-

220 1033 356 1075 gariter
382 1031 531 1072 meritis,
567 1036 603 1065 et
638 1032 766 1066 mereri
801 1033 949 1076 paratis,
986 1032 1111 1075 negari
1138 1044 1207 1066 non
1233 1033 1362 1077 potuit.
1396 1044 1465 1066 non
1493 1035 1615 1066 tamen
1652 1036 1692 1066 ut
1718 1035 1891 1077 perpetuo
1917 1044 1996 1066 eum

220 1085 292 1120 illis
319 1085 496 1130 quispiam
524 1088 678 1126 maneat,
715 1086 808 1129 quod
836 1086 982 1120 decreta
1007 1086 1197 1130 prohibent
1214 1087 1233 1126 ¹,
1266 1091 1301 1119 et
1335 1085 1542 1119 iamdudum
1570 1097 1676 1130 quam
1713 1085 1762 1120 sit
1787 1086 1997 1120 damnosum

221 1141 437 1184 experimur,
464 1139 527 1172 sed
555 1139 686 1183 aliquis
705 1139 898 1183 aliquando
925 1140 969 1174 ad
997 1151 1057 1174 eos
1076 1142 1255 1180 excurrat,
1283 1139 1410 1172 deinde
1437 1139 1562 1173 redeat
1587 1139 1630 1173 ad
1652 1139 1862 1183 Collegium.
1906 1138 1997 1172 Nam

222 1205 336 1237 neque
375 1194 530 1238 amplius
565 1193 612 1227 ‘24
647 1193 862 1227 milliaribus
897 1193 1033 1227 distare
1059 1193 1160 1227 locus
1195 1192 1338 1233 dicitur,
1374 1204 1490 1236 neque
1528 1192 1604 1226 eius
1636 1193 1773 1227 mansio
1800 1193 1999 1226 diuturnior

223 1248 308 1286 fore,
338 1258 444 1290 quam
471 1247 610 1290 aliquot
636 1247 824 1281 niensium.
876 1246 994 1288 Quare
1028 1248 1080 1281 sic
1107 1246 1274 1290 rescripsi
1302 1245 1358 1279 his
1385 1245 1648 1280 conditionibus
1675 1246 1831 1290 aliquem
1858 1247 1910 1280 eis
1935 1257 1999 1279 nos

222 1301 380 1341 daturos,
417 1301 531 1344 deque
571 1312 611 1333 eo
649 1300 692 1334 ad
730 1300 984 1335 Reuerentiam
1028 1300 1071 1334 V.
1103 1300 1313 1344 scripturos.
1364 1299 1454 1332 Nam
1496 1300 1604 1333 etiam
1644 1299 1709 1333 hoc
1745 1300 1924 1343 urgebant
1960 1304 2001 1332 ut

223 1365 433 1398 responsum
461 1355 649 1396 Augustae
684 1365 792 1397 quam
828 1354 983 1398 primum
1019 1354 1176 1393 adesset,
1213 1356 1249 1386 et
1275 1353 1304 1386 si
1342 1353 1418 1386 fieri
1454 1355 1576 1397 posset
1602 1353 1646 1386 ad
1680 1353 1864 1386 dimidium
1891 1351 1997 1396 Julij:

223 1419 440 1451 quamquam
469 1407 502 1441 id
538 1408 609 1440 iam
645 1407 723 1441 fieri
758 1419 825 1441 non
864 1419 969 1452 posse
1005 1407 1169 1450 intelligo
1195 1410 1334 1440 uttam
1371 1406 1441 1440 cito
1474 1405 1541 1440 hae
1577 1406 1720 1440 litterae
1753 1407 1995 1451 perueniant·

224 1463 478 1494 giler-czarianns
513 1460 606 1495 hanc
642 1460 834 1505 epistulam
863 1461 1067 1504 Augustam
1095 1460 1363 1494 Vindelicorum
1399 1459 1442 1493 ad
1480 1459 1519 1492 P.
1539 1459 1751 1503 Gregorium
1781 1459 1998 1504 Rosephium

224 1515 351 1548 domus
378 1514 475 1548 illius
506 1514 767 1559 „superioreiff‘
797 1515 897 1548 misit
923 1526 1003 1548 cum
1030 1514 1192 1548 *litteris
1218 1514 1341 1547 eodem
1369 1513 1425 1547 die
1452 1512 1556 1553 datis,
1584 1513 1713 1556 quibus
1740 1514 1771 1546 ei
1796 1513 2000 1552 mandabat,

227 1571 264 1601 ut
292 1567 441 1602 Hoffaeo
468 1568 660 1612 epistulam
688 1567 787 1602 illam
820 1579 926 1612 quam
953 1569 1107 1612 primum
1135 1567 1344 1601 tradendam
1374 1570 1537 1606 curaret;
1573 1566 1679 1600 simul
1706 1566 1885 1611 Rosephio
1911 1565 1999 1599 haec

224 1621 473 1663 significabat:
505 1621 654 1662 „Veniet
681 1621 776 1655 istuc
803 1623 931 1655 Comes
956 1620 1129 1655 Albertus
1165 1632 1245 1654 cum
1273 1632 1383 1654 uxore
1409 1619 1482 1653 filia
1510 1619 1758 1654 Jllustrissimi
1787 1620 1999 1653 Pernestain

225 1676 292 1710 uiri
320 1675 422 1709 nobis
448 1675 676 1714 amicissimi:
710 1676 771 1719 qui
807 1676 975 1719 quoniam
1012 1674 1213 1719 postulauit
1246 1676 1287 1707 ut
1321 1674 1476 1717 aliquem
1517 1673 1549 1706 ei
1574 1673 1718 1707 Patrem
1747 1674 1913 1707 daremus
1939 1673 1999 1716 qui

225 1729 416 1773 aliquando
443 1728 487 1762 ad
516 1739 576 1762 eos
604 1728 841 1762 consolandos
877 1730 912 1762 in
939 1728 1106 1762 Sueuiam
1136 1739 1256 1762 eorum
1284 1728 1454 1761 ditionem
1484 1738 1523 1760 se
1550 1727 1739 1765 conferret,
1775 1727 1923 1770 eiusque
1949 1726 2000 1759 rei

226 1793 437 1827 responsum
458 1783 645 1825 Augustae
673 1782 806 1816 habere
825 1782 1067 1816 deside1·aret“
1090 1784 1157 1816 etc.
1179 1781 1240 1824 (ex
1259 1781 1548 1814 commentariis:
1575 1779 1642 1814 Rh.
1663 1780 1729 1813 lnf.
1753 1781 1782 1820 1,
1811 1780 1842 1813 Il
1872 1781 1893 1813 f.
1914 1779 1990 1822 33⁸)

229 1835 462 1880 significatur
502 1839 620 1869 autem
658 1836 831 1870 Albertus
867 1836 1006 1880 imperii
1041 1847 1161 1869 comes
1200 1835 1243 1868 de
1277 1834 1522 1877 Fiirstenberg
1560 1834 1840 1877 (1557—1599),
1876 1833 2002 1867 unicus

229 1890 325 1923 filius
354 1889 602 1934 Christophori
630 1889 655 1923 I.
686 1890 722 1932 (†
752 1890 858 1931 1559)
887 1889 998 1929 illius,
1036 1890 1091 1923 cui
1120 1901 1151 1923 a.
1174 1889 1264 1923 1559
1290 1888 1325 1922 in
1359 1888 1552 1922 comitatus
1578 1887 1907 1931 furstenbergensis
1933 1886 2001 1920 dis-

226 1943 421 1977 tributione
457 1943 565 1976 vallis
592 1943 737 1977 Kintiae
772 1943 1030 1986 (Kinzigertal)
1059 1954 1139 1976 cum
1178 1946 1274 1976 terra
1300 1941 1553 1984 iungnaviensi
1579 1941 1782 1984 (Jungnau)
1812 1941 2002 1984 obtigerat.

228 1997 400 2030 Albertus
438 2007 585 2030 uxorem
623 1996 776 2030 duxerat
813 1996 1057 2030 Elisabetham
1089 1995 1310 2036 (lsabellam)
1348 1994 1456 2028 filiam
1485 1993 1659 2027 Vratislai
1696 1994 1839 2028 baronis
1874 2005 1893 2027 a
1920 1993 2002 2027 Per-

227 2050 369 2084 nestain
398 2049 618 2092 (Pernstain,
656 2049 856 2091 Pernstein)
895 2050 1052 2094 supremi
1090 2050 1190 2093 regni
1227 2049 1402 2082 bohemici
1439 2048 1642 2082 cancellarii
1678 2052 1714 2081 et
1741 2047 1876 2081 Mariae
1903 2047 2004 2082 Man-

230 2105 352 2148 riquez
380 2104 423 2136 de
450 2103 553 2137 Lara.
606 2103 650 2137 Hi
679 2107 776 2137 certe
803 2104 901 2147 digni
929 2106 1042 2143 erant,
1079 2103 1208 2147 quibus
1235 2102 1328 2137 Socii
1354 2102 1546 2147 plurimum
1573 2102 1884 2144 gratificarentur;
1921 2112 2002 2135 nam

231 2157 444 2191 Pernestain
475 2158 510 2199 [l'
540 2157 648 2197 1582)
678 2156 878 2191 catholicae
905 2157 1067 2201 religioni
1105 2157 1140 2190 in
1167 2156 1339 2190 Bohemia
1366 2156 1635 2189 conservandae
1661 2158 1697 2188 et
1731 2154 2005 2195 amplificandae

229 2211 421 2253 diligenter
440 2210 609 2244 studebat
627 2222 669 2243 ac
689 2210 905 2244 Societatem
925 2211 1048 2244 multis
1068 2210 1251 2244 beneficiis
1271 2209 1453 2243 afficiebat
1476 2209 1635 2251 (Kroess,
1662 2209 1787 2242 Bohm.
1808 2208 1960 2242 Provinz
1979 2209 2004 2248 l,

231 2265 275 2298 62
306 2264 372 2298 199
400 2264 468 2297 256
496 2264 564 2297 360
592 2264 662 2297 374
689 2264 757 2298 379
785 2264 850 2298 381
881 2265 948 2298 6⁴21
978 2263 1063 2307 etc.)
1116 2264 1167 2297 De
1194 2263 1343 2297 Alberto
1362 2262 1640 2305 Fui-stenhergio
1668 2263 1863 2296 &acclamas
1892 2262 2005 2304 (usus.

230 2319 325 2362 puto,
346 2317 592 2357 relationibus,
612 2328 703 2360 quae
722 2320 848 2361 postea
866 2317 1064 2362 perierunt)
1084 2317 1228 2351 scribit:
1261 2317 1335 2359 „Ex
1354 2315 1536 2350 Euerardo
1556 2315 1764 2360 Praeposito
1784 2316 2005 2359 impetrarat,

231 2375 271 2404 vt
297 2370 427 2414 aliquis
453 2371 496 2404 ad
532 2382 571 2404 se
604 2370 646 2404 de
673 2371 848 2405 societate
880 2371 1124 2405 confessarius
1160 2371 1193 2404 in
1233 2373 1375 2415 tempus
1406 2369 1550 2413 aliquod
1586 2369 1801 2402 mitteretur.
1853 2368 1943 2402 Nam
1972 2373 2008 2402 et

230 2425 306 2469 ipse
333 2436 354 2457 a
381 2425 526 2467 pietatis
553 2436 622 2457 non
649 2423 866 2458 abhorrebat
892 2424 1032 2469 studijs,
1071 2427 1106 2458 et
1132 2424 1318 2467 coniugem
1347 2423 1504 2456 habebat
1528 2422 1718 2456 admodum
1754 2423 1859 2467 piam,
1886 2432 2005 2456 assue-

229 2481 376 2521 tamque
403 2478 543 2521 Pragae
571 2477 840 2522 [inperatricis‘2
867 2477 901 2511 in
929 2477 1011 2511 aula
1038 2478 1219 2521 frequenti
1238 2476 1466 2516 confessioni,
1492 2476 1545 2510 sic
1574 2478 1610 2508 vt
1637 2475 1849 2510 difficillime
1868 2479 2009 2509 careret

230 2531 404 2575 magistro
431 2531 685 2567 conscientiae.
713 2533 772 2575 qui
801 2531 844 2565 ad
872 2543 1015 2564 manum
1045 2531 1204 2575 quotidie
1232 2534 1375 2575 praesto
1402 2531 1519 2564 esset‘
1553 2529 1654 2571 (Can.
1675 2529 1773 2572 601).
1817 2530 1892 2570 Quo
1912 2528 2006 2562 deni—

232 2596 300 2628 que
335 2585 453 2618 animo
483 2584 651 2618 Hoffaeus
687 2584 920 2629 provincialis
951 2586 1174 2618 ,iseram-iam·
1209 2585 1250 2617 de
1277 2584 1379 2618 Socio
1415 2583 1459 2616 iis
1493 2582 1668 2616 mittendo
1704 2583 1911 2616 mandatum
1948 2594 2007 2615 ex-

231 2638 377 2682 ceperit,
404 2650 448 2672 ex
476 2637 662 2682 *epistula
689 2638 801 2671 Roma
833 2638 865 2672 9.
885 2636 1052 2671 Octobris
1082 2638 1171 2671 1579
1198 2638 1283 2671 data
1304 2639 1465 2682 apparet,
1492 2648 1563 2679 qua
1583 2637 1614 2669 is
1637 2636 1782 2669 Hoffaeo
1803 2636 1845 2669 ad
1867 2636 2009 2669 litteras

235 2693 287 2725 15.
310 2692 466 2734 Augusti
497 2692 588 2726 1579
607 2692 712 2725 datas
730 2692 782 2725 sic
809 2691 1011 2735 rescripsit:
1044 2691 1164 2732 „Quod
1185 2691 1228 2724 ad
1247 2691 1453 2725 missionem
1483 2690 1517 2723 in
1543 2689 1710 2723 Sueuiam
1738 2689 1879 2729 attinet,
1906 2689 2009 2723 uideo

233 2745 316 2788 quid
346 2745 560 2779 Reuerentia
591 2745 631 2778 V.
651 2746 777 2779 timeat
802 2748 839 2779 ct
864 2756 928 2778 nos
955 2744 1047 2778 idem
1076 2748 1193 2778 metus
1219 2744 1310 2778 satis
1336 2744 1459 2777 torsit:
1491 2744 1553 2776 sed
1581 2746 1700 2776 tamen
1728 2754 1842 2786 neque
1870 2746 1908 2776 ut
1935 2746 2008 2775 tum

233 2798 371 2842 scripsi,
397 2797 461 2831 tali
490 2798 646 2832 familiae
672 2809 806 2841 negare
825 2799 1006 2843 potuimus
1032 2809 1147 2842 neque
1166 2798 1307 2832 cautius
1333 2798 1487 2842 pacisci:
1518 2797 1570 2830 sic
1597 2798 1689 2830 enim
1719 2795 1945 2840 promisimus
1972 2805 2011 2829 ut

233 2851 383 2884 subinde
410 2851 542 2895 aliquis
569 2851 636 2885 iret
663 2855 699 2885 et
726 2852 867 2892 rediret,
895 2863 1067 2896 expresse
1092 2854 1213 2885 autem
1240 2851 1457 2894 negauimus
1484 2853 1525 2884 ut
1550 2850 1584 2883 in
1611 2850 1695 2884 aula
1721 2849 1814 2893 quod
1841 2849 2012 2893 petebant

235 2907 470 2949 permaneret.
523 2905 583 2938 Sin
623 2904 673 2937 illi
714 2905 830 2949 pactis
869 2916 937 2938 non
974 2905 1153 2944 steterint,
1191 2907 1226 2938 et
1262 2904 1395 2948 aliquid
1433 2903 1588 2948 amplius
1626 2902 1857 2947 postularint,
1895 2903 2008 2946 parati

234 2969 359 2991 sumus
386 2958 429 2991 ad
458 2958 709 2998 resistendum,
746 2958 838 3001 quod
867 2970 935 2991 nou
964 2961 1018 2991 est
1054 2956 1202 2991 difficile
1229 2959 1262 2991 in
1291 2958 1415 3002 initijs.
1468 2957 1589 2991 Laudo
1626 2961 1746 2990 tamen
1776 2955 2011 2989 Reuerentiae

359 3105 367 3124 ¹
398 3104 486 3138 Vide
512 3116 620 3149 supra
649 3118 679 3150 p.
703 3107 768 3140 471
791 3107 809 3140 ¹.
957 3106 970 3126 ²
998 3106 1142 3141 Mariae.
1179 3105 1352 3148 coniugis,
1390 3105 1517 3139 deinde
1551 3105 1679 3138 viduae
1707 3103 1941 3138 Maximiliani
1970 3102 2010 3136 ll.

238 3158 473 3201 imperatoris.
