2051 3433
179 177 264 218 622
956 172 1051 206 Mon.
1076 171 1178 206 1099.

178 291 408 326 trucidarunt
434 293 470 325 et
496 289 732 335 diripuerunt.
773 289 844 324 Jlle
870 289 940 324 fuit
966 288 1141 323 liberatus
1167 288 1202 322 in
1229 287 1292 322 illa
1310 299 1442 331 magna
1461 288 1614 322 victoria
1633 288 1918 323 Christianorum
1934 289 1957 329 ¹,
2015 292 2017 294 '

178 356 260 379 cum
296 347 394 379 esset
431 344 464 377 in
493 344 610 378 classe
636 343 790 377 'l'urcica
825 354 954 377 seruus
981 342 1066 376 Leib
1103 342 1220 385 aigen,
1257 343 1293 374 et
1318 342 1420 375 venit
1445 341 1648 376 Venetiam.
1699 341 1785 375 Jllic
1819 342 1958 387 accepit
2015 354 2017 358 ¹

178 398 303 432 literas
321 398 365 432 ab
385 409 497 431 vxore
524 399 561 431 et
586 397 671 441 filijs
698 396 769 430 iam
797 396 952 430 detentis
972 396 1007 429 in
1027 394 1339 439 Constantinopolj
1367 397 1403 428 et
1421 394 1482 439 quj
1510 394 1660 439 cupiunt
1686 395 1793 429 etiam
1812 394 1955 439 liberarj

179 464 223 485 ex
251 463 357 486 manu
384 450 537 484 Turcica
573 461 659 484 auss
696 450 758 483 der
784 448 1083 484 Dienstbarkhait
1119 448 1182 482 des
1209 447 1391 491 Turggen.
1443 447 1490 481 Et
1515 448 1599 492 quia
1632 459 1701 482 non
1736 450 1858 493 potest
1891 448 1957 482 hoc

180 506 311 545 facere,
338 504 408 549 nisj
436 516 500 548 per
527 503 701 549 pecuniae
727 514 918 543 summam,
955 503 1054 536 venit
1080 501 1151 535 huc
1177 503 1212 535 et
1238 502 1330 546 petit
1355 513 1376 535 a
1403 501 1505 535 bonis
1532 501 1696 535 omnibus
1722 501 1896 535 auxilium
1924 505 1959 534 et

180 558 442 598 eleemosinam,
479 560 515 591 et
541 560 581 591 vt
609 557 706 601 pium
733 557 800 591 hoc
826 568 916 601 opus
943 568 1009 599 ego
1044 555 1302 590 commendem.
1355 554 1474 588 Habet
1508 558 1630 589 autem
1656 555 1864 589 testimonia
1890 553 1958 588 fide

180 613 289 656 digna
315 616 390 646 tum
418 611 462 645 ab
490 610 769 650 Ecclesiasticis,
797 613 873 644 tum
894 622 915 644 a
934 609 1159 644 secularibus
1185 609 1472 652 magistratibus,
1500 608 1594 652 quod
1612 608 1664 642 ita
1682 619 1721 642 se
1739 619 1796 642 res
1816 607 1956 643 habeat.

180 669 220 699 vt
246 677 349 699 nemo
376 665 510 699 habeat
535 664 712 700 dubitare.
748 664 850 698 illum
876 675 957 698 esse
993 664 1104 697 fidum
1131 663 1219 696 etc.“
1275 661 1412 696 Deinde
1440 661 1607 696 Canisius
1633 661 1826 705 diligenter
1853 661 1959 696 huius

179 719 247 752 viri
274 719 483 763 petitionem
510 717 738 752 commendat
767 717 806 758 (l.
826 729 854 751 c.
879 717 904 752 f.
925 716 1174 759 3282-3322).

307 772 514 815 „DominIca
550 771 611 806 lX.
648 774 728 816 post
764 771 1016 804 Pentecosten.
1077 768 1264 803 Attendite
1301 780 1321 802 a
1356 767 1461 803 falsis
1495 768 1699 814 prophetis“
1748 768 1820 811 (27.
1848 767 1958 811 Iulii).

185 826 278 868 „Cur
304 825 455 860 cauendi
486 824 855 870 pseudoprophetae.“
913 823 1116 867 „Quomodo
1143 823 1280 856 dictum
1307 825 1373 863 est,
1408 833 1453 856 ex
1480 822 1659 857 fructibus
1685 833 1807 856 eorum
1833 832 1960 865 cogno-

181 880 291 914 scetis
317 881 409 914 eos.“
469 878 601 922 „Signa
637 890 682 912 ex
718 878 849 922 quibus
885 876 1124 921 cognoscendi
1157 875 1524 921 pseud0p1·0pbetae.“
1584 875 1659 918 „Ex
1685 875 1815 919 quibus
1842 875 1961 909 causis

180 933 350 967 haereses
377 933 538 967 oriantur
565 935 601 966 et
628 931 905 976 propagentu1·.“
963 929 1167 973 „Quomodo
1203 929 1356 973 quisque
1382 929 1512 963 debeat
1537 940 1576 963 se
1611 931 1797 974 praestare
1833 928 1959 962 bonam

182 987 379 1021 arborem.“
434 986 475 1019 ln
501 997 650 1019 numero
681 986 884 1027 „fructuum
917 995 1032 1018 nouae
1067 983 1271 1018 doctrina&
1304 982 1471 1016 Canisius
1505 981 1572 1016 hos
1598 993 1740 1026 quoque
1774 983 1958 1016 recenset:

186 1040 345 1085 „Rusticj
383 1043 508 1074 contra
543 1039 705 1073 dominos
742 1039 1018 1073 insurrexerunt
1044 1038 1088 1071 ad
1115 1040 1260 1071 centum
1290 1036 1415 1070 millia.
1466 1035 1604 1070 Multae
1631 1036 1800 1070 ciuitates
1826 1035 1871 1069 ab
1897 1034 1960 1068 im-

181 1093 280 1138 perio
316 1093 536 1127 defecerunt.
587 1092 778 1137 Principes
814 1095 940 1126 contra
976 1091 1168 1125 Caesarem
1205 1093 1242 1124 et
1276 1101 1398 1132 regem
1434 1089 1576 1134 publice
1613 1089 1804 1123 bellarunt.
1855 1088 1961 1133 Multj

181 1147 315 1192 subditj
343 1147 465 1181 varias
490 1149 680 1180 tentarunt
706 1146 904 1180 seditiones
930 1146 1056 1179 contra
1082 1144 1159 1178 ihre
1182 1143 1432 1178 Landsherren
1461 1143 1532 1176 vnd
1560 1142 1788 1177 natiirlichen
1807 1142 1960 1175 Fiirsten

182 1201 277 1235 sicut
304 1201 442 1235 factum
470 1202 527 1234 est
552 1200 587 1233 in
615 1199 870 1241 Franckreich,
898 1197 1137 1232 Schodtlandt
1163 1201 1230 1231 etc.
1284 1195 1517 1241 Occupantur
1543 1196 1771 1237 monasteria,
1799 1195 1961 1238 collegia,

183 1255 434 1299 Episcopatus.
474 1253 625 1298 Templa
652 1253 925 1298 prophanantur
951 1254 988 1285 et
1014 1252 1134 1286 cultus
1153 1251 1296 1284 diuinus
1323 1250 1538 1294 abrogatur“
1565 1249 1604 1292 (l.
1620 1262 1649 1283 c.
1669 1249 1694 1284 f.
1716 1248 1961 1290 1942—1972).

307 1307 515 1350 „Dominica
529 1306 572 1341 X.
588 1310 671 1351 post
688 1306 946 1340 Pentecosten“
967 1306 1016 1348 (3.
1031 1305 1216 1348 Augusti).
1244 1304 1300 1338 Ex
1316 1303 1505 1347 evangelio
1521 1303 1590 1337 diei
1605 1303 1787 1337 auditores
1799 1302 1964 1336 hortatur

189 1362 251 1403 „ad
278 1361 559 1396 misericordiam
589 1363 625 1393 et
652 1359 919 1404 eleemosynam
947 1358 1101 1392 libenter
1128 1360 1165 1392 et
1190 1358 1333 1402 copiose
1357 1357 1530 1391 dandam‘
1564 1356 1601 1397 (l.
1621 1369 1650 1391 c.
1671 1357 1695 1390 f.
1718 1355 1962 1397 izuh—202³).

307 1414 515 1457 „Dominica
541 1413 585 1448 X.
614 1412 710 1458 [post
736 1413 878 1455 Trinit.]
908 1413 951 1446 de
979 1411 1223 1446 destructione
1241 1411 1446 1445 Jerusalem
1473 1412 1508 1444 et
1534 1409 1789 1454 repurgatione
1815 1408 1959 1452 templi“

184 1470 221 1502 et
246 1468 302 1502 die
330 1468 423 1503 festo
442 1468 476 1502 S.
496 1467 681 1502 Laurentii
702 1467 775 1510 (10.
795 1466 982 1509 Augusti).
1018 1465 1052 1500 S.
1073 1465 1267 1499 Laurentio
1293 1464 1453 1499 breviter
1478 1463 1625 1498 laudato
1651 1465 1688 1497 et
1705 1463 1741 1497 in
1759 1461 1962 1506 exemplum

184 1522 366 1567 proposito
401 1521 559 1556 ostendit
594 1533 639 1555 ex
675 1520 864 1563 evangelio
890 1519 1098 1554 Dominicae
1127 1518 1191 1562 (Lc
1220 1518 1274 1559 19,
1300 1518 1479 1561 41—47),
1515 1529 1579 1551 cur
1606 1516 1773 1551 Christus
1804 1514 1965 1558 „fleverit

185 1587 316 1617 amare,
344 1578 381 1609 et
406 1574 689 1609 lamentabiliter
714 1573 1023 1619 prophetizaverit
1049 1584 1159 1617 supra
1186 1575 1222 1606 et
1247 1574 1373 1606 contra
1399 1570 1661 1612 Hierusalem“,
1697 1582 1739 1604 ac
1771 1568 1963 1614 „quomodo

186 1629 414 1663 Christianus
446 1631 572 1673 peccet
599 1628 695 1662 circa
721 1627 931 1672 templun1“.
982 1626 1228 1671 Reprehendit
1254 1625 1418 1668 graviter
1443 1636 1516 1666 eos,
1552 1624 1633 1668 „qui
1659 1635 1729 1657 non
1755 1623 1903 1658 soluunt
1928 1623 1962 1655 in

185 1695 278 1717 anno
304 1683 381 1717 iura
401 1681 637 1722 Parochialia,
665 1681 723 1715 vel
741 1681 829 1715 dant
846 1680 979 1715 malam
1006 1680 1192 1725 pecuniam
1221 1679 1277 1714 die
1297 1678 1531 1718 verbroehne,
1558 1678 1644 1719 lose,
1671 1676 1832 1719 nichtige
1850 1675 1964 1709 heller

187 1737 272 1771 oder
298 1736 483 1781 pfennig“,
510 1739 547 1769 et
569 1736 650 1779 „qui
678 1737 830 1769 currunt
854 1736 948 1769 sicut
969 1745 1077 1768 canes
1096 1745 1115 1767 e
1133 1733 1268 1778 templo
1296 1735 1380 1766 ante
1399 1732 1505 1766 finem
1534 1731 1704 1765 orationis
1723 1729 1781 1764 vel
1795 1730 1964 1764 Missae“.

191 1790 424 1832 „Arguuntur
458 1789 517 1823 hic
544 1788 732 1833 Principes
768 1792 804 1822 et
839 1787 1076 1831 magistratus
1110 1789 1146 1821 et
1171 1788 1372 1832 potestates
1404 1785 1539 1830 mundj,
1574 1784 1664 1818 nihil
1691 1785 1869 1823 curantes,
1895 1782 1963 1827 nisj

186 1844 281 1887 quod
300 1844 343 1877 ad
362 1843 526 1888 politiam
551 1845 588 1876 et
614 1854 739 1888 pacem
765 1853 991 1876 communem
1017 1844 1054 1875 et
1072 1843 1260 1875 externam
1286 1840 1585 1883 gubernationem
1604 1838 1746 1872 attinet.
1781 1836 1966 1872 Collocant

187 1909 289 1932 suam
315 1908 417 1942 spem
451 1908 560 1941 saepe
586 1896 622 1930 in
649 1896 792 1939 magnis
819 1895 979 1936 vrbibus,
1015 1894 1129 1928 firmis
1164 1894 1287 1935 muris,
1323 1893 1473 1927 munitis
1508 1892 1662 1929 arcibus.
1697 1890 1964 1930 munitionibus,

187 1951 378 1995 equitibus,
406 1951 516 1984 armis
543 1952 580 1983 et
605 1950 688 1995 alijs
714 1950 822 1983 rebus
849 1948 999 1983 bellicis.
1045 1948 1093 1982 Et
1119 1948 1170 1982 ita
1196 1948 1323 1981 volunt
1348 1946 1424 1981 suis
1451 1946 1589 1980 viribus
1615 1955 1808 1990 procurare
1834 1943 1965 1978 foelici-

186 2006 299 2038 tatem
326 2008 518 2045 terrenam,
545 2003 739 2037 defendere
765 2002 916 2048 populos
944 2004 980 2036 et
1005 2013 1110 2036 suum
1137 2004 1272 2035 statum
1301 2011 1525 2041 conseruare,
1553 1999 1612 2033 vel
1638 2009 1782 2041 augere.
1799 2024 1806 2032 .
1822 2024 1829 2032 .
1846 2024 1853 2032 .
1889 1996 1965 2041 Nisj

187 2059 222 2092 in
249 2058 459 2092 ciuitatibus
493 2057 628 2091 nostris
654 2057 770 2091 Deum
804 2057 999 2091 timeamus
1025 2058 1062 2090 et
1087 2067 1212 2100 pacem
1240 2066 1320 2089 cum
1346 2054 1408 2088 illo
1434 2053 1620 2094 faciamus,
1657 2052 1795 2086 frustra
1819 2051 1966 2085 nitimur

187 2111 347 2146 externis
374 2111 576 2156 praesidijs,
612 2122 704 2154 quae
731 2122 801 2144 non
827 2112 980 2155 possunt
1006 2109 1188 2154 prodesse,
1225 2108 1254 2153 sj
1283 2108 1380 2142 Deus
1407 2109 1532 2141 contra
1558 2117 1623 2140 nos
1648 2105 1762 2139 mittit
1786 2103 1961 2148 flagella.“

188 2165 228 2198 In
253 2165 323 2199 fine
358 2164 535 2199 contionis
561 2164 685 2205 instat,
721 2167 763 2198 ut
798 2163 1003 2197 archiducis
1038 2162 1248 2196 mandatum
1276 2162 1319 2195 de
1345 2164 1572 2195 sacramento
1604 2159 1648 2193 ad
1681 2158 1842 2192 infirmos
1869 2169 1966 2191 reve-

187 2222 308 2253 renter
342 2217 549 2252 deducendo
584 2217 808 2257 observetur,
845 2220 881 2252 et
906 2219 947 2251 ut
973 2215 1098 2250 fideles
1134 2216 1297 2260 proximo
1325 2215 1381 2248 die
1407 2225 1511 2248 sacro
1538 2211 1808 2257 Assumptionis
1833 2211 1967 2246 Beatae

187 2272 350 2318 Virginis
385 2274 614 2306 sacramenta
650 2271 890 2306 confessionis
926 2272 962 2304 et
995 2269 1254 2304 communionis
1290 2267 1510 2312 suscipiant,
1549 2267 1655 2311 „quia
1689 2277 1800 2300 unum
1833 2269 1889 2299 est
1923 2276 1967 2298 ex

186 2327 209 2360 4
235 2325 494 2371 principalibus
520 2325 624 2359 festis
650 2324 763 2359 totius
789 2326 884 2358 anni.
937 2324 958 2357 2
985 2324 1069 2368 quia
1095 2322 1234 2357 nullum
1262 2322 1359 2356 aliud
1386 2322 1429 2355 de
1457 2321 1573 2354 Maria
1598 2319 1741 2362 virgine
1767 2318 1969 2353 celebratur

187 2379 502 2414 honorificentius“
532 2380 600 2413 etc.
629 2377 666 2421 (l.
695 2390 724 2412 c.
751 2378 777 2412 f.
797 2378 1055 2420 202b-2os==);
1084 2377 1129 2410 cf.
1157 2376 1265 2410 etiam
1292 2376 1397 2415 infra,
1424 2385 1580 2408 monum.
1603 2374 1704 2407 1106.

317 2433 385 2475 „Jn
412 2433 506 2466 festo
525 2431 797 2476 Assumptionis
815 2432 855 2465 Β.
875 2431 1032 2465 Mariae“
1058 2430 1130 2473 (15.
1150 2430 1338 2473 Augusti).
1372 2427 1496 2462 Dicam
1525 2429 1540 2462 l
1562 2426 1743 2468 Quomodo
1762 2424 1969 2459 Catholicus

189 2498 258 2520 non
285 2486 414 2520 debeat
439 2485 570 2519 offendi
597 2476 793 2530 calumnijs
818 2487 854 2519 et
880 2484 1106 2527 argumentis
1132 2486 1345 2517 nouatorum
1369 2482 1405 2516 in
1423 2481 1491 2515 hoc
1517 2481 1622 2514 festo.
1665 2479 1687 2514 2
1714 2479 1799 2523 quid
1825 2489 1968 2512 mouere

189 2541 319 2574 debeat
344 2539 485 2584 probos,
514 2541 553 2573 ut
571 2538 661 2572 nihil
680 2538 803 2573 sinant
821 2538 938 2583 perire
956 2536 1099 2581 abghen
1118 2536 1212 2580 quod
1231 2536 1275 2570 ad
1295 2535 1464 2570 honorem
1484 2533 1648 2577 Virginis
1665 2534 1818 2577 spectat.
1845 2532 1866 2566 3
1885 2542 1967 2575 quo-

189 2593 292 2627 modo
319 2593 458 2635 Euang.
487 2592 576 2626 bene
603 2592 652 2626 sit
679 2591 773 2626 festo
809 2592 1077 2636 appropriatum
1114 2592 1151 2623 et
1176 2589 1280 2624 nobis
1307 2589 1349 2622 ad
1378 2589 1476 2622 uitae
1512 2586 1770 2622 correctionem
1796 2585 1964 2620 seruiatf

190 2647 352 2680 Honores
386 2656 600 2686 recensens,
646 2645 776 2689 quibus
817 2645 990 2687 „maiores
1025 2643 1159 2678 nostri¹⁴
1198 2643 1348 2677 Beatam
1386 2641 1572 2684 Virginem
1609 2640 1756 2674 afficere
1794 2638 1968 2678 solebant,

193 2700 340 2740 „Nulla“
372 2699 432 2740 ait,
471 2701 549 2732 erat
579 2698 736 2741 „domus‚
772 2709 864 2742 quae
899 2697 1030 2732 saltem
1066 2708 1136 2730 non
1171 2696 1378 2730 ostenderet
1414 2695 1607 2737 imaginem
1634 2692 1786 2736 uirginis
1813 2709 1820 2716 ·
1847 2691 1968 2725 nullus

189 2754 276 2793 dies,
303 2753 337 2786 in
357 2764 427 2796 quo
454 2763 522 2785 non
542 2751 748 2796 pulsaretur
766 2751 822 2786 bis
841 2751 884 2785 ad
903 2750 1111 2784 memoriam
1139 2749 1326 2792 angelicae
1352 2747 1593 2788 salutationis,
1619 2758 1724 2780 mane
1748 2749 1785 2779 et
1803 2745 1967 2789 uesperi·

191 2806 290 2840 nulla
315 2809 388 2839 tam
416 2816 552 2850 pauper
580 2806 723 2846 femina,
751 2816 843 2849 quae
861 2815 930 2838 non
957 2803 1108 2838 haberet
1134 2805 1170 2837 ct
1188 2804 1351 2846 gestaret
1376 2801 1565 2835 rosarium.
1604 2799 1734 2834 Nullus
1760 2802 1834 2833 tam
1861 2798 1970 2831 miser

190 2859 375 2893 mendicus
402 2858 462 2901 qui
489 2869 558 2891 non
578 2858 696 2892 dicere
723 2860 855 2903 posset,
882 2857 983 2900 Rogo
1009 2858 1155 2901 propter
1174 2855 1289 2890 Deum
1317 2857 1352 2889 et
1379 2854 1525 2889 charam
1552 2853 1766 2887 dominicam
1794 2852 1963 2885 matrem“

192 2911 231 2954 (1.
251 2924 279 2946 c.
308 2913 331 2946 f.
351 2912 600 2954 3322—3360).

309 2965 497 2999 Dominica
516 2965 576 2999 XI.
593 2967 674 3009 post
688 2964 815 2999 Trinit.
838 2963 1149 3007 (commentarium
1169 2973 1356 3007 perperam
1378 2961 1589 3005 inscriptum
1609 2962 1665 2994 est
1686 2958 1894 3001 „Dominica
1908 2957 1967 2991 Xl.

193 3020 273 3062 post
301 3019 582 3061 pentecostem)
620 3018 698 3053 sive
728 3019 781 3052 17.
801 3017 970 3061 Augusti.
1026 3016 1286 3059 „Euangelium
1324 3015 1387 3059 [Lo
1417 3014 1470 3053 18,
1497 3012 1629 3058 9—14]
1666 3024 1746 3046 esse
1772 3010 1967 3046 consolato—

315 3123 549 3158 ¹Victoria1n
586 3124 685 3165 dicit,
721 3135 813 3167 quae
850 3124 881 3157 7.
902 3123 1068 3157 Octobris
1107 3122 1194 3156 1571
1236 3121 1329 3166 apud
1357 3120 1562 3155 Echinadas
1598 3118 1736 3154 insulas
1771 3117 1849 3151 sive
1875 3115 1968 3150 Nau-

193 3179 336 3221 pactum
366 3176 559 3221 (Lepanto)
589 3177 631 3211 dc
658 3177 774 3211 classe
801 3176 937 3211 turcica
964 3177 1146 3221 reportata
1174 3176 1239 3208 est.
