2062 3443
721 166 866 201 Colonia
894 166 949 200 21.
971 165 1093 199 Martii
1123 165 1223 198 1577.
1774 166 1856 206 397

84 280 257 330 etcum
292 286 401 339 alijs,
444 285 636 337 illudque
677 284 790 325 inter
829 286 975 326 cetera
1016 282 1068 323 de
1110 281 1280 323 homine
1323 282 1438 331 illo¹,
1482 282 1551 334 qui
1592 281 1644 322 ab
1678 281 1859 334 impura,

84 352 358 403 scelestaque
391 350 726 391 Caluinistarum
767 352 887 390 secta
920 348 972 389 ad
1008 361 1171 396 veram,
1217 350 1500 399 sanctamque
1539 345 1761 398 religionis
1794 358 1861 385 sc-

89 417 238 459 mitam
274 415 466 462 deflexit,
506 415 695 456 iuuando
729 416 773 455 et
807 413 1011 459 ornando,
1057 427 1166 464 quae
1200 412 1343 453 onmia
1376 415 1504 465 prout
1538 414 1634 452 acta
1669 408 1860 463 sintsslfej.

86 482 224 523 discet
248 481 294 522 R,
312 481 405 522 Tua
423 494 448 522 a
466 479 646 520 Domino
664 478 947 531 Eisingrinio;
973 478 1157 519 alterum
1183 477 1293 529 quod
1319 477 1371 518 ad
1397 491 1474 517 uos
1497 475 1635 528 magis
1659 475 1862 528 pertinet,

86 547 201 588 audi.
268 546 564 587 Deliberatum
602 548 669 586 est
705 544 865 585 Romae
899 543 953 584 ab
987 537 1282 596 amplissimisn
1299 541 1581 584 Germanicae
1615 541 1862 592 Congrega-

89 611 221 653 tionis
256 611 470 657 Patribus,
506 613 552 651 ut
576 610 737 651 Summi
763 608 982 650 pontificis
1016 608 1176 649 alumni
1212 607 1250 648 in
1286 608 1391 648 urbe
1425 620 1478 648 ex
1513 606 1692 658 antiqua
1725 605 1862 646 solum

87 677 315 718 nobilitate
339 675 643 729 suscipiantur,
678 689 772 715 cum
806 674 904 715 illos
927 673 1227 716 tantummodo
1252 672 1430 713 videant
1453 685 1579 725 posse
1604 671 1656 712 ad
1681 669 1863 711 Canoni-

86 745 211 784 catus
255 743 299 783 et
333 740 622 794 Episcopatus
661 740 869 793 aspirare,
913 739 1134 791 multoque
1175 739 1298 792 plura
1341 742 1575 790 apportare
1616 735 1864 777 Catholicae

86 807 284 860 religioni
317 806 554 855 commoda,
591 819 718 857 quam
753 804 991 846 humilioris
1034 804 1236 846 fortunae
1270 802 1478 851 hominos,
1521 801 1675 854 quibus
1708 801 1761 842 ad
1786 801 1864 841 ali-

86 886 216 924 quam
250 870 531 924 insigniorem
566 869 823 923 dignitatem
859 869 1095 923 praeclusit
1136 869 1383 910 inveterata
1418 866 1683 908 consuetudo
1717 879 1865 907 omnes

89 938 181 978 fere
204 937 361 986 aditus,
387 949 464 977 nec
488 935 604 976 aliud
629 936 857 988 quicquam
880 935 965 976 illis
989 938 1188 988 superest
1213 948 1339 986 quam
1363 933 1623 974 rusticarum
1648 931 1865 972 Ecclesia-

87 1017 181 1044 rum
215 1002 361 1054 aliqua
393 1015 478 1042 non
513 1000 656 1054 magni
691 1000 899 1042 momenti
932 999 1181 1054 procuratio
1195 1000 1224 1049 2,
1268 998 1551 1050 eamdemque
1584 996 1778 1051 plerique
1812 1009 1866 1037 ex

87 1067 155 1121 ijs,
190 1067 259 1120 qui
279 1081 334 1108 ex
358 1080 464 1108 aura
489 1066 641 1108 Italica
664 1070 878 1108 tumorem
900 1065 1114 1107 imbibunt
1137 1065 1199 1107 ita
1222 1068 1526 1118 aspernantur,
1562 1067 1605 1104 et
1628 1062 1867 1115 dedignan-

87 1137 172 1183 tur,
197 1135 245 1174 ut
262 1132 342 1174 sibi
361 1133 414 1174 ab
432 1132 485 1187 ijs
502 1132 703 1173 iniuriam
722 1132 814 1173 fieri
834 1131 1026 1181 credant,
1052 1131 1087 1171 si
1106 1130 1175 1184 qui
1197 1144 1330 1183 opera
1347 1129 1538 1182 ipsorum
1559 1130 1866 1182 praeterquam

87 1198 130 1239 in
164 1198 400 1240 maioribus
432 1198 561 1239 rebus
585 1197 646 1239 uti
671 1199 904 1250 quaerant:
940 1196 1100 1238 Illimet
1121 1199 1269 1238 tamen
1293 1209 1377 1235 non
1401 1193 1628 1235 deserendi
1653 1193 1867 1243 uidentur,

88 1263 218 1305 immo
243 1263 375 1316 (quod
399 1263 448 1306 R.
470 1262 630 1304 Tuamb
653 1262 695 1303 in
719 1262 914 1317 Comitijs
937 1261 1329 1315 Ratisponensibus
1359 1259 1626 1301 consuluisse
1650 1258 1869 1311 memini)3

88 1328 235 1382 agitur
267 1343 380 1370 nunc
413 1328 466 1370 de
497 1327 686 1369 ineunda
719 1327 902 1378 ratione,
937 1327 1150 1379 quomodo
1184 1325 1427 1379 sumptibus
1461 1323 1624 1366 Summi
1652 1323 1870 1365 pontificis

89 1394 132 1435 in
166 1393 353 1435 diversis
377 1392 638 1435 Germaniae
661 1392 864 1447 Collegijs
899 1392 1229 1441 distribuantur,
1265 1395 1310 1432 et
1342 1390 1602 1432 exeuntibus
1635 1390 1870 1430 succedant

88 1459 261 1500 demum
295 1459 382 1513 aiij,
424 1458 607 1511 ideoque
641 1458 849 1500 debebam
884 1472 910 1499 a
942 1457 1066 1499 uobis
1105 1470 1329 1510 quaerere,
1374 1469 1428 1497 an
1463 1455 1610 1496 decem
1645 1454 1758 1508 apud
1793 1467 1870 1495 uos

86 1524 368 1578 Jngolstadij‚
413 1526 457 1566 et
489 1523 669 1565 totidem
708 1523 908 1576 Dilingae
950 1523 1007 1564 ali
1041 1524 1233 1577 possent,
1274 1524 1319 1563 et
1352 1525 1562 1574 quantum
1595 1519 1638 1560 in
1671 1521 1870 1573 sumptus

89 1589 357 1642 singulorum
400 1591 516 1631 esset
558 1580 841 1642 erogandum,
884 1602 995 1641 quae
1038 1588 1210 1641 quidem
1253 1587 1398 1629 omnia
1441 1586 1495 1627 ad
1536 1598 1605 1627 me
1639 1584 1871 1637 diligenter

89 1654 397 1708 perscribenda
429 1657 544 1701 sunt,
589 1657 636 1696 ut
677 1654 817 1696 sciant
852 1653 1036 1695 Romani
1070 1653 1238 1703 Patres,
1283 1651 1384 1705 quid
1427 1651 1508 1692 sibi
1545 1650 1627 1692 hac
1659 1650 1703 1692 in
1735 1663 1782 1691 re
1814 1649 1871 1691 sit

88 1720 341 1773 gerendum.
407 1719 645 1762 Praeterea
677 1720 711 1761 si
746 1719 868 1761 uobis
901 1718 1078 1761 uenient
1109 1719 1153 1760 in
1186 1721 1377 1759 mentem
1409 1716 1543 1769 aliqui
1576 1716 1657 1757 uiri
1690 1715 1870 1764 nobiles,

89 1785 163 1838 qui
196 1785 250 1826 ad
284 1785 419 1826 bonas
452 1785 755 1838 adipiscendas
798 1784 948 1826 literas
987 1787 1032 1826 et
1064 1797 1207 1825 mores
1239 1783 1282 1824 in
1315 1783 1465 1824 urbem
1500 1784 1710 1835 cuperent
1742 1781 1871 1835 profi-

87 1850 204 1899 cisci,
229 1853 274 1892 et
296 1850 488 1903 antiquis
502 1848 588 1904 [P]c
611 1864 707 1891 sese
732 1850 926 1902 obligare
950 1849 1282 1897 conditionibus,
1307 1847 1516 1889 curabitis
1539 1850 1588 1889 ut
1606 1846 1657 1888 de
1679 1845 1870 1900 ipsorum

90 1916 316 1958 uoluntate
350 1915 558 1958 certiores
591 1915 700 1966 sitis,
736 1915 996 1968 nominaque
1029 1915 1083 1957 ad
1117 1928 1198 1964 me,
1233 1917 1277 1955 et
1300 1913 1487 1967 patriam
1512 1926 1607 1954 cum
1631 1910 1872 1953 nobilitatis

93 1981 344 2023 testimonio
377 1981 576 2031 mittetis,
612 1995 693 2034 ego
727 1980 917 2022 uicissim
952 1980 1063 2022 dabo
1097 1993 1287 2034 operam,
1327 1981 1376 2020 ut
1408 1978 1554 2020 aditus
1586 1977 1671 2018 illis
1704 1978 1870 2030 pateat,

90 2046 245 2099 quibus
278 2046 555 2088 affirmabitis
597 2047 873 2100 experituros
914 2060 1010 2087 sese
1044 2045 1208 2088 Summi
1242 2044 1463 2086 Pontificis
1506 2041 1869 2090 benevolentiam,

90 2114 138 2153 et
179 2125 372 2153 amorem
415 2111 667 2161 maximum,
711 2125 805 2153 cum
849 2112 928 2153 hos
969 2111 1011 2152 in
1045 2111 1256 2160 alumnos,
1301 2112 1345 2151 et
1386 2111 1597 2161 tanquam
1629 2108 1740 2149 filios
1773 2120 1874 2148 suos

97 2175 387 2230 adoptaturus
429 2177 498 2219 sit.
564 2177 685 2218 Haec
728 2176 872 2218 omnia
914 2176 1038 2230 cupio
1081 2177 1130 2217 ut
1171 2189 1249 2229 per
1281 2175 1331 2217 R.
1361 2174 1497 2215 Tuam
1534 2173 1584 2214 D.
1610 2171 1874 2225 Eisingrinio

95 2242 483 2284 communicentur.
531 2241 689 2283 Valete
723 2255 884 2291 onmes,
920 2241 1090 2293 meique
1123 2241 1165 2281 in
1190 2239 1459 2281 orationibus
1482 2238 1641 2280 uestris
1664 2250 1877 2279 memores

90 2308 249 2349 estote.
301 2307 480 2349 Fratres
513 2307 650 2348 uestri
674 2306 742 2347 hic
766 2307 910 2348 omnia
932 2306 975 2347 in
999 2320 1066 2347 me
1091 2305 1324 2347 conferunt
1345 2303 1645 2353 humanitatis,
1680 2305 1724 2344 et
1747 2301 1874 2354 officij

90 2375 352 2425 argumenta
369 2374 397 2422 ⁴,
423 2386 478 2414 ex
502 2373 656 2424 quibus
674 2372 905 2425 augebitur
927 2372 962 2413 si
985 2371 1078 2413 fieri
1098 2373 1255 2425 potest,
1280 2383 1378 2411 mea
1396 2369 1437 2410 in
1462 2368 1656 2410 ordinem
1681 2370 1877 2409 vestrum

92 2437 339 2492 propensio,
374 2439 506 2490 atque
535 2437 739 2480 studium.
796 2437 885 2479 ΒΗ.
905 2437 984 2479 ΡΡ.
1004 2435 1314 2478 Provintialem
1331 2437 1359 2485 5,
1395 2437 1439 2476 et
1463 2433 1782 2476 Vendelinum6
1805 2446 1877 2474 no-

93 2502 290 2545 minatim
325 2517 380 2544 ex
413 2516 482 2543 me
515 2502 639 2556 cupio
672 2502 902 2544 salutatos.
957 2501 1160 2543 Coloniae
1194 2504 1246 2543 21
1284 2500 1429 2553 Martij
1471 2501 1594 2542 1577.

219 2571 387 2607 Canisius
416 2573 559 2606 Portiae
586 2573 772 2616 respondit
799 2572 854 2606 23.
874 2571 1012 2617 Aprilis
1041 2571 1143 2606 1577.

215 2637 243 2667 a)
265 2637 312 2661 Sic
331 2644 433 2668 apoyr.
454 2644 571 2667 ›·ece›1s;
591 2637 780 2668 leyendmmze
801 2637 873 2661 sunt
887 2637 899 2661 :³
971 2635 1002 2667 b)
1025 2635 1087 2661 Tua
1107 2644 1154 2667 ap.
1177 2644 1230 2660 rer.
1312 2636 1338 2666 c)
1361 2634 1630 2665 Curriyemlmnne:
1650 2632 1757 2665 aequis
1770 2634 1782 2657 :²

220 2710 229 2728 ¹
256 2707 469 2742 Sebastiano
496 2708 638 2742 Flasch.

216 2761 229 2781 ²
256 2761 355 2795 Haec
391 2773 470 2795 cum
509 2772 620 2804 grano
647 2760 746 2800 salis,
783 2761 876 2805 quod
905 2761 1069 2800 dicimus,
1107 2759 1315 2804 accipienda
1341 2761 1446 2799 sunt;
1484 2769 1577 2798 nam,
1604 2760 1645 2792 ut
1670 2757 1881 2791 omittamus

92 2814 256 2859 capitula
282 2815 421 2848 minora
447 2816 526 2849 sive
553 2814 766 2858 collegi-alia.
795 2814 940 2858 quaein
960 2813 1108 2848 urbibus
1137 2813 1289 2858 plurima
1316 2814 1430 2852 erant,
1457 2811 1492 2845 in
1520 2810 1715 2845 maioribus
1738 2821 1881 2854 quoque

96 2867 175 2901 sive
201 2867 472 2902 cathedralibus
500 2867 669 2912 capitulis
696 2867 912 2911 quibusdam
940 2867 1174 2902 canonicatus
1211 2865 1347 2910 aliquot
1383 2865 1556 2910 patebant
1582 2864 1786 2898 hominibus
1811 2875 1881 2897 non

95 2921 294 2961 nobilibus;
324 2921 426 2954 velut
446 2920 625 2961 Coloniae,
652 2920 713 2954 ubi
740 2932 761 2954 a
788 2922 806 2954 7
828 2920 885 2955 vel
904 2921 925 2955 8
952 2921 1026 2954 illis
1058 2920 1260 2962 „canonicis
1287 2918 1528 2963 presbyteris“
1552 2917 1726 2952 ecclesiae
1753 2919 1881 2951 metro-

97 2974 278 3018 politanae
306 2974 340 3007 id
366 2973 482 3007 solum
511 2974 735 3016 exigebatur,
764 2978 804 3008 ut
830 2974 889 3008 vel
915 2974 950 3007 in
977 2973 1162 3016 theologia
1189 2972 1246 3006 vel
1274 2972 1308 3005 in
1335 2973 1412 3005 iure
1439 2972 1604 3005 doctores
1624 2971 1680 3004 vel
1707 2970 1881 3005 licentiati

97 3030 240 3066 essent3
268 3038 303 3060 v.
327 3027 413 3060 Can.
436 3026 464 3058 V
485 3027 590 3060 516⁴.
628 3026 704 3061 Hoc
731 3030 828 3061 certe
855 3031 1016 3061 constat:
1044 3025 1226 3059 Nobilium
1245 3024 1388 3058 illorum
1408 3025 1660 3058 canonicorum
1680 3022 1883 3068 ignorantia

96 3084 136 3114 et
173 3080 296 3124 pravis
335 3079 495 3113 moribus
532 3079 730 3114 maximum
771 3080 945 3114 ecclesiae
983 3078 1210 3123 germanicae
1246 3078 1416 3111 damnum
1451 3077 1673 3112 inferebatur
1711 3078 1881 3119 (Janssen

96 3133 121 3167 l.
137 3144 166 3167 c.
185 3133 232 3168 [V
252 3132 329 3153 ¹-‘²
346 3133 431 3172 1Οὸ;
462 3133 675 3167 Steinhuber
692 3134 716 3168 l.
732 3145 761 3167 c.
780 3135 820 3167 1²
841 3133 1047 3172 171-172ς
1071 3133 1158 3166 Can.
1175 3130 1223 3164 lV
1243 3131 1452 3171 546-547;
1473 3130 1501 3164 V
1521 3131 1588 3165 128
1607 3131 1695 3170 517;
1717 3130 1765 3163 Vl
1787 3130 1882 3172 182).

221 3186 234 3206 ⁸
261 3185 315 3220 Cf.
335 3197 445 3230 supra
471 3197 504 3230 p.
524 3185 607 3220 359.
753 3187 766 3206 ⁴
794 3186 849 3221 Cf.
868 3197 978 3231 supra
1005 3197 1037 3230 p.
1057 3185 1138 3219 376.
1285 3184 1299 3203 ⁵
1327 3183 1529 3218 Hoffaeum.
1655 3184 1668 3204 ⁶
1696 3182 1823 3218 Volck.
