2051 3433
187 136 273 177 210
668 133 770 169 1883.
798 133 902 168 Card.
929 132 1134 168 Stanislaus
1161 132 1295 167 Hosius
1321 131 1476 168 Canisio.

184 250 381 305 inprimis
424 251 785 294 commendatum.
850 250 940 301 Quo
973 250 1061 292 illic
1092 251 1238 305 plures
1271 264 1294 293 e
1327 250 1486 294 nostris
1519 250 1702 301 alentur,
1736 264 1785 293 eo
1819 251 1959 305 major

185 318 390 370 suppetet
422 317 546 371 copia
579 317 873 360 ministrorum
916 319 959 359 et
997 316 1306 370 operariorum,
1349 316 1420 369 qui
1462 316 1514 358 de
1546 316 1670 359 Clero
1712 320 1756 359 et
1796 316 1957 371 populo

184 382 489 436 Herbipolensi
523 382 716 436 adeoque
749 383 801 424 de
832 384 928 425 tota
951 381 1217 424 Franconica
1249 395 1391 424 messe
1423 381 1560 425 velint
1592 384 1637 424 et
1658 381 1826 437 possint
1846 381 1958 424 bene

184 448 338 489 mereri
364 448 576 490 Domino
610 449 964 501 cooperante¹.
1013 447 1055 488 Is
1077 460 1182 489 vero
1205 446 1318 489 sicut
1339 447 1562 501 praeclare
1586 447 1739 501 coepit,
1773 446 1836 489 ita
1868 447 1956 488 cle-

184 516 354 555 menter
385 513 516 556 etiam
558 516 716 566 pergat
757 512 846 554 suis
888 511 1045 554 divinis
1078 512 1201 554 donis
1233 513 1441 566 pietatem
1475 514 1594 555 tuam
1637 525 1791 554 ornare
1824 515 1957 565 atque

186 578 440 631 provehere,
474 579 523 620 ut
546 578 655 620 Cleri
688 591 830 620 mores
863 577 1024 632 optime
1056 577 1360 628 reformentur,
1395 581 1440 620 et
1471 577 1583 632 lapsi
1615 577 1670 621 ad
1692 591 1823 619 verae
1854 577 1955 619 fidei

185 643 495 697 synceritatem
520 643 794 694 reducantur,
830 656 1064 696 omnesque
1087 643 1355 685 Franconiae
1379 643 1551 685 ordines
1574 642 1616 684 in
1640 642 1781 685 officio
1796 641 1955 684 Catho-

184 708 267 750 lico
310 711 429 751 recte
474 707 792 751 contineantur.
856 708 955 750 Non
997 708 1060 750 ita
1102 708 1266 762 pridem
1302 708 1584 750 Reverendus
1625 707 1834 750 Dominus
1869 707 1955 749 De-

185 787 318 816 canus
350 787 436 815 una
468 787 564 815 cum
598 774 647 815 D.
673 773 899 827 sigillifero
931 773 1112 815 Romam
1145 775 1412 828 properans2
1445 773 1525 815 hac
1558 772 1749 815 transiit:
1784 772 1958 826 utrique

185 852 324 880 meam
359 852 535 893 operam
570 839 718 889 obtuli,
753 841 798 881 et
830 839 882 880 de
915 838 1170 892 quibusdam
1202 839 1246 880 in
1279 839 1358 881 hoc
1381 838 1536 881 itinere
1566 838 1848 880 observandis
1869 851 1955 879 non

183 903 401 957 gravatim
436 903 659 958 suggessi:
693 903 873 947 Utinam
906 918 1010 946 vero
1043 904 1100 947 sit
1131 904 1174 946 in
1207 918 1275 946 me
1308 903 1483 957 aliquid,
1519 903 1630 957 quod
1662 903 1706 945 in
1738 902 1955 957 Amplitu-

185 969 298 1011 dinis
331 970 450 1011 Tuae
483 983 534 1011 ac
565 970 691 1012 istius
724 969 933 1012 ecclesiae
960 969 1285 1024 Herbipolensis
1317 970 1505 1023 gratiam
1539 968 1735 1011 Canisius
1766 982 1954 1021 unquam

183 1037 409 1089 praestare
442 1038 612 1089 posset:
654 1049 778 1077 suam
820 1039 938 1078 certe
980 1034 1301 1077 observantiam
1343 1037 1388 1077 et
1419 1034 1731 1089 gratitudinem
1764 1033 1954 1076 debitam

182 1101 296 1142 bona
327 1100 410 1142 fide
442 1114 519 1155 per
551 1115 719 1142 omnem
754 1100 1024 1142 occasionem
1046 1103 1305 1155 praestaret.
1352 1100 1472 1150 Quod
1505 1102 1704 1154 superest
1725 1113 1792 1140 me
1814 1100 1955 1141 totum

183 1167 228 1208 et
258 1165 395 1208 nostri
429 1166 589 1208 ordinis
622 1165 817 1208 homines
851 1180 1000 1208 omnes
1033 1165 1286 1208 Celsitudini
1319 1166 1451 1217 Tuae,
1485 1166 1607 1208 velut
1640 1164 1851 1219 singulari
1876 1177 1956 1218 pa-

182 1233 323 1281 trono,
358 1231 489 1274 etiam
523 1234 655 1284 atque
688 1231 820 1274 etiam
852 1231 895 1273 in
928 1231 1098 1274 Christo
1131 1231 1395 1274 commendo.

301 1298 554 1354 Aeniponiti
588 1301 653 1342 7¹¹⁸·
675 1299 781 1353 Maji
813 1300 892 1342 Ao.
927 1301 1040 1342 1574

711 1365 939 1409 illustriss.
972 1364 1249 1408 Celsitudinis
1282 1365 1401 1408 Tuae

1396 1425 1558 1467 Servus
1589 1423 1632 1466 in
1666 1422 1835 1466 Christo

1407 1490 1563 1533 Petrus
1596 1488 1804 1531 Canisius.

302 1571 341 1606 P.
361 1573 594 1606 Hei-mannus
626 1573 810 1616 Thyraeus
836 1573 870 1608 S.
894 1573 928 1608 J.
964 1572 1195 1617 provincialis
1230 1571 1413 1606 rhenanus
1439 1571 1623 1616 Herbipoli
1663 1571 1717 1605 18.
1744 1569 1834 1604 Iunii
1863 1569 1954 1603 1575

181 1625 407 1660 Mercuriano
434 1626 638 1670 praeposito
665 1626 823 1669 generali
843 1626 885 1660 de
905 1626 1060 1660 Echtero
1086 1625 1279 1671 *scripsitz
1311 1625 1430 1668 „Fecit
1457 1625 1630 1659 exercitia
1650 1651 1658 1659 .
1678 1651 1685 1658 .
1707 1651 1714 1658 .
1734 1622 1954 1667 generalem-

182 1690 251 1723 que
277 1680 388 1713 totius
408 1679 505 1713 vitae
533 1679 804 1721 confessionem,
831 1691 919 1714 vsus
946 1680 1062 1714 cilicio
1089 1682 1125 1713 et
1151 1679 1341 1724 disciplina
1361 1706 1367 1713 .
1389 1705 1396 1713 .
1417 1691 1444 1719 .;
1472 1678 1620 1712 retinuit
1641 1689 1744 1711 suum
1766 1676 1954 1711 Confessa-

181 1733 274 1766 rium
300 1732 514 1767 Monachum
543 1731 577 1767 S.
597 1733 779 1767 Francisci
805 1733 861 1767 cui
888 1745 969 1768 cum
996 1735 1093 1767 esset
1119 1733 1285 1774 decanus,
1321 1732 1483 1767 confiteri
1516 1731 1673 1766 solebat“
1708 1731 1769 1775 (ex
1795 1733 1953 1774 autogr.;

185 1786 305 1820 Germ.
327 1786 393 1821 136
420 1787 444 1821 f.
464 1787 577 1829 346³).

185 1890 339 1927 1883.
423 1892 625 1927 Cardinalis
653 1890 1080 1927 STANISLAUS
1107 1889 1378 1934 HOSIUS9
1405 1890 1703 1936 poenitentiarius
1730 1890 1853 1931 maior,
1882 1889 1954 1934 epi-

375 1957 506 1990 scopus
533 1946 760 1985 varmiensis,
789 1945 992 1980 CANlSIO.
1494 1943 1609 1977 Roma
1635 1944 1668 1978 8.
1687 1943 1774 1977 Maii
1804 1943 1905 1977 1574.

306 2017 359 2051 Ex
399 2017 461 2059 ,.D
494 2018 615 2051 Stam‘s
612 2018 672 2050 lai
698 2018 830 2051 Hosze'.
877 2043 885 2052 .
922 2016 1080 2061 Operum
1115 2015 1225 2050 Tomo
1263 2015 1439 2050 secundo“
1484 2015 1581 2060 (post
1607 2014 1707 2048 Hosii
1745 2016 1896 2048 mortem
1935 2024 1955 2046 a

183 2072 366 2106 Stam'slao
401 2072 524 2105 Resce'o
552 2069 722 2115 [Reszka]
759 2070 836 2105 eius
871 2070 1065 2104 secretario
1093 2069 1215 2113 edito),
1255 2069 1423 2103 Coloniae
1461 2069 1561 2109 1584,
1601 2068 1681 2109 386,
1717 2067 1867 2102 Rescius
1903 2066 1956 2100 sic

181 2125 365 2169 inscripsit
390 2125 483 2158 hanc
509 2124 720 2169 epistulam:
753 2125 880 2166 „Petro
906 2123 1048 2158 Canisio
1067 2123 1248 2166 Theologo
1273 2122 1464 2157 societatis
1483 2122 1575 2156 Iesu.
1619 2121 1780 2166 Epistola
1799 2119 1956 2154 CCXIX.

182 2179 307 2212 Monet
326 2181 365 2212 vt
390 2178 503 2212 fortes
522 2181 756 2223 permaneant
774 2178 808 2211 in
828 2177 1160 2223 persecutionibus“
1176 2190 1183 2216 ;
1211 2178 1390 2219 integrum
1409 2179 1527 2210 autem
1548 2175 1784 2219 epistularum
1803 2185 1951 2218 corpus:

188 2232 247 2274 „D.
269 2231 439 2266 Stanislai
459 2232 559 2265 Hosii
580 2259 587 2266 .
608 2259 615 2266 .
635 2259 642 2266 .
672 2232 854 2276 Epistolae
881 2231 924 2265 ad
953 2231 1125 2269 diuersos,
1155 2229 1375 2264 CCLXXVI.
1397 2229 1579 2263 Collectae
1606 2232 1642 2263 et
1660 2229 1694 2262 in
1715 2227 1882 2262 Ordinem
1902 2239 1956 2261 re-

183 2286 309 2320 dactae
343 2297 407 2330 per
434 2285 652 2320 stanislaum
680 2285 868 2319 Resciun1“
904 2285 940 2325 (l.
961 2296 988 2318 c.
1010 2296 1042 2329 p.
1066 2284 1161 2326 145).
1213 2284 1344 2317 Exstat
1371 2282 1504 2316 Romae
1540 2282 1574 2315 in
1608 2281 1827 2315 bibliotheca
1853 2280 1955 2315 valli-

183 2340 320 2374 cellana
358 2340 506 2384 „*Hosij
535 2339 736 2373 Cardinalis
762 2338 1004 2383 Epistola-rum
1032 2337 1127 2371 Ordo
1162 2338 1206 2371 ab
1242 2349 1334 2371 anno
1364 2336 1452 2370 1572
1480 2336 1522 2369 ad
1559 2347 1691 2369 annum
1722 2335 1831 2369 1579“
1863 2333 1955 2377 (sae—

183 2393 263 2427 culo
290 2393 404 2428 XVlI.
425 2393 483 2427 vel
512 2393 641 2427 XVlll.
661 2393 819 2437 scriptus
832 2393 877 2436 2³),
915 2392 974 2435 qui
1009 2391 1098 2425 haec
1124 2391 1233 2424 habet
1260 2391 1295 2423 in
1322 2401 1350 2424 a.
1383 2390 1492 2423 1574:
1533 2389 1660 2431 „Petro
1688 2388 1840 2423 Canisio.
1869 2387 1955 2432 Ep.:

185 2447 268 2481 119a
302 2458 382 2491 pag.
415 2448 493 2481 186.
544 2446 667 2480 Monet
694 2449 734 2480 ut
769 2446 873 2480 fortis
909 2447 1118 2490 permaneat
1154 2445 1187 2477 in
1225 2442 1545 2488 persecutionibus,
1595 2442 1616 2477 8
1653 2441 1738 2487 Maij
1777 2441 1955 2476 Romae“:

183 2512 299 2544 neque
327 2512 412 2534 vero
450 2500 505 2534 his
534 2500 653 2534 verbis
681 2500 752 2534 alia
788 2500 943 2544 epistula
969 2498 1166 2542 significari
1196 2498 1337 2531 videtur
1363 2499 1471 2540 atque
1502 2508 1553 2536 ea,
1590 2507 1698 2539 quam
1733 2506 1843 2539 supra
1869 2494 1954 2528 dixi.

184 2553 239 2587 Ex
266 2554 385 2588 Rescii
421 2565 562 2598 quoque
601 2553 780 2587 volumine
815 2554 959 2587 videtur
984 2552 1207 2596 exscriptum
1243 2562 1322 2585 esse
1359 2549 1519 2594 (saeculo
1554 2549 1685 2584 XVIII.
1720 2549 1778 2583 vel
1813 2548 1954 2591 XIX.‘.>)

307 2661 316 2680 ¹
345 2661 403 2694 Mc
433 2661 485 2698 16,
514 2660 570 2694 20.

305 2713 319 2733 2
348 2713 530 2758 Hei-bipoli
561 2714 612 2747 14.
636 2713 770 2758 Aprilis
799 2712 890 2746 1574
925 2711 1151 2746 Neidliardus
1177 2722 1198 2744 a
1223 2709 1399 2752 Thiingen
1436 2709 1609 2743 ecclesiae
1645 2707 1862 2743 cathedralis
1897 2707 1955 2741 de-

185 2778 296 2800 canus
331 2769 367 2800 et
402 2767 579 2809 Georgius
615 2766 762 2800 Fischer
797 2766 954 2810 episcopi
991 2765 1158 2808 sigillifer
1193 2766 1229 2797 et
1259 2763 1370 2805 „Novi
1407 2763 1636 2797 Mouasterii“
1678 2761 1953 2804 (Neumiinster)

184 2819 446 2863 herbipolensis
481 2821 673 2854 canonicus
701 2820 782 2853 Iulii
818 2819 988 2852 mandatu
1023 2818 1170 2852 Romam
1207 2816 1358 2862 profecti
1385 2820 1479 2855 sunt,
1515 2820 1554 2850 ut
1581 2816 1610 2850 ei
1649 2815 1954 2850 confirmationem

185 2874 403 2918 pontificiam
423 2876 459 2906 et
477 2874 598 2907 varias
626 2875 860 2917 impetrarent
887 2872 1034 2915 gratias,
1062 2883 1153 2915 quae
1180 2870 1396 2915 spectabant
1421 2870 1465 2903 ad
1493 2869 1754 2903 institutionem
1781 2867 1956 2901 universi-

185 2927 288 2967 tatis,
324 2926 550 2960 collationem
587 2926 838 2961 beneficiorum
875 2924 1220 2963 ecclesiasticorum,
1256 2926 1471 2968 potestatem
1509 2922 1718 2956 absolvendi
1755 2920 1957 2954 haereticos

186 2982 222 3013 et
246 2979 389 3023 legendi
415 2979 524 3013 libros
551 2979 758 3023 prohibitos,
781 2979 1020 3012 visitationem
1041 2976 1338 3011 monasteriorum
1361 2977 1479 3015 (Hans
1473 2988 1525 3009 en
1545 2976 1566 3010 l
1587 2987 1616 3010 c.
1636 2975 1744 3015 681¹;
1773 2974 1955 3016 SchwarZ,

186 3032 270 3066 Gut.
289 3033 377 3067 91-
385 3033 448 3068 9⁹:
477 3032 583 3066 Nunt
609 3032 674 3067 168
700 3033 787 3072 211;
818 3033 844 3066 I.
865 3033 908 3066 N.
930 3032 1144 3074 Buff-‚homer
1164 3030 1282 3064 Julius
1302 3030 1433 3064 Echter
1452 3041 1520 3063 von
1540 3028 1806 3074 Mespelbrunn,
1830 3026 1953 3059 Wiirz·

186 3086 276 3129 burg
297 3086 398 3125 1843
417 3086 480 3125 48;
509 3087 679 3119 Brandsr
696 3085 718 3119 l.
738 3098 767 3119 c.
786 3086 861 3128 43)
899 3085 1115 3130 Fieytagius
1142 3095 1328 3129 perperam
1348 3084 1483 3125 scribit,
1511 3083 1685 3117 decanum
1713 3081 1813 3115 illum
1840 3079 1956 3113 fuisse

185 3138 309 3172 Vitum
337 3139 554 3183 Krepserum
585 3139 621 3180 (l.
642 3150 671 3172 c.
694 3139 813 3182 113³).
