2051 3433
176 216 259 257 706
948 212 1042 246 Mon.
1073 212 1175 246 1164.

175 328 320 365 1164.
395 329 421 364 Α
449 328 483 364 d.
511 329 540 363 7.
563 327 757 364 Februarii
785 327 830 363 ad
858 329 889 364 6.
914 326 1139 374 Septembris
1167 326 1261 362 1574.

297 397 464 429 Cant'sius
493 396 684 437 Oeniponte
711 396 748 427 in
774 396 900 438 templo
928 396 1110 429 Societate's
1140 395 1224 436 plus
1251 405 1356 437 quam
1384 396 1428 426 30
1459 396 1648 433 orationes,
1685 405 1810 437 easque
1843 395 1949 437 potis-

173 451 301 482 simum
327 450 369 482 (le
394 450 486 482 libro
513 449 594 490 Job,
621 448 732 481 habet.
785 449 910 482 Sermo
935 448 1099 491 funebris
1124 448 1165 479 de
1192 448 1327 480 Helena
1355 448 1491 490 reqincc.
1538 447 1691 480 Inbilaei
1714 449 1949 490 imlulqentia,

178 503 472 536 Communionum
499 503 715 545 frequentia,
743 502 783 535 P.
802 503 901 535 Naso
929 502 1199 535 contradicente.

294 575 501 628 Hoffaeus
534 572 810 627 provincialis
843 573 886 614 in
919 572 1168 628 provinciae
1209 585 1314 614 suae
1360 572 1593 626 „Catalogo
1618 607 1627 616 .
1652 606 1660 615 .
1687 606 1694 614 .
1729 586 1806 627 pro
1848 571 1948 614 anni

178 641 291 682 1574
315 639 514 682 Calendis
536 638 760 693 Januarij“
799 638 851 680 de
874 638 1044 680 Canisio
1077 637 1271 680 notavit:
1302 637 1446 686 „Hora
1474 637 1772 690 pomeridiana
1793 637 1949 679 librum

173 705 257 747 Job
283 705 326 746 in
350 705 511 759 templo
544 707 694 746 nostro
727 704 884 758 populo
919 704 1132 758 explicat“
1163 704 1221 754 (v,
1246 716 1380 756 supra
1412 717 1450 757 p.
1478 703 1593 755 702).
1641 703 1750 745 Item
1774 701 1950 744 Iacobus

173 771 395 812 Fontanus
418 772 460 813 S.
483 771 526 812 J.
550 769 592 811 in
616 769 795 811 Litteris
819 769 974 810 annuis
997 769 1186 810 eiusdem
1211 767 1473 821 prouinciae,
1498 767 1674 820 Dilinga
1702 770 1736 810 1.
1762 767 1949 821 Augusti

176 837 288 877 1574
323 835 458 878 datis:
492 834 756 886 „Sedecim“,
789 833 930 887 inquit
967 833 1225 887 „Oeniponti
1258 832 1527 883 habitarunt,
1564 833 1822 875 Sacerdotes
1847 834 1869 874 7
1905 832 1949 875 Si

173 901 220 944 P.
248 900 468 942 Ramirum
512 899 593 942 hac
635 902 806 942 aestate
851 899 991 941 Roma
1031 898 1209 941 missum
1247 898 1524 941 adnumeres.
1588 897 1730 940 Festis
1771 911 1821 940 ac
1864 898 1950 939 Do-

172 965 341 1007 minicis
374 965 524 1008 diebus
556 969 647 1008 tres
680 978 703 1007 e
736 964 1036 1007 sacerdotibus
1070 964 1122 1006 de
1154 964 1284 1005 rebus
1307 963 1464 1005 diuinis
1487 977 1565 1018 pro
1589 963 1792 1005 concione
1816 963 1950 1005 verba.

173 1030 384 1074 fecerunt.
429 1031 475 1073 P.
501 1030 696 1073 Canisius
729 1030 772 1071 in
804 1030 966 1084 templo
999 1029 1175 1083 Collegij
1210 1029 1367 1070 librum
1399 1029 1482 1070 Jo'n
1517 1028 1847 1083 interpretatur,
1882 1041 1949 1070 se-

173 1096 337 1138 cundus
368 1096 412 1138 in
446 1096 668 1146 Paraecia,
702 1095 945 1148 Euangelia
978 1098 1022 1138 et
1045 1095 1265 1149 Epistolas
1288 1094 1510 1148 explanat,
1545 1094 1702 1136 tertius
1724 1094 1766 1135 in
1790 1107 1948 1147 pagum

173 1175 409 1204 excurrens
441 1161 497 1203 ad
528 1160 736 1203 rusticam
770 1160 939 1215 plebem
974 1160 1287 1203 contionatur.“
1339 1160 1427 1211 (Ex
1460 1159 1662 1213 exemplo
1696 1158 1947 1211 archetypo,

173 1226 287 1279 quod
328 1229 477 1269 exstat
518 1226 721 1268 Coloniae
763 1225 806 1267 in
850 1225 1026 1267 archivo
1071 1224 1312 1267 studiorum
1355 1224 1657 1273 fundatorum,
1704 1224 1803 1267 Cod.
1834 1224 1889 1273 „L
1915 1223 1947 1266 I.

173 1293 284 1333 721“
314 1291 343 1335 f.
369 1291 508 1344 233³.)
571 1291 666 1333 Etsi
699 1305 804 1333 vero
838 1290 1034 1333 Canisius
1074 1290 1160 1332 iam
1203 1289 1324 1331 initio
1366 1289 1467 1331 anni
1508 1290 1618 1331 1574
1651 1288 1750 1330 huic
1783 1287 1949 1330 muneri

172 1356 416 1399 destinatus
456 1357 592 1399 fuisse
625 1356 811 1405 videtur,
855 1359 957 1398 ante
998 1370 1052 1398 m.
1087 1355 1370 1398 Februarium
1413 1368 1461 1396 eo
1502 1354 1626 1408 fungi
1666 1368 1751 1395 non
1784 1353 1946 1408 coepit;

171 1421 213 1463 id
256 1436 312 1464 ex
352 1421 539 1464 indiculo
582 1421 844 1472 contionum,
892 1421 963 1474 qui
1006 1421 1131 1462 modo
1173 1423 1370 1475 ponetur,
1414 1420 1717 1472 intellegetur;
1763 1419 1947 1473 primum

171 1491 318 1530 autem
359 1491 546 1542 ponetur
586 1487 778 1529 maxima
819 1501 921 1541 pars
963 1486 1130 1528 exordii
1173 1485 1385 1528 contionis
1427 1485 1614 1539 primae3
1658 1499 1713 1526 ex
1751 1498 1801 1526 eo
1835 1485 1947 1526 enim

172 1556 471 1607 cognoscetur,
506 1556 549 1595 et
582 1567 657 1595 cur
679 1552 875 1595 Canisius
908 1552 989 1594 hoc
1012 1552 1214 1601 officium,
1249 1551 1361 1604 quod
1385 1565 1521 1604 usque
1553 1550 1608 1592 ad
1640 1550 1744 1591 illud
1777 1553 1948 1604 tempus

172 1619 217 1662 P.
242 1619 407 1674 Caspar
448 1618 718 1672 Obergasser
759 1617 1147 1660 administraverat
1185 1621 1244 1669 (v,
1278 1630 1410 1671 supra
1443 1631 1483 1670 p.
1518 1615 1638 1668 629),
1681 1615 1724 1657 in
1766 1629 1812 1657 se
1853 1629 1947 1657 sus-

171 1684 349 1739 ceperit,
393 1688 438 1727 et
476 1684 689 1738 quomodo
726 1683 840 1725 idem
883 1683 1105 1737 ingressus
1148 1682 1218 1733 sit,
1261 1685 1305 1724 et
1348 1681 1449 1735 quid
1496 1680 1767 1736 potissimum
1810 1681 1853 1722 in
1896 1693 1946 1723 eo

172 1749 455 1804 spectaverit.

294 1831 412 1874 „Nulli
440 1830 608 1871 alienum,
642 1841 774 1871 rarum,
811 1832 847 1864 et
872 1829 1002 1863 mirum
1030 1828 1207 1869 videatur,
1243 1828 1335 1872 quod
1362 1827 1429 1862 hoc
1456 1827 1533 1862 loco
1569 1827 1762 1871 aliquando
1798 1826 1948 1861 mutatio

170 1885 244 1926 fiat,
280 1885 358 1919 siue
392 1884 489 1919 circa
525 1884 821 1929 praedicatorem,
848 1883 907 1917 vel
933 1883 1029 1917 circa
1055 1882 1242 1916 materiam
1270 1881 1510 1915 tractandam.
1561 1880 1653 1915 Nam
1684 1879 1853 1923 religiosi,
1888 1879 1948 1923 qui

171 1950 209 1973 se
236 1951 256 1973 a
282 1940 410 1973 sancta
437 1937 650 1972 obedientia
675 1937 752 1980 regi
779 1937 913 1978 sinunt,
941 1936 1072 1971 debent
1099 1947 1178 1970 esse
1206 1936 1324 1980 parati
1351 1936 1471 1969 facere
1498 1934 1667 1979 quicquid
1699 1933 1771 1968 illis
1799 1934 1949 1976 iniungi·

169 1995 240 2032 tur,
269 1994 305 2026 et
331 1991 532 2035 aequaliter
558 1994 657 2026 stare
675 1992 710 2025 in
729 1990 915 2024 omnibus:
943 1990 1020 2024 siue
1046 1990 1113 2024 hoc
1132 1989 1210 2023 siue
1237 1989 1333 2023 aliud
1362 1989 1492 2023 debent
1518 1988 1643 2022 docere
1670 1990 1707 2021 et
1732 1986 1948 2032 praedicare.

170 2045 274 2079 Vnde
309 2046 404 2079 sicut
438 2045 649 2083 necessitas,
684 2044 736 2078 sic
763 2044 871 2078 etiam
899 2043 1113 2077 obedientia
1147 2042 1281 2077 nullam
1319 2043 1435 2085 legem
1468 2042 1577 2076 habet
1609 2044 1645 2075 et
1671 2040 1849 2074 admittit:
1886 2039 1949 2073 sed

170 2099 261 2132 facit
286 2098 448 2133 homines
475 2098 593 2132 dicere
620 2109 700 2132 cum
726 2097 854 2138 Dauid,
891 2097 1117 2131 Paratum
1154 2108 1232 2130 cor
1267 2107 1411 2129 meum
1438 2095 1582 2134 Deus,
1620 2097 1837 2139 paratum
1871 2104 1949 2127 cor

169 2154 360 2187 meum':
397 2154 434 2185 et
468 2163 549 2192 cum
586 2151 730 2186 Christo
766 2151 854 2196 ipso,
890 2150 988 2184 Non
1023 2161 1141 2190 mea,
1177 2150 1255 2183 sed
1292 2152 1374 2183 tua
1406 2148 1638 2182 voluntas
1674 2147 1835 2188 fiatss,
1871 2146 1948 2180 siue

170 2206 398 2250 loquendum,
424 2205 502 2239 siue
528 2205 731 2245 tacendum,
757 2204 835 2238 siue
861 2204 920 2238 hic
945 2206 1080 2238 tractet
1106 2203 1181 2244 hoc,
1209 2204 1287 2237 siue
1313 2202 1373 2236 ille
1400 2202 1497 2236 aliud
1517 2201 1658 2246 quando
1685 2212 1777 2234 unus
1803 2199 1947 2244 impedi-

169 2263 229 2295 tur
255 2262 291 2293 et
316 2259 426 2293 habet
452 2258 548 2293 aliud
575 2270 701 2293 curare
721 2276 727 2283 ·
747 2258 814 2292 hoc
841 2260 906 2299 est,
933 2258 1029 2292 sicut
1052 2257 1183 2291 Petrus
1209 2256 1337 2300 inquit,
1365 2256 1559 2289 Animas
1586 2258 1781 2289 vestras
1807 2253 1948 2287 casti·

170 2313 384 2348 ficantes
410 2313 454 2346 in
482 2311 802 2347 Obedientia³
831 2312 881 2345 1¹²0
907 2311 984 2345 Pet.
1014 2311 1060 2345 1⁰.
1145 2310 1182 2343 2⁰
1208 2309 1308 2344 Talis
1335 2309 1486 2343 mutatio
1514 2319 1688 2354 personae
1714 2311 1750 2341 et
1777 2306 1948 2341 materiae

169 2367 210 2401 fit
245 2379 290 2401 ex
323 2366 511 2407 charitate,
539 2369 580 2399 vt
605 2376 726 2399 vnus
760 2364 976 2399 alterius
1002 2375 1119 2398 onus
1145 2365 1343 2408 portet⁴,
1380 2365 1416 2396 et
1443 2373 1536 2396 vnus
1562 2361 1715 2396 alterum
1743 2361 1859 2404 magis
1886 2360 1948 2394 im-

170 2420 329 2465 peditum
359 2419 537 2460 subleuet‚
566 2422 601 2453 et
628 2429 756 2453 manus
782 2429 928 2452 manum
957 2417 1109 2452 alteram
1137 2416 1247 2451 lauet.
1267 2444 1275 2452 .
1296 2444 1303 2451 .
1324 2443 1331 2451 .
1383 2417 1419 2450 3⁰
1446 2415 1659 2449 Huiusmodi
1678 2414 1831 2449 mutatio
1851 2413 1950 2447 vtilis

171 2476 228 2508 est
253 2473 388 2518 saepeb
414 2475 450 2507 et
477 2473 694 2507 conueniens
720 2484 783 2517 pro
811 2471 1068 2512 auditoribusss,
1097 2471 1245 2514 quinon
1265 2481 1408 2514 semper
1434 2468 1660 2503 delectantur
1687 2467 1820 2502 eisdem
1849 2467 1948 2510 cibis,

170 2529 207 2561 et
232 2527 392 2571 gaudent
425 2525 543 2569 magis
569 2526 759 2566 varietate,
795 2524 984 2559 audientes
1014 2524 1084 2558 iam
1112 2535 1232 2564 vnum,
1268 2524 1338 2557 iam
1373 2522 1540 2563 alterum,
1578 2533 1672 2555 nunc
1699 2521 1741 2554 de
1768 2520 1947 2559 concione,

170 2592 264 2614 nunc
290 2580 334 2613 de
361 2579 599 2620 Catechismo,
625 2591 720 2613 nunc
746 2578 966 2623 accipientes
991 2576 1084 2618 lac,
1112 2576 1170 2610 vel
1203 2576 1409 2610 solidum
1446 2575 1638 2609 cibum⁵.
1659 2601 1665 2608 .
1686 2601 1694 2609 .
1715 2601 1722 2608 .
1775 2573 1836 2607 Sid
1863 2584 1947 2616 ergo

170 2634 346 2668 hactenus
372 2635 411 2667 ut
438 2632 579 2677 paruuli
607 2632 716 2667 cibati
738 2632 826 2666 estis
849 2631 943 2665 lacte
962 2631 995 2665 id
1016 2633 1072 2665 est
1090 2630 1317 2664 Catechismo
1343 2632 1486 2673 tempus
1505 2632 1560 2662 est
1586 2630 1626 2661 ut
1651 2631 1822 2671 tanquam
1843 2637 1946 2670 gran-

171 2687 288 2721 diores
323 2687 442 2721 cibum
477 2686 660 2720 fortiorem
697 2685 862 2731 capiatis.
882 2712 889 2720 .
910 2711 918 2719 .
938 2710 945 2718 .
982 2684 1081 2718 Haec
1116 2683 1272 2728 praefari
1300 2682 1408 2721 volui,
1441 2686 1482 2715 vt
1511 2683 1543 2715 in
1571 2681 1700 2715 bonam
1727 2685 1864 2725 partem
1891 2691 1947 2714 ac-

170 2741 323 2785 cipiatis,
356 2740 449 2784 quod
483 2746 573 2783 eg00
598 2739 669 2773 huc
695 2739 826 2784 prodeo
852 2740 888 2773 et
915 2737 1002 2772 mihi
1030 2737 1196 2782 proposui
1224 2736 1375 2781 posthac
1400 2735 1458 2770 hic
1487 2734 1622 2779 aliquid
1649 2734 1731 2768 noui
1759 2733 1946 2767 inchoare:

169 2806 308 2838 nempe,
335 2797 376 2827 vt
401 2793 536 2837 aliquid
564 2793 666 2827 vobis
702 2804 878 2837 exponam
906 2804 950 2826 ex
977 2791 1067 2825 libro
1102 2790 1236 2835 scripto
1264 2791 1297 2823 in
1328 2789 1443 2823 Biblia
1468 2790 1511 2822 de
1538 2788 1572 2822 S.
1602 2788 1761 2832 patiente
1787 2787 1866 2825 ι101),
1903 2798 1946 2820 ex

170 2847 290 2881 causis
316 2859 399 2880 mox
418 2846 648 2880 adducendis.
686 2846 786 2879 Vnde
806 2844 1057 2880 Catechismus
1077 2844 1120 2877 ad
1139 2846 1282 2888 tempus
1306 2843 1577 2882 intermittetur,
1604 2844 1640 2874 et
1658 2853 1720 2885 pro
1739 2852 1779 2874 eo
1798 2839 1947 2874 historia

279 2928 307 2956 a)
329 2927 421 2952 Verba
441 2936 511 2958 sqq„
533 2935 620 2958 usque
640 2927 678 2951 ad
699 2925 781 2952 aliud
803 2932 909 2951 curare
926 2926 1001 2954 incl„
1022 2933 1038 2949 a
1055 2930 1063 2945 ⁴
1077 2933 1124 2949 an.
1142 2925 1203 2955 ipso
1226 2924 1253 2947 in
1276 2924 1407 2955 mnryine
1428 2923 1530 2947 addita
1545 2925 1622 2947 sunt.
1684 2920 1714 2949 b)
1739 2921 1808 2945 Tria
1831 2928 1872 2945 vr.
1886 2927 1944 2951 sqq.

170 2977 188 2993 a
211 2972 280 2994 Can.
301 2969 364 3000 ipsu
384 2977 477 2999 supra
501 2977 612 2993 versum
633 2969 746 3000 scripta
765 2971 841 2992 siml.
917 2969 943 2996 c)
964 2967 1102 2998 Sequitur
1122 2967 1165 2994 vt,
1186 2966 1276 2989 obliti.
1352 2963 1381 2991 dl
1404 2966 1463 2989 Hoc
1484 2973 1507 2989 Γ.
1529 2967 1555 2989 ef
1575 2971 1647 2995 (μιαν
1667 2966 1838 2994 sequuntur,
1860 2969 1947 2993 usque

170 3011 209 3034 ml
235 3009 363 3042 capiatis
392 3010 467 3039 incl„
491 3018 507 3033 α
531 3012 599 3034 stau.
629 3011 690 3041 ipso
717 3010 747 3033 in
774 3009 906 3040 ›viat-gline
933 3009 1035 3033 addita
1061 3011 1137 3033 sunt.
1230 3007 1257 3035 e)
1284 3007 1352 3031 Tria
1381 3014 1421 3030 vr.
1445 3014 1504 3037 sqq.
1530 3014 1546 3030 (ι
1571 3007 1599 3030 C.
1625 3005 1688 3036 ipso
1713 3012 1805 3035 supra
1834 3009 1947 3027 versum

169 3052 282 3082 scripta
303 3054 378 3075 sunt.

298 3158 304 3175 ¹
334 3156 381 3190 Ps
408 3156 463 3193 56,
491 3156 531 3195 ὃς
561 3156 638 3196 107,
665 3156 696 3189 2.
822 3155 835 3175 ²
862 3155 910 3189 Lc
937 3155 993 3194 22,
1019 3154 1083 3193 4·2;
1112 3153 1214 3188 cf.10
1234 3153 1266 3192 5,
1294 3153 1359 3192 30;
1387 3153 1419 3194 6,
1447 3152 1502 3186 38.
1628 3151 1640 3170 ⁸
1668 3151 1682 3184 1
1714 3149 1800 3183 Petr
1829 3149 1859 3189 1,
1887 3147 1945 3181 22.

298 3211 309 3228 ⁴
339 3208 404 3242 Gal
434 3209 464 3249 6,
493 3210 523 3242 2.
649 3210 661 3228 ⁵
690 3209 786 3242 Hebr
813 3210 845 3249 5,
877 3209 1024 3242 12-14,

2016 446 2019 540 l
