2062 3443
606 166 650 200 11.
679 165 901 199 Prooemium
930 165 1121 199 voluminis
1147 166 1301 211 septimi.
1743 180 1835 202 xxix

75 283 238 325 „Ioannis
273 281 435 316 Perellii“
467 281 657 316 Societatis
692 282 867 327 discipuli,
905 293 973 326 quo
1010 283 1150 316 nomine
1187 283 1279 317 idem
1316 283 1376 317 ille
1404 283 1524 318 Rabus
1558 296 1597 318 se
1632 285 1837 319 contexisse

70 335 230 372 videtur:
267 336 396 370 librum
432 337 636 379 germanice
672 335 827 369 reddidit
862 336 1012 369 Ioannes
1040 335 1130 370 Gotz
1166 336 1392 381 iurisperitus
1427 341 1462 371 et
1498 338 1723 372 consiliarius
1758 349 1835 371 con-

69 389 280 423 stantiensis
316 389 430 432 (747).
481 388 603 422 Socios
638 388 859 422 colonienses
895 389 938 422 ad
974 392 1159 430 senatum,
1199 390 1291 433 quod
1329 390 1449 424 urbem
1488 390 1659 435 Hispanis
1697 391 1837 424 tradere

70 442 206 476 vellent
231 445 267 476 et
292 443 459 476 mulieres
478 443 520 476 ad
539 453 707 485 magnam
727 443 856 486 stipem
878 442 1000 476 invitis
1018 443 1159 476 maritis
1185 442 1405 485 largiendam
1426 443 1675 482 sollicitarent.
1701 444 1838 478 delatos

70 495 221 530 Ioannes
255 495 468 530 Gebhardus
503 495 703 529 Truchsess
741 494 1033 540 archiepiscopus
1072 495 1263 538 diligenter
1297 497 1455 530 defendit
1495 498 1609 541 (467).
1662 498 1838 531 Martinus

69 549 113 582 de
138 548 384 592 Schauinberg
420 548 610 593 episcopus
646 550 881 593 eystettensis
917 549 1069 593 primum
1106 549 1248 593 quidem
1284 550 1434 583 multum
1471 552 1605 593 negotii
1633 550 1745 585 Sociis
1781 563 1838 585 cx-

69 601 252 641 hibuerat;
290 602 352 637 sed
389 613 469 636 curn
506 601 686 647 pontificis
722 602 820 635 iussu
857 613 898 635 ea
936 602 978 635 de
1014 614 1051 636 re
1085 614 1105 636 a
1132 603 1277 636 Morono
1304 604 1476 637 cardinali
1504 604 1706 638 admonitus
1733 609 1837 644 esset,

69 654 249 689 Canisium
289 655 365 699 (qui
404 666 484 689 eum
523 654 642 699 paullo
683 657 761 699 post
799 655 876 699 ipse
914 654 1018 698 adiit)
1056 655 1217 699 aliosque
1253 656 1376 690 Socios
1414 657 1458 690 ad
1497 657 1741 691 confessiones
1780 669 1837 691 ex·

69 707 250 752 cipiendas
279 708 368 750 „etsi
402 720 470 742 non
505 710 755 752 comparentes
781 719 846 742 nec
872 708 1117 742 examinatos“
1149 710 1363 753 approbavit
1390 713 1425 743 et
1450 710 1557 744 simul
1585 711 1636 744 eis
1668 710 1837 753 „multum

68 761 235 795 cervinae
254 764 290 795 et
308 773 477 804 magnum
497 773 563 795 vas
581 761 726 806 plenum
747 772 955 804 magnorum
976 764 1204 795 cancrorum“
1228 762 1326 796 misit
1346 764 1428 805 (401
1451 764 1548 807 760).
1580 765 1668 797 Item
1688 764 1839 797 Ioannes

67 813 224 848 Thomas
250 826 271 849 a
297 814 422 859 Spaur,
455 815 513 849 ubi
541 814 577 848 in
605 815 833 859 episcopatus
860 814 1078 848 brixinensis
1106 817 1369 860 possessionem
1396 817 1506 857 venit,
1539 820 1667 860 rogatu
1695 816 1838 857 canisii,

68 867 127 911 qui
155 867 339 902 Brixinam
367 868 410 902 ad
438 879 516 902 eum
545 870 706 912 venerat,
743 867 856 902 Sociis
889 869 1064 913 permisit,
1101 871 1140 902 ut
1166 869 1201 902 in
1228 870 1393 903 omnibus
1420 870 1650 915 episcopatus
1677 870 1839 905 ecclesiis

68 921 367 963 continuarentur,
403 921 535 966 ubique
570 922 768 955 doctrinam
804 921 1036 955 christianam
1073 922 1268 964 traderent,
1304 923 1466 957 homines
1498 925 1606 958 etiam
1634 935 1654 957 a
1680 924 1838 968 peccatis

68 975 233 1020 episcopo
267 975 464 1009 reservatis
499 974 738 1015 absolverent,
776 986 961 1009 sacrarum
995 975 1175 1018 virginum
1212 976 1457 1011 confessiones
1493 977 1710 1022 exciperent,
1746 989 1837 1012 com-

67 1029 269 1062 munionem
304 1028 510 1073 paschalem
546 1029 581 1062 in
617 1029 692 1063 suis
727 1028 889 1062 ecclesiis
920 1028 1168 1062 ministrarent
1198 1029 1313 1072 (798).
1364 1030 1535 1071 Noviciis,
1572 1031 1633 1075 qui
1659 1031 1837 1065 Monachii

66 1081 188 1116 sedem
206 1086 398 1126 angustam
425 1082 716 1126 insalubremque
743 1081 943 1116 habuerant
962 1084 998 1116 et
1017 1082 1097 1116 duci
1115 1082 1264 1126 eiusque
1283 1083 1497 1117 consiliariis
1516 1083 1657 1118 molesti
1686 1085 1838 1121 fuerant.

67 1134 261 1169 Svicardus
288 1146 408 1169 comes
434 1135 478 1169 ab
505 1134 731 1169 Helfenstein
759 1139 794 1169 et
820 1135 936 1169 Maria
963 1135 1145 1169 comitissa
1172 1147 1192 1169 a
1210 1135 1348 1170 Zollern
1375 1136 1452 1171 eius
1478 1149 1569 1171 uxor
1587 1137 1839 1181 Landsbergae

68 1188 208 1222 domum
236 1191 495 1223 exstruxerunt
521 1191 557 1222 et
582 1188 717 1222 victum
746 1188 988 1233 praebuerunt
1009 1188 1122 1232 (302).
1160 1189 1342 1224 Lucernae
1360 1190 1396 1223 in
1415 1190 1583 1225 Helvetia
1610 1191 1709 1224 cives
1736 1190 1838 1225 colle-

67 1241 165 1284 gium
192 1241 345 1276 Sociatis
370 1242 606 1276 instituerunt
635 1241 748 1284 (233).
803 1241 990 1284 „Miraculi
1017 1242 1129 1283 loc0“,
1166 1245 1206 1276 ut
1232 1243 1399 1278 Canisius
1425 1245 1486 1283 ait,
1523 1243 1722 1278 habendum
1750 1247 1838 1283 erat,

68 1295 162 1338 quod
183 1296 368 1338 Augustae
394 1298 475 1340 post
493 1295 625 1329 multos
645 1298 794 1329 conatus
814 1296 934 1329 irritos
953 1295 1172 1330 liberalitate
1191 1296 1448 1339 Fuggerorum,
1472 1297 1662 1331 Octaviani
1682 1298 1838 1332 maxime

67 1348 245 1392 Fuggeri,
280 1349 471 1392 collegium
507 1349 699 1383 Societatis
734 1350 916 1383 conditum
948 1352 1004 1383 est
1040 1350 1155 1393 (536).
1206 1351 1341 1384 Ibidem
1378 1351 1412 1384 in
1450 1351 1601 1385 ecclesia
1638 1351 1836 1386 cathedrali

66 1402 104 1436 P.
134 1403 330 1446 Gregorius
367 1403 567 1447 Rosephius
603 1414 665 1448 per
700 1402 832 1437 multos
868 1415 980 1436 annos
1007 1403 1050 1436 ad
1086 1403 1218 1438 multos
1245 1405 1427 1439 auditores
1453 1417 1584 1448 magna
1616 1417 1696 1439 cum
1733 1405 1837 1439 laude

67 1455 158 1490 dixit
177 1455 290 1499 (682).
328 1456 440 1491 Halae
459 1456 498 1491 P.
519 1457 662 1491 loannis
681 1456 900 1491 Rabenstein
927 1457 1150 1491 orationibus
1175 1458 1290 1492 sacris
1309 1459 1383 1492 fere
1402 1459 1548 1492 dimidia
1569 1459 1729 1493 civitatis
1756 1471 1839 1503 pars

67 1509 110 1544 ad
142 1509 355 1544 catholicam
391 1510 561 1555 pietatem
595 1510 744 1544 reducta
769 1514 826 1544 est
855 1510 944 1553 (97).
998 1511 1049 1544 Ad
1078 1510 1270 1545 Societatis
1307 1512 1583 1546 universitatem
1620 1512 1838 1556 dilinganam

66 1566 138 1597 tam
175 1563 278 1597 multi
304 1563 497 1598 veniebant
531 1563 783 1598 adulescentes
818 1563 1020 1598 litterarum
1048 1565 1209 1606 studiosi,
1247 1567 1286 1598 ut
1321 1577 1387 1599 nec
1421 1565 1594 1610 templum
1622 1577 1688 1600 nec
1714 1566 1838 1599 domus

67 1628 188 1651 omnes
214 1628 342 1661 capere
378 1621 516 1662 posset;
553 1617 724 1652 nobilium
752 1621 787 1651 et
813 1617 1079 1659 monachorum,
1116 1619 1175 1662 qui
1211 1618 1246 1652 in
1273 1619 1546 1653 contubernium
1575 1619 1609 1654 S.
1630 1619 1837 1663 Hieronymi

67 1670 208 1704 admitti
242 1671 453 1716 cupiebant,
490 1673 612 1705 tantus
648 1673 725 1704 erat
760 1682 948 1713 numerus,
986 1674 1025 1706 ut
1059 1683 1173 1706 novas
1209 1672 1317 1706 aedes
1352 1673 1490 1707 exstrui
1526 1684 1615 1718 opus
1650 1675 1765 1712 esset:
1804 1672 1838 1706 hi

68 1723 292 1769 potissimum
327 1724 579 1759 alliciebantur
605 1724 901 1758 caerimoniarum
929 1724 1253 1760 ecclesiasticarum
1282 1725 1471 1770 splendore
1498 1729 1533 1760 et
1569 1727 1711 1771 pietate,
1748 1738 1839 1770 quae

69 1776 235 1820 Dilingae
253 1777 487 1821 singulariter
504 1777 678 1821 vigebant
699 1778 784 1819 (420
810 1779 908 1820 517).
948 1778 1168 1822 lngolstadio
1191 1791 1222 1814 a.
1245 1780 1334 1814 1573
1361 1782 1507 1824 propter
1533 1780 1742 1824 frequentes
1760 1792 1838 1814 aca-

66 1830 283 1865 demicorum
310 1834 347 1866 et
372 1831 553 1866 Sociorum
582 1831 828 1866 contentiones
855 1832 1118 1876 paedagogium
1145 1835 1181 1866 et
1207 1844 1334 1867 cursus
1361 1833 1630 1878 philosophicus
1650 1832 1839 1868 Societatis

67 1885 294 1919 Monachium
321 1885 500 1919 translata
525 1889 628 1924 sunt:
665 1896 735 1929 quo
765 1885 861 1919 facto
888 1897 1058 1919 numerus
1083 1886 1326 1920 studiosorum
1353 1886 1562 1930 Ingolstadii
1591 1887 1678 1920 adeo
1705 1887 1838 1921 minue-

66 1937 181 1979 batur,
217 1942 256 1973 ut
291 1950 322 1972 a.
354 1939 442 1973 1575
478 1941 626 1973 senatus
660 1938 912 1973 universitatis
946 1950 966 1973 a
993 1939 1170 1973 Bavariae
1205 1940 1295 1974 duce
1329 1943 1479 1985 peteret,
1515 1944 1556 1974 ut
1582 1940 1703 1975 Socios
1730 1940 1772 1974 ad
1800 1952 1838 1974 se

66 1993 285 2033 remitteret;
313 1993 385 2036 qui,
411 1993 456 2027 50
483 1993 558 2026 fere
585 2004 742 2034 numero,
769 1993 954 2027 redierunt
982 1992 1067 2029 «202
1095 1993 1163 2028 318
1190 1993 1288 2036 324).
1326 1994 1467 2028 Solidae
1493 1994 1639 2039 pietatis
1658 1995 1838 2038 specimen

67 2045 215 2090 praebet
233 2046 381 2080 ultimae
400 2045 600 2080 voluntatis
617 2046 846 2090 significatio,
867 2057 973 2090 quam
993 2046 1207 2081 Lambertus
1226 2048 1323 2081 Auer
1340 2050 1459 2081 rector
1477 2047 1618 2090 collegii
1638 2047 1839 2091 moguntini

69 2099 200 2134 Rornae
225 2101 386 2144 tempore
411 2100 703 2143 congregationis
729 2100 909 2143 generalis
929 2099 1071 2134 Canisio
1098 2100 1241 2134 iamiam
1268 2101 1501 2135 moribundus
1527 2101 1698 2140 dictavit;
1726 2101 1840 2134 Beata

66 2152 178 2197 Virgo
204 2153 320 2187 Maria
346 2153 422 2187 viro
459 2153 509 2187 illi
536 2154 726 2188 admodum
753 2154 899 2188 amabili
926 2156 963 2188 et
992 2154 1162 2195 benefico,
1198 2157 1392 2198 antequam
1420 2157 1628 2194 moreretur,
1654 2155 1733 2188 visa
1760 2165 1839 2188 esse

67 2208 103 2240 et
137 2217 302 2241 coronam
337 2207 542 2247 caelestem,
578 2218 685 2251 quam
721 2207 989 2252 promeruisset,
1024 2210 1246 2242 monstrasse
1281 2208 1512 2249 tradebatur;
1549 2207 1840 2252 archiepiscopus

67 2260 309 2304 moguntinus,
337 2261 480 2304 cognita
506 2261 615 2295 Aueri
641 2264 766 2301 morte,
794 2261 961 2295 lacrimas
986 2261 1080 2295 fudit
1107 2261 1222 2305 (120).

186 2314 219 2348 4.
254 2314 370 2348 Multa
405 2314 508 2348 modo
535 2314 633 2348 dicta
658 2318 743 2348 sunt
769 2314 811 2348 de
848 2314 1062 2356 Canisi0;
1100 2314 1249 2349 dicenda
1275 2318 1469 2360 supersunt
1495 2315 1626 2356 multa;
1663 2314 1707 2348 ad
1734 2314 1842 2349 hosce

67 2366 160 2400 enim
187 2378 298 2402 annos
324 2368 485 2413 apprime
511 2369 668 2412 pertinet
692 2368 779 2402 illud
807 2370 958 2402 Ioannis
975 2370 1154 2403 Janssen:
1182 2368 1274 2411 „Far
1300 2369 1356 2402 die
1382 2369 1545 2403 Jesuiten
1572 2379 1646 2402 war
1665 2367 1840 2409 Canisius,

68 2420 159 2454 auch
194 2421 368 2455 nachdem
405 2433 444 2455 er
479 2421 529 2455 im
566 2421 677 2455 Jahre
707 2422 796 2456 1569
832 2422 889 2455 die
916 2422 1070 2466 Leitung
1105 2423 1168 2456 der
1202 2421 1485 2456 oberdeutschen
1524 2422 1679 2456 Provinz
1714 2422 1748 2455 in
1784 2422 1840 2456 die

68 2473 193 2508 Hande
228 2474 291 2509 des
318 2475 427 2509 Pater
453 2474 624 2509 Hoffaeus
658 2474 906 2519 niedergelegt
939 2475 1050 2517 hatte,
1087 2476 1154 2517 ,die
1180 2476 1396 2519 eigentliche
1422 2475 1524 2510 Seele
1550 2475 1613 2510 des
1639 2473 1779 2510 Ordens
1805 2476 1840 2509 in

69 2527 337 2570 Deutschland‘,
374 2528 485 2563 durch
513 2528 569 2562 die
595 2528 720 2562 Macht
745 2529 864 2562 seiner
890 2529 1178 2563 Personlichkeit
1203 2529 1274 2563 und
1311 2529 1423 2563 durch
1449 2529 1524 2564 sein
1552 2528 1842 2563 unermfidliches

66 2579 218 2615 Wirken
253 2581 307 2615 als
333 2581 476 2622 Lehrer,
513 2581 686 2625 Prediger
720 2582 791 2616 und
818 2582 1022 2624 Missionar,
1058 2583 1112 2617 als
1139 2581 1412 2623 Schriftsteller‚
1450 2583 1558 2617 sowie
1585 2582 1639 2617 als
1666 2581 1840 2616 Berather

67 2634 130 2668 der
154 2633 286 2679 Papste
321 2635 393 2669 und
419 2635 750 2679 Ordensgenerale'‘
784 2635 1018 2678 (Geschichte
1054 2636 1116 2670 des
1152 2635 1351 2670 deutschen
1376 2635 1513 2670 Volkes
1550 2636 1592 2677 V,
1623 2637 1714 2656 '³-¹⁴
1744 2636 1839 2678 186).

67 2688 165 2722 Inter
189 2690 335 2723 nuntios
360 2688 575 2734 apostolicos
602 2700 622 2722 a
641 2688 816 2732 Gregorio
833 2689 932 2724 XIII.
950 2689 985 2723 in
1005 2688 1234 2724 Germaniam
1260 2689 1388 2723 missos
1408 2689 1704 2724 Bartholomaeus
1722 2700 1840 2723 comes

67 2741 110 2776 de
137 2741 258 2776 Portia
283 2741 473 2787 prudentia
498 2745 535 2776 et
560 2742 737 2776 industria
763 2742 959 2783 eminebat;
988 2741 1072 2776 huic
1097 2742 1287 2776 familiaris
1314 2745 1391 2777 erat
1417 2754 1496 2777 cum
1525 2742 1667 2777 Canisio
1693 2753 1839 2776 consue-

66 2795 172 2836 tud03
200 2794 333 2829 Canisii
359 2796 575 2830 sententiam
602 2806 710 2840 saepe
736 2795 960 2839 requirebat;
988 2807 1051 2840 per
1070 2795 1251 2830 Canisium
1278 2795 1428 2830 iuvenes
1446 2796 1598 2841 collegio
1624 2796 1839 2840 germanico,

67 2848 347 2883 contionatorem
382 2848 461 2884 urbi
487 2849 640 2883 wilanae
675 2849 856 2894 quaesivit
884 2850 970 2890 (136
999 2849 1064 2883 137
1098 2850 1165 2884 140
1193 2849 1300 2892 685);
1338 2861 1400 2894 per
1429 2850 1612 2885 Canisium
1649 2849 1764 2895 petiit,
1801 2851 1839 2883 ut

68 2901 221 2936 alumnis
239 2902 431 2947 pontificiis
450 2902 550 2937 locus
568 2906 665 2937 esset
682 2902 717 2936 in
736 2902 980 2937 contuberniis
998 2902 1180 2946 dilingano
1199 2906 1234 2937 et
1253 2903 1524 2947 ingolstadiensi
1545 2903 1668 2947 (396);
1697 2903 1839 2937 Portiae

68 2958 196 2999 rogatu
223 2955 389 2991 Canisius
423 2955 622 3001 Oeniponte
657 2967 737 2990 cum
774 2955 989 2990 cancellario
1020 2956 1063 2990 de
1099 2957 1344 2991 controversia
1378 2957 1472 2991 inter
1506 2956 1769 2991 Ferdinandum
1797 2956 1839 2990 ΙΙ.

67 3009 293 3043 archiducem
329 3012 364 3043 et
391 3009 609 3044 Ludovicum
636 3009 857 3044 Madrutium
894 3009 1111 3043 cardinalem
1149 3010 1262 3044 amice
1299 3010 1540 3055 componenda
1567 3010 1644 3053 egit
1669 3013 1706 3044 et
1735 3009 1840 3043 huius

67 3062 120 3096 rei
154 3073 323 3108 prospero
358 3064 541 3097 successui
577 3061 759 3097 consuluit
796 3063 912 3105 (703).
963 3062 1164 3097 Cardinalis
1198 3063 1379 3104 Moronus,
1422 3074 1453 3097 a.
1488 3063 1577 3097 1576
1616 3074 1636 3097 a
1673 3062 1839 3108 pontifice

68 3115 301 3151 Ratisbonam
329 3116 373 3151 ad
399 3116 543 3151 comitia
570 3116 710 3161 imperii
734 3115 889 3160 legatus,
916 3127 961 3150 ex
987 3115 1113 3150 itinere
1137 3115 1372 3161 Oenipontem
1392 3116 1436 3150 ad
1456 3116 1638 3151 Canisium
1665 3116 1839 3156 devertit;

70 3167 131 3213 qui
164 3169 208 3211 ei,
243 3169 417 3214 quomodo
453 3169 627 3204 archidux
662 3169 873 3210 laudandus,
913 3169 1088 3213 quomodo
1126 3169 1371 3204 adhortandus
1409 3172 1445 3204 et
1482 3169 1694 3204 excitandus
1732 3171 1838 3210 esset,
