<?xml version="1.0" encoding="UTF-8"?>
<!DOCTYPE html PUBLIC "-//W3C//DTD XHTML 1.0 Transitional//EN"
    "http://www.w3.org/TR/xhtml1/DTD/xhtml1-transitional.dtd">
<html xmlns="http://www.w3.org/1999/xhtml" xml:lang="en" lang="en">
 <head>
  <title>
</title>
<meta http-equiv="Content-Type" content="text/html;charset=utf-8" />
  <meta name='ocr-system' content='tesseract 3.04.00' />
  <meta name='ocr-capabilities' content='ocr_page ocr_carea ocr_par ocr_line ocrx_word'/>
</head>
<body>
  <div class='ocr_page' id='page_1' title='image "beatipetricanisi07cani_0672.png"; bbox 0 0 2051 3433; ppageno 0'>
   <div class='ocr_carea' id='block_1_1' title="bbox 181 183 1685 232">
    <p class='ocr_par' dir='ltr' id='par_1_1' title="bbox 181 183 1685 232">
     <span class='ocr_line' id='line_1_1' title="bbox 181 183 1685 232; baseline -0.002 -10"><span class='ocrx_word' id='word_1_1' title='bbox 181 190 266 232; x_wconf 82' lang='lat'>578</span> <span class='ocrx_word' id='word_1_2' title='bbox 444 186 548 222; x_wconf 81' lang='lat'>2073.</span> <span class='ocrx_word' id='word_1_3' title='bbox 576 186 616 220; x_wconf 91' lang='grc' dir='ltr'>Ρ.</span> <span class='ocrx_word' id='word_1_4' title='bbox 638 186 776 231; x_wconf 85' lang='lat' dir='ltr'>Caspar</span> <span class='ocrx_word' id='word_1_5' title='bbox 801 185 989 221; x_wconf 86' lang='lat' dir='ltr'>Haivodus</span> <span class='ocrx_word' id='word_1_6' title='bbox 1016 186 1124 220; x_wconf 87' lang='lat' dir='ltr'>Petro</span> <span class='ocrx_word' id='word_1_7' title='bbox 1151 183 1296 219; x_wconf 82' lang='lat' dir='ltr'>canisio</span> <span class='ocrx_word' id='word_1_8' title='bbox 1323 186 1359 218; x_wconf 91' lang='lat' dir='ltr'>et</span> <span class='ocrx_word' id='word_1_9' title='bbox 1386 184 1485 219; x_wconf 83' lang='lat' dir='ltr'>Hier.</span> <span class='ocrx_word' id='word_1_10' title='bbox 1503 183 1685 219; x_wconf 85' lang='lat' dir='ltr'>Torrensi.</span> 
     </span>
    </p>
   </div>
   <div class='ocr_carea' id='block_1_2' title="bbox 179 301 1963 1095">
    <p class='ocr_par' dir='ltr' id='par_1_2' title="bbox 179 301 1960 454">
     <span class='ocr_line' id='line_1_2' title="bbox 179 301 1960 346; baseline -0.001 -8"><span class='ocrx_word' id='word_1_11' title='bbox 179 307 321 340; x_wconf 80' lang='lat' dir='ltr'>vencius</span> <span class='ocrx_word' id='word_1_12' title='bbox 346 304 380 339; x_wconf 87' lang='lat' dir='ltr'>S.</span> <span class='ocrx_word' id='word_1_13' title='bbox 401 305 446 346; x_wconf 89' lang='lat' dir='ltr'>J.,</span> <span class='ocrx_word' id='word_1_14' title='bbox 483 302 664 337; x_wconf 84' lang='lat' dir='ltr'>Historiae</span> <span class='ocrx_word' id='word_1_15' title='bbox 690 301 882 337; x_wconf 87' lang='lat' dir='ltr'>Societatis</span> <span class='ocrx_word' id='word_1_16' title='bbox 908 303 996 337; x_wconf 86' lang='lat' dir='ltr'>Jesu</span> <span class='ocrx_word' id='word_1_17' title='bbox 1024 302 1113 336; x_wconf 82' lang='lat' dir='ltr'>Pars</span> <span class='ocrx_word' id='word_1_18' title='bbox 1149 301 1285 345; x_wconf 85' lang='lat' dir='ltr'>quinta,</span> <span class='ocrx_word' id='word_1_19' title='bbox 1321 301 1456 335; x_wconf 78' lang='lat' dir='ltr'>&#39;l&#39;omus</span> <span class='ocrx_word' id='word_1_20' title='bbox 1480 302 1668 346; x_wconf 86' lang='lat' dir='ltr'>posterior,</span> <span class='ocrx_word' id='word_1_21' title='bbox 1705 301 1839 336; x_wconf 81' lang='lat' dir='ltr'>Romae</span> <span class='ocrx_word' id='word_1_22' title='bbox 1868 302 1960 336; x_wconf 91' lang='lat'>1710</span> 
     </span>
     <span class='ocr_line' id='line_1_3' title="bbox 180 353 1960 402; baseline -0.002 -9"><span class='ocrx_word' id='word_1_23' title='bbox 180 359 202 393; x_wconf 94' lang='lat' dir='ltr'>l.</span> <span class='ocrx_word' id='word_1_24' title='bbox 225 359 279 399; x_wconf 89' lang='lat'>11,</span> <span class='ocrx_word' id='word_1_25' title='bbox 305 370 339 393; x_wconf 92' lang='lat' dir='ltr'>n.</span> <span class='ocrx_word' id='word_1_26' title='bbox 359 359 414 399; x_wconf 90' lang='lat'>66,</span> <span class='ocrx_word' id='word_1_27' title='bbox 442 369 473 402; x_wconf 88' lang='lat' dir='ltr'>p.</span> <span class='ocrx_word' id='word_1_28' title='bbox 494 357 653 396; x_wconf 78' lang='lat' dir='ltr'>20—2l;</span> <span class='ocrx_word' id='word_1_29' title='bbox 681 357 723 391; x_wconf 90' lang='lat' dir='ltr'>B.</span> <span class='ocrx_word' id='word_1_30' title='bbox 743 357 852 390; x_wconf 77' lang='lat' dir='ltr'>Duhr</span> <span class='ocrx_word' id='word_1_31' title='bbox 869 354 904 390; x_wconf 90' lang='lat' dir='ltr'>S.</span> <span class='ocrx_word' id='word_1_32' title='bbox 924 356 968 397; x_wconf 85' lang='lat' dir='ltr'>J.,</span> <span class='ocrx_word' id='word_1_33' title='bbox 990 355 1123 389; x_wconf 85' lang='lat' dir='ltr'>Paulus</span> <span class='ocrx_word' id='word_1_34' title='bbox 1143 354 1325 395; x_wconf 85' lang='lat' dir='ltr'>Hoffaeus,</span> <span class='ocrx_word' id='word_1_35' title='bbox 1352 353 1387 388; x_wconf 93' lang='lat' dir='ltr'>in</span> <span class='ocrx_word' id='word_1_36' title='bbox 1411 354 1639 397; x_wconf 84' lang='lat' dir='ltr'>„Zeitschrift</span> <span class='ocrx_word' id='word_1_37' title='bbox 1657 355 1714 388; x_wconf 80' lang='lat' dir='ltr'>fur</span> <span class='ocrx_word' id='word_1_38' title='bbox 1732 354 1960 389; x_wconf 84' lang='lat' dir='ltr'>katholische</span> 
     </span>
     <span class='ocr_line' id='line_1_4' title="bbox 185 410 676 454; baseline -0.006 -8"><span class='ocrx_word' id='word_1_39' title='bbox 185 411 398 454; x_wconf 77' lang='lat' dir='ltr'>Theologie¹⁶</span> <span class='ocrx_word' id='word_1_40' title='bbox 430 410 549 444; x_wconf 80' lang='lat' dir='ltr'>XXIII</span> <span class='ocrx_word' id='word_1_41' title='bbox 577 410 676 452; x_wconf 88' lang='grc'><strong>617).</strong></span> 
     </span>
    </p>

    <p class='ocr_par' dir='ltr' id='par_1_3' title="bbox 182 459 1963 1044">
     <span class='ocr_line' id='line_1_5' title="bbox 302 459 1961 506; baseline -0.002 -8"><span class='ocrx_word' id='word_1_42' title='bbox 302 464 356 498; x_wconf 86' lang='lat' dir='ltr'>Ad</span> <span class='ocrx_word' id='word_1_43' title='bbox 383 465 452 506; x_wconf 67' lang='lat'>5⁴70</span> <span class='ocrx_word' id='word_1_44' title='bbox 478 463 595 497; x_wconf 87' lang='lat' dir='ltr'>redeo.</span> <span class='ocrx_word' id='word_1_45' title='bbox 640 462 861 506; x_wconf 80' lang='lat' dir='ltr'>ingolstadio</span> <span class='ocrx_word' id='word_1_46' title='bbox 889 463 921 497; x_wconf 87' lang='lat'>9.</span> <span class='ocrx_word' id='word_1_47' title='bbox 941 461 1108 496; x_wconf 81' lang='lat' dir='ltr'>Octobris</span> <span class='ocrx_word' id='word_1_48' title='bbox 1136 460 1227 495; x_wconf 84' lang='lat'>1580</span> <span class='ocrx_word' id='word_1_49' title='bbox 1247 461 1422 503; x_wconf 80' lang='lat' dir='ltr'>Hoffaeus</span> <span class='ocrx_word' id='word_1_50' title='bbox 1440 460 1611 494; x_wconf 82' lang='lat' dir='ltr'>Manareo</span> <span class='ocrx_word' id='word_1_51' title='bbox 1638 459 1772 494; x_wconf 87' lang='lat' dir='ltr'>vicario</span> <span class='ocrx_word' id='word_1_52' title='bbox 1799 460 1961 504; x_wconf 85' lang='lat' dir='ltr'>generali</span> 
     </span>
     <span class='ocr_line' id='line_1_6' title="bbox 182 513 1960 561; baseline -0.003 -7"><span class='ocrx_word' id='word_1_53' title='bbox 182 518 374 554; x_wconf 86' lang='lat' dir='ltr'>Societatis</span> <span class='ocrx_word' id='word_1_54' title='bbox 409 516 602 561; x_wconf 89' lang='lat' dir='ltr'>*scripsit:</span> <span class='ocrx_word' id='word_1_55' title='bbox 644 516 753 559; x_wconf 86' lang='lat' dir='ltr'>„Cum</span> <span class='ocrx_word' id='word_1_56' title='bbox 781 515 996 549; x_wconf 77' lang='lat' dir='ltr'>Contractus</span> <span class='ocrx_word' id='word_1_57' title='bbox 1031 514 1229 559; x_wconf 79' lang='lat' dir='ltr'><strong>germanici</strong></span> <span class='ocrx_word' id='word_1_58' title='bbox 1265 525 1375 548; x_wconf 83' lang='lat' dir='ltr'>causa</span> <span class='ocrx_word' id='word_1_59' title='bbox 1411 513 1627 558; x_wconf 86' lang='lat' dir='ltr'>pernitiosae</span> <span class='ocrx_word' id='word_1_60' title='bbox 1664 514 1862 548; x_wconf 82' lang='lat' dir='ltr'>animorum</span> <span class='ocrx_word' id='word_1_61' title='bbox 1891 514 1960 548; x_wconf 89' lang='lat' dir='ltr'>dis-</span> 
     </span>
     <span class='ocr_line' id='line_1_7' title="bbox 183 567 1960 612; baseline -0.003 -6"><span class='ocrx_word' id='word_1_62' title='bbox 183 573 369 607; x_wconf 85' lang='lat' dir='ltr'>sensiones</span> <span class='ocrx_word' id='word_1_63' title='bbox 395 570 519 604; x_wconf 89' lang='lat' dir='ltr'>multis</span> <span class='ocrx_word' id='word_1_64' title='bbox 547 570 616 603; x_wconf 89' lang='lat' dir='ltr'>iam</span> <span class='ocrx_word' id='word_1_65' title='bbox 643 570 746 603; x_wconf 85' lang='lat' dir='ltr'>annis</span> <span class='ocrx_word' id='word_1_66' title='bbox 782 569 875 603; x_wconf 86' lang='lat' dir='ltr'>hanc</span> <span class='ocrx_word' id='word_1_67' title='bbox 901 568 1125 603; x_wconf 86' lang='lat' dir='ltr'>Prouintiam</span> <span class='ocrx_word' id='word_1_68' title='bbox 1152 567 1367 608; x_wconf 85' lang='lat' dir='ltr'>diuexerint,</span> <span class='ocrx_word' id='word_1_69' title='bbox 1404 568 1511 601; x_wconf 82' lang='lat' dir='ltr'>etiam</span> <span class='ocrx_word' id='word_1_70' title='bbox 1540 578 1655 611; x_wconf 91' lang='lat' dir='ltr'>vsque</span> <span class='ocrx_word' id='word_1_71' title='bbox 1682 567 1725 601; x_wconf 84' lang='lat' dir='ltr'>ad</span> <span class='ocrx_word' id='word_1_72' title='bbox 1753 567 1960 612; x_wconf 82' lang='lat' dir='ltr'>Principum</span> 
     </span>
     <span class='ocr_line' id='line_1_8' title="bbox 182 620 1961 667; baseline -0.003 -8"><span class='ocrx_word' id='word_1_73' title='bbox 182 626 341 660; x_wconf 89' lang='lat' dir='ltr'>virorum</span> <span class='ocrx_word' id='word_1_74' title='bbox 376 624 556 662; x_wconf 87' lang='lat' dir='ltr'>scandala,</span> <span class='ocrx_word' id='word_1_75' title='bbox 593 634 709 667; x_wconf 89' lang='lat' dir='ltr'>neque</span> <span class='ocrx_word' id='word_1_76' title='bbox 744 625 866 667; x_wconf 86' lang='lat' dir='ltr'>putem</span> <span class='ocrx_word' id='word_1_77' title='bbox 892 633 1051 666; x_wconf 87' lang='lat' dir='ltr'>vnquam</span> <span class='ocrx_word' id='word_1_78' title='bbox 1088 622 1286 655; x_wconf 84' lang='lat' dir='ltr'>animorum</span> <span class='ocrx_word' id='word_1_79' title='bbox 1322 620 1548 654; x_wconf 81' lang='lat' dir='ltr'><strong>concordiam</strong></span> <span class='ocrx_word' id='word_1_80' title='bbox 1575 621 1713 665; x_wconf 88' lang='lat' dir='ltr'>sperari</span> <span class='ocrx_word' id='word_1_81' title='bbox 1740 632 1855 665; x_wconf 87' lang='lat' dir='ltr'>posse,</span> <span class='ocrx_word' id='word_1_82' title='bbox 1892 621 1961 654; x_wconf 86' lang='lat' dir='ltr'>nisi</span> 
     </span>
     <span class='ocr_line' id='line_1_9' title="bbox 185 673 1962 719; baseline -0.003 -6"><span class='ocrx_word' id='word_1_83' title='bbox 185 678 319 713; x_wconf 88' lang='lat' dir='ltr'>clarius</span> <span class='ocrx_word' id='word_1_84' title='bbox 346 689 403 711; x_wconf 88' lang='lat' dir='ltr'>res</span> <span class='ocrx_word' id='word_1_85' title='bbox 429 677 544 710; x_wconf 88' lang='lat' dir='ltr'>omnis</span> <span class='ocrx_word' id='word_1_86' title='bbox 570 676 797 719; x_wconf 77' lang='lat' dir='ltr'>intelligatur</span> <span class='ocrx_word' id='word_1_87' title='bbox 823 678 859 711; x_wconf 88' lang='lat' dir='ltr'>et</span> <span class='ocrx_word' id='word_1_88' title='bbox 884 675 1002 719; x_wconf 85' lang='lat' dir='ltr'>magis</span> <span class='ocrx_word' id='word_1_89' title='bbox 1027 675 1121 710; x_wconf 86' lang='lat' dir='ltr'>serio</span> <span class='ocrx_word' id='word_1_90' title='bbox 1148 674 1254 708; x_wconf 87' lang='lat' dir='ltr'>isthic</span> <span class='ocrx_word' id='word_1_91' title='bbox 1282 685 1302 707; x_wconf 90' lang='lat' dir='ltr'>a</span> <span class='ocrx_word' id='word_1_92' title='bbox 1328 673 1459 707; x_wconf 92' lang='lat' dir='ltr'>Nostro</span> <span class='ocrx_word' id='word_1_93' title='bbox 1496 674 1615 707; x_wconf 84' lang='lat' dir='ltr'>futuro</span> <span class='ocrx_word' id='word_1_94' title='bbox 1642 673 1750 707; x_wconf 82' lang='lat' dir='ltr'>Patre</span> <span class='ocrx_word' id='word_1_95' title='bbox 1786 676 1962 708; x_wconf 82' lang='lat' dir='ltr'><strong>tractetur</strong></span> 
     </span>
     <span class='ocr_line' id='line_1_10' title="bbox 183 727 1961 772; baseline -0.003 -6"><span class='ocrx_word' id='word_1_96' title='bbox 183 734 220 767; x_wconf 86' lang='lat' dir='ltr'>et</span> <span class='ocrx_word' id='word_1_97' title='bbox 255 731 475 772; x_wconf 83' lang='lat' dir='ltr'>conficiatur,</span> <span class='ocrx_word' id='word_1_98' title='bbox 511 730 653 764; x_wconf 85' lang='lat' dir='ltr'>Jccirco</span> <span class='ocrx_word' id='word_1_99' title='bbox 688 730 950 764; x_wconf 86' lang='lat' dir='ltr'>Paternitatem</span> <span class='ocrx_word' id='word_1_100' title='bbox 988 728 1030 764; x_wconf 91' lang='lat' dir='ltr'>V.</span> <span class='ocrx_word' id='word_1_101' title='bbox 1059 740 1172 772; x_wconf 83' lang='lat' dir='ltr'>aequo</span> <span class='ocrx_word' id='word_1_102' title='bbox 1209 727 1326 761; x_wconf 89' lang='lat' dir='ltr'>animo</span> <span class='ocrx_word' id='word_1_103' title='bbox 1363 727 1517 761; x_wconf 82' lang='lat' dir='ltr'>laturam</span> <span class='ocrx_word' id='word_1_104' title='bbox 1546 727 1694 767; x_wconf 85' lang='lat' dir='ltr'>confido,</span> <span class='ocrx_word' id='word_1_105' title='bbox 1729 728 1759 761; x_wconf 88' lang='lat' dir='ltr'>si</span> <span class='ocrx_word' id='word_1_106' title='bbox 1786 728 1961 771; x_wconf 82' lang='lat' dir='ltr'>quaedam</span> 
     </span>
     <span class='ocr_line' id='line_1_11' title="bbox 184 780 1962 828; baseline -0.003 -9"><span class='ocrx_word' id='word_1_107' title='bbox 184 784 334 819; x_wconf 84' lang='lat' dir='ltr'>consilia</span> <span class='ocrx_word' id='word_1_108' title='bbox 361 783 538 828; x_wconf 85' lang='lat' dir='ltr'>experiar,</span> <span class='ocrx_word' id='word_1_109' title='bbox 565 795 657 827; x_wconf 90' lang='lat' dir='ltr'>quae</span> <span class='ocrx_word' id='word_1_110' title='bbox 684 783 728 817; x_wconf 85' lang='lat' dir='ltr'>ad</span> <span class='ocrx_word' id='word_1_111' title='bbox 755 783 862 817; x_wconf 92' lang='lat' dir='ltr'>huius</span> <span class='ocrx_word' id='word_1_112' title='bbox 888 782 1028 826; x_wconf 84' lang='lat' dir='ltr'>negocij</span> <span class='ocrx_word' id='word_1_113' title='bbox 1057 780 1351 826; x_wconf 84' lang='lat' dir='ltr'>compositionem</span> <span class='ocrx_word' id='word_1_114' title='bbox 1373 780 1524 814; x_wconf 89' lang='lat' dir='ltr'>multum</span> <span class='ocrx_word' id='word_1_115' title='bbox 1546 780 1753 822; x_wconf 87' lang='lat' dir='ltr'>adiumenti,</span> <span class='ocrx_word' id='word_1_116' title='bbox 1780 784 1816 815; x_wconf 88' lang='lat' dir='ltr'>et</span> <span class='ocrx_word' id='word_1_117' title='bbox 1841 784 1962 814; x_wconf 88' lang='lat' dir='ltr'>tamen</span> 
     </span>
     <span class='ocr_line' id='line_1_12' title="bbox 183 833 1962 881; baseline -0.002 -10"><span class='ocrx_word' id='word_1_118' title='bbox 183 837 398 872; x_wconf 83' lang='lat' dir='ltr'>Paternitati</span> <span class='ocrx_word' id='word_1_119' title='bbox 421 837 461 871; x_wconf 86' lang='lat' dir='ltr'>V.</span> <span class='ocrx_word' id='word_1_120' title='bbox 481 841 590 881; x_wconf 86' lang='lat' dir='ltr'>atque</span> <span class='ocrx_word' id='word_1_121' title='bbox 618 836 810 871; x_wconf 85' lang='lat' dir='ltr'>Societatis</span> <span class='ocrx_word' id='word_1_122' title='bbox 836 836 950 870; x_wconf 91' lang='lat' dir='ltr'>ordini</span> <span class='ocrx_word' id='word_1_123' title='bbox 977 835 1065 869; x_wconf 87' lang='lat' dir='ltr'>nihil</span> <span class='ocrx_word' id='word_1_124' title='bbox 1093 833 1303 880; x_wconf 86' lang='lat' dir='ltr'>praeiudicij</span> <span class='ocrx_word' id='word_1_125' title='bbox 1332 834 1488 867; x_wconf 85' lang='lat' dir='ltr'>allatura</span> <span class='ocrx_word' id='word_1_126' title='bbox 1515 834 1744 873; x_wconf 79' lang='lat' dir='ltr'>videbuntur,</span> <span class='ocrx_word' id='word_1_127' title='bbox 1772 834 1814 868; x_wconf 88' lang='lat' dir='ltr'>de</span> <span class='ocrx_word' id='word_1_128' title='bbox 1832 834 1962 878; x_wconf 88' lang='lat' dir='ltr'>quibus</span> 
     </span>
     <span class='ocr_line' id='line_1_13' title="bbox 183 886 1962 936; baseline -0.003 -10"><span class='ocrx_word' id='word_1_129' title='bbox 183 903 277 926; x_wconf 90' lang='lat' dir='ltr'>nunc</span> <span class='ocrx_word' id='word_1_130' title='bbox 315 890 458 936; x_wconf 90' lang='lat' dir='ltr'>quidem</span> <span class='ocrx_word' id='word_1_131' title='bbox 497 890 586 924; x_wconf 86' lang='lat' dir='ltr'>nihil</span> <span class='ocrx_word' id='word_1_132' title='bbox 621 890 749 931; x_wconf 91' lang='lat' dir='ltr'>scribo,</span> <span class='ocrx_word' id='word_1_133' title='bbox 788 890 880 933; x_wconf 90' lang='lat' dir='ltr'>quod</span> <span class='ocrx_word' id='word_1_134' title='bbox 908 889 971 923; x_wconf 87' lang='lat' dir='ltr'>illa</span> <span class='ocrx_word' id='word_1_135' title='bbox 1005 900 1144 923; x_wconf 89' lang='lat' dir='ltr'>mecum</span> <span class='ocrx_word' id='word_1_136' title='bbox 1181 890 1322 922; x_wconf 88' lang='lat' dir='ltr'>etcum</span> <span class='ocrx_word' id='word_1_137' title='bbox 1360 886 1443 931; x_wconf 87' lang='lat' dir='ltr'>alijs</span> <span class='ocrx_word' id='word_1_138' title='bbox 1477 887 1633 921; x_wconf 89' lang='lat' dir='ltr'>nondum</span> <span class='ocrx_word' id='word_1_139' title='bbox 1669 889 1758 921; x_wconf 85' lang='lat' dir='ltr'>satis</span> <span class='ocrx_word' id='word_1_140' title='bbox 1791 887 1962 922; x_wconf 89' lang='lat' dir='ltr'>delibera-</span> 
     </span>
     <span class='ocr_line' id='line_1_14' title="bbox 183 941 1963 987; baseline -0.002 -8"><span class='ocrx_word' id='word_1_141' title='bbox 183 945 296 980; x_wconf 87' lang='lat' dir='ltr'>uerim</span> <span class='ocrx_word' id='word_1_142' title='bbox 338 945 397 986; x_wconf 86' lang='lat' dir='ltr'>(ex</span> <span class='ocrx_word' id='word_1_143' title='bbox 433 947 594 987; x_wconf 85' lang='lat' dir='ltr'>autogr.;</span> <span class='ocrx_word' id='word_1_144' title='bbox 631 943 750 978; x_wconf 87' lang='lat' dir='ltr'>Germ.</span> <span class='ocrx_word' id='word_1_145' title='bbox 781 943 848 978; x_wconf 85' lang='lat'>158</span> <span class='ocrx_word' id='word_1_146' title='bbox 876 943 899 977; x_wconf 87' lang='lat' dir='ltr'>f.</span> <span class='ocrx_word' id='word_1_147' title='bbox 929 942 1178 983; x_wconf 61' lang='lat'>29622—29721).</span> <span class='ocrx_word' id='word_1_148' title='bbox 1231 941 1322 983; x_wconf 85' lang='lat' dir='ltr'>Quid</span> <span class='ocrx_word' id='word_1_149' title='bbox 1349 944 1470 975; x_wconf 86' lang='lat' dir='ltr'>autem</span> <span class='ocrx_word' id='word_1_150' title='bbox 1498 941 1668 976; x_wconf 87' lang='lat' dir='ltr'>Hoffaeus</span> <span class='ocrx_word' id='word_1_151' title='bbox 1707 943 1879 986; x_wconf 83' lang='lat' dir='ltr'>expertus</span> <span class='ocrx_word' id='word_1_152' title='bbox 1905 941 1963 982; x_wconf 85' lang='lat' dir='ltr'>sit,</span> 
     </span>
     <span class='ocr_line' id='line_1_15' title="bbox 184 995 1212 1044; baseline -0.005 -11"><span class='ocrx_word' id='word_1_153' title='bbox 184 998 359 1044; x_wconf 85' lang='lat' dir='ltr'>proximis</span> <span class='ocrx_word' id='word_1_154' title='bbox 386 997 562 1042; x_wconf 80' lang='lat' dir='ltr'>epistulis,</span> <span class='ocrx_word' id='word_1_155' title='bbox 589 1008 635 1030; x_wconf 84' lang='lat' dir='ltr'>ex</span> <span class='ocrx_word' id='word_1_156' title='bbox 661 999 763 1041; x_wconf 90' lang='lat' dir='ltr'>parte</span> <span class='ocrx_word' id='word_1_157' title='bbox 789 996 930 1036; x_wconf 82' lang='lat' dir='ltr'>saltem,</span> <span class='ocrx_word' id='word_1_158' title='bbox 959 995 1212 1030; x_wconf 81' lang='lat' dir='ltr'>declarabitur.</span> 
     </span>
    </p>

    <p class='ocr_par' dir='ltr' id='par_1_4' title="bbox 307 1048 1285 1095">
     <span class='ocr_line' id='line_1_16' title="bbox 307 1048 1285 1095; baseline -0.003 -10"><span class='ocrx_word' id='word_1_159' title='bbox 307 1052 502 1086; x_wconf 88' lang='lat' dir='ltr'>Manareus</span> <span class='ocrx_word' id='word_1_160' title='bbox 529 1050 671 1085; x_wconf 89' lang='lat' dir='ltr'>Canisio</span> <span class='ocrx_word' id='word_1_161' title='bbox 697 1050 884 1095; x_wconf 86' lang='lat' dir='ltr'>respondit</span> <span class='ocrx_word' id='word_1_162' title='bbox 909 1050 965 1084; x_wconf 82' lang='lat'>27.</span> <span class='ocrx_word' id='word_1_163' title='bbox 986 1049 1154 1084; x_wconf 87' lang='lat' dir='ltr'>Octobris</span> <span class='ocrx_word' id='word_1_164' title='bbox 1183 1048 1285 1082; x_wconf 84' lang='lat'>1580.</span> 
     </span>
    </p>
   </div>
   <div class='ocr_carea' id='block_1_3' title="bbox 186 1153 1967 1554">
    <p class='ocr_par' dir='ltr' id='par_1_5' title="bbox 186 1153 1967 1554">
     <span class='ocr_line' id='line_1_17' title="bbox 187 1153 1964 1194; baseline -0.003 0"><span class='ocrx_word' id='word_1_165' title='bbox 187 1157 351 1194; x_wconf 71' lang='grc'><strong>2073.</strong></span> <span class='ocrx_word' id='word_1_166' title='bbox 451 1156 513 1193; x_wconf 84' lang='grc' dir='ltr'>Ρ.</span> <span class='ocrx_word' id='word_1_167' title='bbox 543 1155 818 1193; x_wconf 79' lang='lat' dir='ltr'>GASPAR</span> <span class='ocrx_word' id='word_1_168' title='bbox 845 1153 1205 1191; x_wconf 71' lang='lat' dir='ltr'>HANGDUS</span> <span class='ocrx_word' id='word_1_169' title='bbox 1235 1153 1288 1189; x_wconf 82' lang='lat' dir='ltr'>S.</span> <span class='ocrx_word' id='word_1_170' title='bbox 1317 1153 1371 1189; x_wconf 77' lang='lat' dir='ltr'>J.</span> <span class='ocrx_word' id='word_1_171' title='bbox 1396 1154 1440 1191; x_wconf 84' lang='lat' dir='ltr'>P.</span> <span class='ocrx_word' id='word_1_172' title='bbox 1468 1153 1625 1189; x_wconf 80' lang='lat' dir='ltr'>PETRO</span> <span class='ocrx_word' id='word_1_173' title='bbox 1654 1153 1840 1189; x_wconf 90' lang='lat' dir='ltr'>CANISIO</span> <span class='ocrx_word' id='word_1_174' title='bbox 1868 1154 1901 1188; x_wconf 89' lang='lat' dir='ltr'>S.</span> <span class='ocrx_word' id='word_1_175' title='bbox 1931 1155 1964 1189; x_wconf 88' lang='lat' dir='ltr'>J.</span> 
     </span>
     <span class='ocr_line' id='line_1_18' title="bbox 377 1213 1964 1263; baseline -0.002 -12"><span class='ocrx_word' id='word_1_176' title='bbox 377 1217 575 1263; x_wconf 83' lang='lat' dir='ltr'>praepositi</span> <span class='ocrx_word' id='word_1_177' title='bbox 597 1217 830 1262; x_wconf 87' lang='lat' dir='ltr'>provincialis</span> <span class='ocrx_word' id='word_1_178' title='bbox 849 1215 1065 1250; x_wconf 83' lang='lat' dir='ltr'>Germaniae</span> <span class='ocrx_word' id='word_1_179' title='bbox 1083 1214 1279 1260; x_wconf 89' lang='lat' dir='ltr'>superioris</span> <span class='ocrx_word' id='word_1_180' title='bbox 1307 1214 1403 1248; x_wconf 91' lang='lat' dir='ltr'>socio</span> <span class='ocrx_word' id='word_1_181' title='bbox 1430 1217 1466 1248; x_wconf 92' lang='lat' dir='ltr'>et</span> <span class='ocrx_word' id='word_1_182' title='bbox 1485 1214 1523 1248; x_wconf 90' lang='lat' dir='ltr'>P.</span> <span class='ocrx_word' id='word_1_183' title='bbox 1544 1213 1835 1248; x_wconf 84' lang='lat' dir='ltr'>HIERONYMO</span> <span class='ocrx_word' id='word_1_184' title='bbox 1855 1213 1964 1248; x_wconf 91' lang='lat' dir='ltr'>TOR-</span> 
     </span>
     <span class='ocr_line' id='line_1_19' title="bbox 381 1273 1639 1321; baseline -0.003 -10"><span class='ocrx_word' id='word_1_185' title='bbox 381 1277 522 1311; x_wconf 83' lang='lat' dir='ltr'>RENSI</span> <span class='ocrx_word' id='word_1_186' title='bbox 549 1276 583 1312; x_wconf 87' lang='lat' dir='ltr'>S.</span> <span class='ocrx_word' id='word_1_187' title='bbox 603 1277 635 1311; x_wconf 87' lang='lat' dir='ltr'>J.</span> <span class='ocrx_word' id='word_1_188' title='bbox 663 1276 868 1320; x_wconf 81' lang='lat' dir='ltr'>theologiae</span> <span class='ocrx_word' id='word_1_189' title='bbox 895 1274 1090 1321; x_wconf 87' lang='lat' dir='ltr'>professori</span> <span class='ocrx_word' id='word_1_190' title='bbox 1117 1275 1153 1308; x_wconf 93' lang='lat' dir='ltr'>in</span> <span class='ocrx_word' id='word_1_191' title='bbox 1179 1273 1417 1308; x_wconf 80' lang='lat' dir='ltr'>universitate</span> <span class='ocrx_word' id='word_1_192' title='bbox 1444 1274 1639 1317; x_wconf 86' lang='lat' dir='ltr'>dilingana.</span> 
     </span>
     <span class='ocr_line' id='line_1_20' title="bbox 1324 1332 1917 1367; baseline 0.002 -1"><span class='ocrx_word' id='word_1_193' title='bbox 1324 1333 1515 1367; x_wconf 89' lang='lat' dir='ltr'>Monachio</span> <span class='ocrx_word' id='word_1_194' title='bbox 1545 1333 1597 1367; x_wconf 84' lang='lat'>17.</span> <span class='ocrx_word' id='word_1_195' title='bbox 1619 1332 1787 1367; x_wconf 86' lang='lat' dir='ltr'>Octobris</span> <span class='ocrx_word' id='word_1_196' title='bbox 1816 1332 1917 1367; x_wconf 82' lang='lat'>1580.</span> 
     </span>
     <span class='ocr_line' id='line_1_21' title="bbox 306 1397 1967 1447; baseline -0.002 -11"><span class='ocrx_word' id='word_1_197' title='bbox 306 1401 363 1436; x_wconf 86' lang='lat' dir='ltr'>Ex</span> <span class='ocrx_word' id='word_1_198' title='bbox 399 1401 623 1447; x_wconf 84' lang='lat' dir='ltr'>autographo</span> <span class='ocrx_word' id='word_1_199' title='bbox 660 1401 739 1445; x_wconf 84' lang='lat'>(2⁰;</span> <span class='ocrx_word' id='word_1_200' title='bbox 780 1401 847 1443; x_wconf 76' lang='lat' dir='ltr'>l&#39;s3</span> <span class='ocrx_word' id='word_1_201' title='bbox 874 1412 950 1445; x_wconf 82' lang='lat' dir='ltr'>pp.;</span> <span class='ocrx_word' id='word_1_202' title='bbox 986 1400 1022 1433; x_wconf 92' lang='lat' dir='ltr'>in</span> <span class='ocrx_word' id='word_1_203' title='bbox 1058 1411 1091 1444; x_wconf 90' lang='lat' dir='ltr'>p.</span> <span class='ocrx_word' id='word_1_204' title='bbox 1119 1401 1141 1433; x_wconf 87' lang='lat'>4</span> <span class='ocrx_word' id='word_1_205' title='bbox 1178 1399 1284 1433; x_wconf 91' lang='lat' dir='ltr'>inscr.</span> <span class='ocrx_word' id='word_1_206' title='bbox 1321 1400 1358 1431; x_wconf 83' lang='lat' dir='ltr'>et</span> <span class='ocrx_word' id='word_1_207' title='bbox 1393 1397 1565 1442; x_wconf 77' lang='lat' dir='ltr'>reliquiae</span> <span class='ocrx_word' id='word_1_208' title='bbox 1600 1398 1697 1441; x_wconf 69' lang='lat' dir='ltr'>sig)</span> <span class='ocrx_word' id='word_1_209' title='bbox 1750 1397 1869 1431; x_wconf 89' lang='lat' dir='ltr'>Germ.</span> <span class='ocrx_word' id='word_1_210' title='bbox 1899 1397 1967 1432; x_wconf 82' lang='lat'>158</span> 
     </span>
     <span class='ocr_line' id='line_1_22' title="bbox 186 1446 1967 1500; baseline -0.003 -11"><span class='ocrx_word' id='word_1_211' title='bbox 186 1455 211 1491; x_wconf 88' lang='lat' dir='ltr'>f.</span> <span class='ocrx_word' id='word_1_212' title='bbox 237 1455 307 1490; x_wconf 88' lang='grc'>305</span> <span class='ocrx_word' id='word_1_213' title='bbox 335 1455 415 1489; x_wconf 83' lang='grc'><strong>306.</strong></span> <span class='ocrx_word' id='word_1_214' title='bbox 468 1454 655 1500; x_wconf 86' lang='lat' dir='ltr'>Epistulae</span> <span class='ocrx_word' id='word_1_215' title='bbox 690 1466 867 1489; x_wconf 89' lang='lat' dir='ltr'>summam</span> <span class='ocrx_word' id='word_1_216' title='bbox 904 1453 1110 1496; x_wconf 84' lang='lat' dir='ltr'>germanice</span> <span class='ocrx_word' id='word_1_217' title='bbox 1146 1446 1265 1497; x_wconf 81' lang='lat' dir='ltr'>posuit</span> <span class='ocrx_word' id='word_1_218' title='bbox 1293 1452 1412 1492; x_wconf 83' lang='lat' dir='ltr'>Duhr‚</span> <span class='ocrx_word' id='word_1_219' title='bbox 1447 1451 1653 1494; x_wconf 74' lang='lat' dir='ltr'>5⁰s0-Streit</span> <span class='ocrx_word' id='word_1_220' title='bbox 1678 1450 1700 1484; x_wconf 95' lang='lat' dir='ltr'>l.</span> <span class='ocrx_word' id='word_1_221' title='bbox 1721 1462 1750 1485; x_wconf 93' lang='lat' dir='ltr'>c.</span> <span class='ocrx_word' id='word_1_222' title='bbox 1781 1454 1830 1493; x_wconf 83' lang='lat' dir='ltr'>(v.</span> <span class='ocrx_word' id='word_1_223' title='bbox 1857 1462 1967 1495; x_wconf 82' lang='lat' dir='ltr'>supra</span> 
     </span>
     <span class='ocr_line' id='line_1_23' title="bbox 187 1506 1234 1554; baseline -0.004 -11"><span class='ocrx_word' id='word_1_224' title='bbox 187 1521 219 1554; x_wconf 91' lang='lat' dir='ltr'>p.</span> <span class='ocrx_word' id='word_1_225' title='bbox 248 1509 332 1552; x_wconf 86' lang='lat'>574)</span> <span class='ocrx_word' id='word_1_226' title='bbox 361 1508 547 1543; x_wconf 70' lang='lat'>230—231</span> <span class='ocrx_word' id='word_1_227' title='bbox 577 1511 614 1542; x_wconf 88' lang='lat' dir='ltr'>et</span> <span class='ocrx_word' id='word_1_228' title='bbox 639 1509 715 1543; x_wconf 84' lang='lat' dir='ltr'>Jes.</span> <span class='ocrx_word' id='word_1_229' title='bbox 742 1519 787 1542; x_wconf 88' lang='lat' dir='ltr'>au</span> <span class='ocrx_word' id='word_1_230' title='bbox 815 1506 1005 1541; x_wconf 83' lang='lat' dir='ltr'>Fiirstenh.</span> <span class='ocrx_word' id='word_1_231' title='bbox 1036 1506 1234 1540; x_wconf 81' lang='lat'>125—126.</span> 
     </span>
    </p>
   </div>
   <div class='ocr_carea' id='block_1_4' title="bbox 188 1565 1969 1948">
    <p class='ocr_par' dir='ltr' id='par_1_6' title="bbox 188 1565 1969 1948">
     <span class='ocr_line' id='line_1_24' title="bbox 309 1565 1966 1612; baseline -0.004 -10"><span class='ocrx_word' id='word_1_232' title='bbox 309 1570 353 1603; x_wconf 81' lang='lat' dir='ltr'>Se</span> <span class='ocrx_word' id='word_1_233' title='bbox 379 1570 420 1601; x_wconf 81' lang='lat' dir='ltr'>de</span> <span class='ocrx_word' id='word_1_234' title='bbox 447 1569 523 1611; x_wconf 74' lang='lat' dir='ltr'>5⁰l0</span> <span class='ocrx_word' id='word_1_235' title='bbox 550 1569 735 1612; x_wconf 68' lang='lat' dir='ltr'>quippiam</span> <span class='ocrx_word' id='word_1_236' title='bbox 772 1569 983 1611; x_wconf 74' lang='lat' dir='ltr'>respondere</span> <span class='ocrx_word' id='word_1_237' title='bbox 1017 1568 1158 1610; x_wconf 51' lang='lat' dir='ltr'>petitum</span> <span class='ocrx_word' id='word_1_238' title='bbox 1185 1577 1253 1599; x_wconf 70' lang='lat' dir='ltr'>esse</span> <span class='ocrx_word' id='word_1_239' title='bbox 1279 1567 1322 1598; x_wconf 83' lang='lat' dir='ltr'>ab</span> <span class='ocrx_word' id='word_1_240' title='bbox 1349 1565 1502 1607; x_wconf 81' lang='lat' dir='ltr'>Hoffaeo</span> <span class='ocrx_word' id='word_1_241' title='bbox 1531 1565 1760 1608; x_wconf 64' lang='lat' dir='ltr'>provinciali.</span> <span class='ocrx_word' id='word_1_242' title='bbox 1805 1565 1966 1598; x_wconf 80' lang='lat' dir='ltr'>Eundem</span> 
     </span>
     <span class='ocr_line' id='line_1_25' title="bbox 188 1621 1129 1665; baseline -0.002 -9"><span class='ocrx_word' id='word_1_243' title='bbox 188 1634 264 1656; x_wconf 82' lang='lat' dir='ltr'>eam</span> <span class='ocrx_word' id='word_1_244' title='bbox 284 1624 485 1665; x_wconf 74' lang='lat' dir='ltr'>pactionem</span> <span class='ocrx_word' id='word_1_245' title='bbox 514 1624 711 1665; x_wconf 77' lang='lat' dir='ltr'>defendere.</span> <span class='ocrx_word' id='word_1_246' title='bbox 754 1623 808 1655; x_wconf 90' lang='lat' dir='ltr'>De</span> <span class='ocrx_word' id='word_1_247' title='bbox 833 1622 925 1654; x_wconf 69' lang='lat' dir='ltr'>libro</span> <span class='ocrx_word' id='word_1_248' title='bbox 954 1621 1129 1654; x_wconf 74' lang='lat' dir='ltr'>Medt‘nae.</span> 
     </span>
     <span class='ocr_line' id='line_1_26' title="bbox 412 1688 1538 1746; baseline -0.002 -10"><span class='ocrx_word' id='word_1_249' title='bbox 412 1695 440 1746; x_wconf 87' lang='lat'>†</span> <span class='ocrx_word' id='word_1_250' title='bbox 473 1688 718 1735; x_wconf 58' lang='lat' dir='ltr'>Reu&#39;erendi</span> <span class='ocrx_word' id='word_1_251' title='bbox 752 1694 918 1736; x_wconf 79' lang='lat' dir='ltr'>Patres,</span> <span class='ocrx_word' id='word_1_252' title='bbox 984 1693 1076 1734; x_wconf 84' lang='lat' dir='ltr'>Pax</span> <span class='ocrx_word' id='word_1_253' title='bbox 1109 1691 1266 1734; x_wconf 84' lang='lat' dir='ltr'>Christi</span> <span class='ocrx_word' id='word_1_254' title='bbox 1300 1693 1344 1733; x_wconf 85' lang='lat' dir='ltr'>et</span> <span class='ocrx_word' id='word_1_255' title='bbox 1377 1693 1538 1734; x_wconf 87' lang='lat' dir='ltr'>cetera.</span> 
     </span>
     <span class='ocr_line' id='line_1_27' title="bbox 309 1761 1967 1818; baseline -0.003 -11"><span class='ocrx_word' id='word_1_256' title='bbox 309 1766 442 1809; x_wconf 89' lang='lat' dir='ltr'>Pater</span> <span class='ocrx_word' id='word_1_257' title='bbox 463 1765 748 1808; x_wconf 86' lang='lat' dir='ltr'>Prouincialis</span> <span class='ocrx_word' id='word_1_258' title='bbox 772 1768 920 1807; x_wconf 85' lang='lat' dir='ltr'>noster</span> <span class='ocrx_word' id='word_1_259' title='bbox 936 1766 961 1815; x_wconf 90' lang='lat'>¹,</span> <span class='ocrx_word' id='word_1_260' title='bbox 996 1764 1082 1806; x_wconf 90' lang='lat' dir='ltr'>iam</span> <span class='ocrx_word' id='word_1_261' title='bbox 1111 1762 1277 1818; x_wconf 90' lang='lat' dir='ltr'>pridem</span> <span class='ocrx_word' id='word_1_262' title='bbox 1299 1761 1343 1803; x_wconf 90' lang='lat' dir='ltr'>in</span> <span class='ocrx_word' id='word_1_263' title='bbox 1366 1761 1530 1804; x_wconf 89' lang='lat' dir='ltr'>virtute</span> <span class='ocrx_word' id='word_1_264' title='bbox 1553 1762 1742 1804; x_wconf 87' lang='lat' dir='ltr'>Sanctae</span> <span class='ocrx_word' id='word_1_265' title='bbox 1764 1761 1967 1803; x_wconf 88' lang='lat' dir='ltr'>obedien-</span> 
     </span>
     <span class='ocr_line' id='line_1_28' title="bbox 188 1826 1968 1884; baseline -0.003 -10"><span class='ocrx_word' id='word_1_266' title='bbox 188 1831 277 1874; x_wconf 87' lang='lat' dir='ltr'>tiae</span> <span class='ocrx_word' id='word_1_267' title='bbox 300 1831 404 1873; x_wconf 83' lang='lat' dir='ltr'>mihi</span> <span class='ocrx_word' id='word_1_268' title='bbox 426 1831 663 1881; x_wconf 86' lang='lat' dir='ltr'>mandauit,</span> <span class='ocrx_word' id='word_1_269' title='bbox 698 1834 747 1873; x_wconf 89' lang='lat' dir='ltr'>ut</span> <span class='ocrx_word' id='word_1_270' title='bbox 771 1844 850 1872; x_wconf 91' lang='lat' dir='ltr'>nec</span> <span class='ocrx_word' id='word_1_271' title='bbox 875 1829 1075 1884; x_wconf 77' lang='lat' dir='ltr'>principi,</span> <span class='ocrx_word' id='word_1_272' title='bbox 1111 1842 1190 1870; x_wconf 91' lang='lat' dir='ltr'>nec</span> <span class='ocrx_word' id='word_1_273' title='bbox 1214 1828 1279 1871; x_wconf 91' lang='lat' dir='ltr'>.D.</span> <span class='ocrx_word' id='word_1_274' title='bbox 1306 1827 1520 1876; x_wconf 88' lang='lat' dir='ltr'>Dummio,</span> <span class='ocrx_word' id='word_1_275' title='bbox 1554 1841 1633 1868; x_wconf 86' lang='lat' dir='ltr'>nec</span> <span class='ocrx_word' id='word_1_276' title='bbox 1656 1826 1826 1869; x_wconf 91' lang='lat' dir='ltr'>Nuncio</span> <span class='ocrx_word' id='word_1_277' title='bbox 1850 1827 1968 1881; x_wconf 93' lang='lat' dir='ltr'>Apo-</span> 
     </span>
     <span class='ocr_line' id='line_1_29' title="bbox 190 1891 1969 1948; baseline -0.003 -9"><span class='ocrx_word' id='word_1_278' title='bbox 190 1897 344 1940; x_wconf 90' lang='lat' dir='ltr'>stolico</span> <span class='ocrx_word' id='word_1_279' title='bbox 358 1899 387 1948; x_wconf 83' lang='lat'>2,</span> <span class='ocrx_word' id='word_1_280' title='bbox 422 1911 501 1939; x_wconf 90' lang='lat' dir='ltr'>nec</span> <span class='ocrx_word' id='word_1_281' title='bbox 533 1897 610 1938; x_wconf 94' lang='lat' dir='ltr'>vlli</span> <span class='ocrx_word' id='word_1_282' title='bbox 644 1895 786 1947; x_wconf 92' lang='lat' dir='ltr'>alteri,</span> <span class='ocrx_word' id='word_1_283' title='bbox 821 1896 953 1937; x_wconf 88' lang='lat' dir='ltr'>verbo</span> <span class='ocrx_word' id='word_1_284' title='bbox 987 1895 1055 1937; x_wconf 91' lang='lat' dir='ltr'>uel</span> <span class='ocrx_word' id='word_1_285' title='bbox 1078 1894 1241 1948; x_wconf 91' lang='lat' dir='ltr'>scripto</span> <span class='ocrx_word' id='word_1_286' title='bbox 1268 1907 1346 1947; x_wconf 90' lang='lat' dir='ltr'>per</span> <span class='ocrx_word' id='word_1_287' title='bbox 1369 1907 1437 1934; x_wconf 92' lang='lat' dir='ltr'>me</span> <span class='ocrx_word' id='word_1_288' title='bbox 1459 1893 1527 1934; x_wconf 90' lang='lat' dir='ltr'>uel</span> <span class='ocrx_word' id='word_1_289' title='bbox 1551 1906 1628 1946; x_wconf 91' lang='lat' dir='ltr'>per</span> <span class='ocrx_word' id='word_1_290' title='bbox 1650 1892 1782 1934; x_wconf 87' lang='lat' dir='ltr'>alium</span> <span class='ocrx_word' id='word_1_291' title='bbox 1805 1891 1969 1934; x_wconf 90' lang='lat' dir='ltr'>directe</span> 
     </span>
    </p>
   </div>
   <div class='ocr_carea' id='block_1_5' title="bbox 190 1949 2044 2015">
    <p class='ocr_par' dir='ltr' id='par_1_7' title="bbox 190 1949 2044 2015">
     <span class='ocr_line' id='line_1_30' title="bbox 190 1949 2044 2015; baseline -0.004 -11"><span class='ocrx_word' id='word_1_292' title='bbox 190 1963 261 2005; x_wconf 90' lang='lat' dir='ltr'>uel</span> <span class='ocrx_word' id='word_1_293' title='bbox 282 1962 508 2012; x_wconf 85' lang='lat' dir='ltr'>indirecte,</span> <span class='ocrx_word' id='word_1_294' title='bbox 548 1961 776 2015; x_wconf 88' lang='lat' dir='ltr'>quicquam</span> <span class='ocrx_word' id='word_1_295' title='bbox 801 1960 854 2002; x_wconf 90' lang='lat' dir='ltr'>de</span> <span class='ocrx_word' id='word_1_296' title='bbox 877 1960 1112 2002; x_wconf 87' lang='lat' dir='ltr'>Contractu</span> <span class='ocrx_word' id='word_1_297' title='bbox 1137 1958 1393 2001; x_wconf 87' lang='lat' dir='ltr'>Germanico</span> <span class='ocrx_word' id='word_1_298' title='bbox 1417 1958 1488 1999; x_wconf 93' lang='lat' dir='ltr'>vel</span> <span class='ocrx_word' id='word_1_299' title='bbox 1521 1957 1572 1999; x_wconf 91' lang='lat' dir='ltr'>de</span> <span class='ocrx_word' id='word_1_300' title='bbox 1598 1957 1685 1999; x_wconf 92' lang='lat' dir='ltr'>vllo</span> <span class='ocrx_word' id='word_1_301' title='bbox 1719 1957 1804 1999; x_wconf 87' lang='lat' dir='ltr'>alio</span> <span class='ocrx_word' id='word_1_302' title='bbox 1837 1970 1970 2010; x_wconf 85' lang='lat' dir='ltr'>nego·</span> <span class='ocrx_word' id='word_1_303' title='bbox 2039 1949 2044 1963; x_wconf 71' lang='lat'><strong><em>⁹</em></strong></span> 
     </span>
    </p>
   </div>
   <div class='ocr_carea' id='block_1_6' title="bbox 191 2021 1976 2797">
    <p class='ocr_par' dir='ltr' id='par_1_8' title="bbox 191 2021 1976 2797">
     <span class='ocr_line' id='line_1_31' title="bbox 191 2021 1971 2082; baseline -0.004 -13"><span class='ocrx_word' id='word_1_304' title='bbox 191 2027 253 2070; x_wconf 93' lang='lat' dir='ltr'>tio</span> <span class='ocrx_word' id='word_1_305' title='bbox 287 2041 571 2082; x_wconf 89' lang='lat' dir='ltr'>proponerem</span> <span class='ocrx_word' id='word_1_306' title='bbox 606 2027 675 2069; x_wconf 92' lang='lat' dir='ltr'>uel</span> <span class='ocrx_word' id='word_1_307' title='bbox 708 2028 961 2069; x_wconf 85' lang='lat' dir='ltr'>tractarem.</span> <span class='ocrx_word' id='word_1_308' title='bbox 1011 2025 1104 2067; x_wconf 90' lang='lat' dir='ltr'>Nec</span> <span class='ocrx_word' id='word_1_309' title='bbox 1137 2025 1200 2066; x_wconf 89' lang='lat' dir='ltr'>ita</span> <span class='ocrx_word' id='word_1_310' title='bbox 1223 2024 1358 2066; x_wconf 90' lang='lat' dir='ltr'>multo</span> <span class='ocrx_word' id='word_1_311' title='bbox 1382 2026 1482 2077; x_wconf 89' lang='lat' dir='ltr'>post</span> <span class='ocrx_word' id='word_1_312' title='bbox 1504 2022 1655 2065; x_wconf 85' lang='lat' dir='ltr'>literas</span> <span class='ocrx_word' id='word_1_313' title='bbox 1688 2022 1743 2064; x_wconf 90' lang='lat' dir='ltr'>ad</span> <span class='ocrx_word' id='word_1_314' title='bbox 1777 2022 1836 2066; x_wconf 90' lang='lat' dir='ltr'>.P.</span> <span class='ocrx_word' id='word_1_315' title='bbox 1860 2021 1971 2063; x_wconf 89' lang='lat' dir='ltr'>Rec-</span> 
     </span>
     <span class='ocr_line' id='line_1_32' title="bbox 191 2087 1972 2145; baseline -0.004 -10"><span class='ocrx_word' id='word_1_316' title='bbox 191 2094 362 2136; x_wconf 82' lang='lat' dir='ltr'>torem3</span> <span class='ocrx_word' id='word_1_317' title='bbox 395 2092 538 2142; x_wconf 89' lang='lat' dir='ltr'>dedit,</span> <span class='ocrx_word' id='word_1_318' title='bbox 583 2092 737 2145; x_wconf 91' lang='lat' dir='ltr'>quibus</span> <span class='ocrx_word' id='word_1_319' title='bbox 777 2091 935 2133; x_wconf 88' lang='lat' dir='ltr'>iterum</span> <span class='ocrx_word' id='word_1_320' title='bbox 973 2090 1090 2144; x_wconf 86' lang='lat' dir='ltr'>jdem</span> <span class='ocrx_word' id='word_1_321' title='bbox 1131 2089 1258 2131; x_wconf 89' lang='lat' dir='ltr'>iussit</span> <span class='ocrx_word' id='word_1_322' title='bbox 1300 2089 1464 2131; x_wconf 88' lang='lat' dir='ltr'>addens</span> <span class='ocrx_word' id='word_1_323' title='bbox 1507 2090 1556 2129; x_wconf 89' lang='lat' dir='ltr'>ut</span> <span class='ocrx_word' id='word_1_324' title='bbox 1586 2101 1666 2129; x_wconf 89' lang='lat' dir='ltr'>nec</span> <span class='ocrx_word' id='word_1_325' title='bbox 1698 2087 1753 2130; x_wconf 87' lang='lat' dir='ltr'>ad</span> <span class='ocrx_word' id='word_1_326' title='bbox 1781 2088 1972 2142; x_wconf 86' lang='lat' dir='ltr'>jnterro-</span> 
     </span>
     <span class='ocr_line' id='line_1_33' title="bbox 192 2151 1973 2212; baseline -0.003 -12"><span class='ocrx_word' id='word_1_327' title='bbox 192 2162 298 2212; x_wconf 88' lang='lat' dir='ltr'>gata</span> <span class='ocrx_word' id='word_1_328' title='bbox 329 2157 652 2212; x_wconf 88' lang='lat' dir='ltr'>responderem,</span> <span class='ocrx_word' id='word_1_329' title='bbox 695 2157 731 2199; x_wconf 91' lang='lat' dir='ltr'>si</span> <span class='ocrx_word' id='word_1_330' title='bbox 764 2156 817 2198; x_wconf 90' lang='lat' dir='ltr'>de</span> <span class='ocrx_word' id='word_1_331' title='bbox 848 2156 945 2199; x_wconf 89' lang='lat' dir='ltr'>istis</span> <span class='ocrx_word' id='word_1_332' title='bbox 978 2158 1055 2198; x_wconf 86' lang='lat' dir='ltr'>aut</span> <span class='ocrx_word' id='word_1_333' title='bbox 1087 2154 1187 2196; x_wconf 88' lang='lat' dir='ltr'>vllis</span> <span class='ocrx_word' id='word_1_334' title='bbox 1219 2154 1429 2196; x_wconf 90' lang='lat' dir='ltr'>similibus</span> <span class='ocrx_word' id='word_1_335' title='bbox 1466 2154 1768 2208; x_wconf 84' lang='lat' dir='ltr'>juterrogarer</span> <span class='ocrx_word' id='word_1_336' title='bbox 1800 2151 1973 2195; x_wconf 85' lang='lat' dir='ltr'>etiamsi</span> 
     </span>
     <span class='ocr_line' id='line_1_34' title="bbox 193 2218 1972 2277; baseline -0.004 -11"><span class='ocrx_word' id='word_1_337' title='bbox 193 2224 272 2266; x_wconf 86' lang='lat' dir='ltr'>sub</span> <span class='ocrx_word' id='word_1_338' title='bbox 305 2223 448 2277; x_wconf 84' lang='lat' dir='ltr'>sigillo</span> <span class='ocrx_word' id='word_1_339' title='bbox 481 2222 774 2265; x_wconf 87' lang='lat' dir='ltr'>Confessionis</span> <span class='ocrx_word' id='word_1_340' title='bbox 816 2236 914 2264; x_wconf 87' lang='lat' dir='ltr'>mea</span> <span class='ocrx_word' id='word_1_341' title='bbox 945 2220 1166 2265; x_wconf 86' lang='lat' dir='ltr'>sententia</span> <span class='ocrx_word' id='word_1_342' title='bbox 1198 2223 1434 2274; x_wconf 88' lang='lat' dir='ltr'>peteretur.</span> <span class='ocrx_word' id='word_1_343' title='bbox 1502 2218 1682 2261; x_wconf 89' lang='lat' dir='ltr'>Obediui</span> <span class='ocrx_word' id='word_1_344' title='bbox 1721 2219 1804 2260; x_wconf 91' lang='lat' dir='ltr'>huc</span> <span class='ocrx_word' id='word_1_345' title='bbox 1836 2231 1972 2270; x_wconf 88' lang='lat' dir='ltr'>vsque</span> 
     </span>
     <span class='ocr_line' id='line_1_35' title="bbox 193 2282 1973 2342; baseline -0.004 -10"><span class='ocrx_word' id='word_1_346' title='bbox 193 2292 387 2339; x_wconf 88' lang='lat' dir='ltr'>eatenus,</span> <span class='ocrx_word' id='word_1_347' title='bbox 422 2291 638 2342; x_wconf 88' lang='lat' dir='ltr'>quatenus</span> <span class='ocrx_word' id='word_1_348' title='bbox 670 2288 760 2331; x_wconf 87' lang='lat' dir='ltr'>tale</span> <span class='ocrx_word' id='word_1_349' title='bbox 792 2287 1046 2329; x_wconf 87' lang='lat' dir='ltr'>mandatum</span> <span class='ocrx_word' id='word_1_350' title='bbox 1081 2285 1277 2338; x_wconf 85' lang='lat' dir='ltr'>obligare</span> <span class='ocrx_word' id='word_1_351' title='bbox 1310 2284 1465 2339; x_wconf 90' lang='lat' dir='ltr'>potuit.</span> <span class='ocrx_word' id='word_1_352' title='bbox 1519 2284 1614 2326; x_wconf 90' lang='lat' dir='ltr'>Nec</span> <span class='ocrx_word' id='word_1_353' title='bbox 1647 2297 1836 2337; x_wconf 86' lang='lat' dir='ltr'>vnquam</span> <span class='ocrx_word' id='word_1_354' title='bbox 1870 2282 1973 2324; x_wconf 90' lang='lat' dir='ltr'>mihi</span> 
     </span>
     <span class='ocr_line' id='line_1_36' title="bbox 193 2348 1974 2407; baseline -0.003 -11"><span class='ocrx_word' id='word_1_355' title='bbox 193 2353 425 2407; x_wconf 86' lang='lat' dir='ltr'>quicquam</span> <span class='ocrx_word' id='word_1_356' title='bbox 459 2356 526 2396; x_wconf 92' lang='lat' dir='ltr'>est</span> <span class='ocrx_word' id='word_1_357' title='bbox 559 2367 655 2395; x_wconf 91' lang='lat' dir='ltr'>cum</span> <span class='ocrx_word' id='word_1_358' title='bbox 681 2352 892 2407; x_wconf 85' lang='lat' dir='ltr'>Principe,</span> <span class='ocrx_word' id='word_1_359' title='bbox 925 2366 1005 2394; x_wconf 90' lang='lat' dir='ltr'>nec</span> <span class='ocrx_word' id='word_1_360' title='bbox 1038 2365 1228 2405; x_wconf 88' lang='lat' dir='ltr'>vnquam</span> <span class='ocrx_word' id='word_1_361' title='bbox 1262 2350 1357 2400; x_wconf 89' lang='lat' dir='ltr'>fuit,</span> <span class='ocrx_word' id='word_1_362' title='bbox 1392 2349 1473 2391; x_wconf 90' lang='lat' dir='ltr'>nisi</span> <span class='ocrx_word' id='word_1_363' title='bbox 1501 2363 1555 2391; x_wconf 82' lang='lat' dir='ltr'>ex</span> <span class='ocrx_word' id='word_1_364' title='bbox 1579 2349 1806 2392; x_wconf 87' lang='lat' dir='ltr'>voluntate</span> <span class='ocrx_word' id='word_1_365' title='bbox 1838 2348 1974 2403; x_wconf 87' lang='lat' dir='ltr'>ipsius</span> 
     </span>
     <span class='ocr_line' id='line_1_37' title="bbox 194 2413 1972 2473; baseline -0.004 -12"><span class='ocrx_word' id='word_1_366' title='bbox 194 2420 241 2462; x_wconf 92' lang='lat' dir='ltr'>P.</span> <span class='ocrx_word' id='word_1_367' title='bbox 267 2418 565 2469; x_wconf 87' lang='lat' dir='ltr'>Prouincialis‚</span> <span class='ocrx_word' id='word_1_368' title='bbox 600 2422 643 2461; x_wconf 90' lang='lat' dir='ltr'>et</span> <span class='ocrx_word' id='word_1_369' title='bbox 675 2418 769 2473; x_wconf 90' lang='lat' dir='ltr'>ipso</span> <span class='ocrx_word' id='word_1_370' title='bbox 802 2421 1046 2473; x_wconf 86' lang='lat' dir='ltr'>praesente.</span> <span class='ocrx_word' id='word_1_371' title='bbox 1092 2417 1275 2459; x_wconf 84' lang='lat' dir='ltr'>Jnterea</span> <span class='ocrx_word' id='word_1_372' title='bbox 1309 2415 1590 2457; x_wconf 86' lang='lat' dir='ltr'>Reuerendus</span> <span class='ocrx_word' id='word_1_373' title='bbox 1624 2415 1755 2457; x_wconf 86' lang='lat' dir='ltr'>Pater</span> <span class='ocrx_word' id='word_1_374' title='bbox 1786 2413 1898 2455; x_wconf 93' lang='lat' dir='ltr'>hunc</span> <span class='ocrx_word' id='word_1_375' title='bbox 1930 2413 1972 2455; x_wconf 90' lang='lat' dir='ltr'>in</span> 
     </span>
     <span class='ocr_line' id='line_1_38' title="bbox 194 2478 1973 2537; baseline -0.004 -11"><span class='ocrx_word' id='word_1_376' title='bbox 194 2485 366 2527; x_wconf 89' lang='lat' dir='ltr'>modum</span> <span class='ocrx_word' id='word_1_377' title='bbox 391 2484 534 2536; x_wconf 91' lang='lat' dir='ltr'>(nobis</span> <span class='ocrx_word' id='word_1_378' title='bbox 556 2483 869 2536; x_wconf 89' lang='lat' dir='ltr'>nescientibus)</span> <span class='ocrx_word' id='word_1_379' title='bbox 891 2482 1117 2537; x_wconf 86' lang='lat' dir='ltr'>processit.</span> <span class='ocrx_word' id='word_1_380' title='bbox 1157 2480 1400 2534; x_wconf 88' lang='lat' dir='ltr'>Principem</span> <span class='ocrx_word' id='word_1_381' title='bbox 1423 2484 1618 2522; x_wconf 86' lang='lat' dir='ltr'>nostrum</span> <span class='ocrx_word' id='word_1_382' title='bbox 1644 2478 1973 2522; x_wconf 90' lang='lat' dir='ltr'>Serenissimum</span> 
     </span>
     <span class='ocr_line' id='line_1_39' title="bbox 196 2543 1976 2598; baseline -0.004 -6"><span class='ocrx_word' id='word_1_383' title='bbox 196 2550 470 2592; x_wconf 89' lang='lat' dir='ltr'>Guilielmum</span> <span class='ocrx_word' id='word_1_384' title='bbox 506 2549 753 2592; x_wconf 88' lang='lat' dir='ltr'>obtestatus</span> <span class='ocrx_word' id='word_1_385' title='bbox 786 2552 855 2591; x_wconf 88' lang='lat' dir='ltr'>est</span> <span class='ocrx_word' id='word_1_386' title='bbox 887 2548 1152 2597; x_wconf 89' lang='lat' dir='ltr'>clanculum,</span> <span class='ocrx_word' id='word_1_387' title='bbox 1195 2560 1249 2588; x_wconf 88' lang='lat' dir='ltr'>ne</span> <span class='ocrx_word' id='word_1_388' title='bbox 1282 2559 1472 2598; x_wconf 85' lang='lat' dir='ltr'>vnquam</span> <span class='ocrx_word' id='word_1_389' title='bbox 1514 2558 1653 2586; x_wconf 88' lang='lat' dir='ltr'>meam</span> <span class='ocrx_word' id='word_1_390' title='bbox 1687 2543 1976 2586; x_wconf 63' lang='lat' dir='ltr'>sententiam*</span> 
     </span>
     <span class='ocr_line' id='line_1_40' title="bbox 195 2607 1975 2669; baseline -0.004 -12"><span class='ocrx_word' id='word_1_391' title='bbox 195 2618 319 2669; x_wconf 86' lang='lat' dir='ltr'>petat</span> <span class='ocrx_word' id='word_1_392' title='bbox 352 2615 404 2656; x_wconf 89' lang='lat' dir='ltr'>de</span> <span class='ocrx_word' id='word_1_393' title='bbox 433 2614 604 2669; x_wconf 83' lang='lat' dir='ltr'>justitia</span> <span class='ocrx_word' id='word_1_394' title='bbox 637 2615 707 2656; x_wconf 88' lang='lat' dir='ltr'>uel</span> <span class='ocrx_word' id='word_1_395' title='bbox 740 2613 954 2656; x_wconf 88' lang='lat' dir='ltr'>iniustitia</span> <span class='ocrx_word' id='word_1_396' title='bbox 986 2612 1112 2654; x_wconf 88' lang='lat' dir='ltr'>huius</span> <span class='ocrx_word' id='word_1_397' title='bbox 1134 2610 1423 2654; x_wconf 66' lang='lat' dir='ltr'>contractusb.</span> <span class='ocrx_word' id='word_1_398' title='bbox 1477 2610 1789 2663; x_wconf 86' lang='lat' dir='ltr'>Jnterrogatus</span> <span class='ocrx_word' id='word_1_399' title='bbox 1821 2607 1975 2650; x_wconf 89' lang='lat' dir='ltr'>deinde</span> 
     </span>
     <span class='ocr_line' id='line_1_41' title="bbox 196 2675 1975 2734; baseline -0.004 -13"><span class='ocrx_word' id='word_1_400' title='bbox 196 2694 223 2722; x_wconf 86' lang='lat' dir='ltr'>a</span> <span class='ocrx_word' id='word_1_401' title='bbox 256 2679 454 2734; x_wconf 89' lang='lat' dir='ltr'>Principe</span> <span class='ocrx_word' id='word_1_402' title='bbox 488 2694 563 2721; x_wconf 90' lang='lat' dir='ltr'>cur</span> <span class='ocrx_word' id='word_1_403' title='bbox 594 2679 636 2721; x_wconf 89' lang='lat' dir='ltr'>id</span> <span class='ocrx_word' id='word_1_404' title='bbox 669 2679 849 2729; x_wconf 86' lang='lat' dir='ltr'>faceret,</span> <span class='ocrx_word' id='word_1_405' title='bbox 892 2678 1130 2732; x_wconf 87' lang='lat' dir='ltr'>respondit,</span> <span class='ocrx_word' id='word_1_406' title='bbox 1174 2691 1221 2718; x_wconf 91' lang='lat' dir='ltr'>se</span> <span class='ocrx_word' id='word_1_407' title='bbox 1263 2690 1346 2717; x_wconf 93' lang='lat' dir='ltr'>non</span> <span class='ocrx_word' id='word_1_408' title='bbox 1380 2689 1506 2730; x_wconf 89' lang='lat' dir='ltr'>posse</span> <span class='ocrx_word' id='word_1_409' title='bbox 1539 2675 1713 2716; x_wconf 86' lang='lat' dir='ltr'>efficere</span> <span class='ocrx_word' id='word_1_410' title='bbox 1748 2677 1795 2716; x_wconf 89' lang='lat' dir='ltr'>vt</span> <span class='ocrx_word' id='word_1_411' title='bbox 1827 2686 1975 2716; x_wconf 90' lang='lat' dir='ltr'>omnes</span> 
     </span>
     <span class='ocr_line' id='line_1_42' title="bbox 198 2738 1974 2797; baseline -0.005 -10"><span class='ocrx_word' id='word_1_412' title='bbox 198 2746 263 2787; x_wconf 90' lang='lat' dir='ltr'>sui</span> <span class='ocrx_word' id='word_1_413' title='bbox 296 2745 471 2795; x_wconf 89' lang='lat' dir='ltr'>subditi,</span> <span class='ocrx_word' id='word_1_414' title='bbox 513 2745 603 2787; x_wconf 86' lang='lat' dir='ltr'>sint</span> <span class='ocrx_word' id='word_1_415' title='bbox 633 2745 760 2795; x_wconf 88' lang='lat' dir='ltr'>tales,</span> <span class='ocrx_word' id='word_1_416' title='bbox 795 2744 946 2797; x_wconf 85' lang='lat' dir='ltr'>quales</span> <span class='ocrx_word' id='word_1_417' title='bbox 978 2746 1129 2785; x_wconf 87' lang='lat' dir='ltr'>nostra</span> <span class='ocrx_word' id='word_1_418' title='bbox 1162 2742 1334 2784; x_wconf 85' lang='lat' dir='ltr'>vocatio</span> <span class='ocrx_word' id='word_1_419' title='bbox 1368 2741 1583 2795; x_wconf 87' lang='lat' dir='ltr'>postulat:</span> <span class='ocrx_word' id='word_1_420' title='bbox 1622 2740 1697 2781; x_wconf 88' lang='lat' dir='ltr'>sed</span> <span class='ocrx_word' id='word_1_421' title='bbox 1730 2753 1810 2781; x_wconf 91' lang='lat' dir='ltr'>nos</span> <span class='ocrx_word' id='word_1_422' title='bbox 1843 2738 1974 2781; x_wconf 89' lang='lat' dir='ltr'>etiam</span> 
     </span>
    </p>
   </div>
   <div class='ocr_carea' id='block_1_7' title="bbox 197 2828 1976 2910">
    <p class='ocr_par' dir='ltr' id='par_1_9' title="bbox 197 2828 1976 2910">
     <span class='ocr_line' id='line_1_43' title="bbox 317 2828 1976 2868; baseline -0.005 -7"><span class='ocrx_word' id='word_1_423' title='bbox 317 2836 345 2868; x_wconf 89' lang='lat' dir='ltr'>a)</span> <span class='ocrx_word' id='word_1_424' title='bbox 367 2837 506 2868; x_wconf 76' lang='lat' dir='ltr'>Sequitur</span> <span class='ocrx_word' id='word_1_425' title='bbox 525 2835 572 2866; x_wconf 85' lang='lat' dir='ltr'>de,</span> <span class='ocrx_word' id='word_1_426' title='bbox 592 2837 627 2861; x_wconf 81' lang='lat' dir='ltr'>ab</span> <span class='ocrx_word' id='word_1_427' title='bbox 648 2837 736 2862; x_wconf 70' lang='lat' dir='ltr'>IIuir.</span> <span class='ocrx_word' id='word_1_428' title='bbox 757 2837 965 2861; x_wconf 73' lang='lat' dir='ltr'>oblitteratum.</span> <span class='ocrx_word' id='word_1_429' title='bbox 1036 2834 1065 2865; x_wconf 91' lang='lat' dir='ltr'>b)</span> <span class='ocrx_word' id='word_1_430' title='bbox 1086 2836 1255 2866; x_wconf 76' lang='lat' dir='ltr'>Sequuntur</span> <span class='ocrx_word' id='word_1_431' title='bbox 1277 2843 1317 2859; x_wconf 80' lang='grc' dir='ltr'>ιϊ.</span> <span class='ocrx_word' id='word_1_432' title='bbox 1338 2832 1455 2858; x_wconf 83' lang='lat' dir='ltr'>Deinde</span> <span class='ocrx_word' id='word_1_433' title='bbox 1475 2832 1511 2858; x_wconf 80' lang='lat' dir='ltr'>ad</span> <span class='ocrx_word' id='word_1_434' title='bbox 1533 2831 1663 2857; x_wconf 83' lang='lat' dir='ltr'>eundem</span> <span class='ocrx_word' id='word_1_435' title='bbox 1677 2830 1850 2864; x_wconf 85' lang='lat' dir='ltr'>Principem</span> <span class='ocrx_word' id='word_1_436' title='bbox 1870 2828 1976 2854; x_wconf 73' lang='lat' dir='ltr'>literas</span> 
     </span>
     <span class='ocr_line' id='line_1_44' title="bbox 197 2877 795 2910; baseline 0.002 -9"><span class='ocrx_word' id='word_1_437' title='bbox 197 2877 290 2907; x_wconf 82' lang='lat' dir='ltr'>misit,</span> <span class='ocrx_word' id='word_1_438' title='bbox 311 2877 422 2910; x_wconf 87' lang='lat' dir='ltr'>quibus</span> <span class='ocrx_word' id='word_1_439' title='bbox 442 2877 471 2902; x_wconf 88' lang='lat' dir='ltr'>in</span> <span class='ocrx_word' id='word_1_440' title='bbox 492 2884 525 2902; x_wconf 82' lang='lat' dir='ltr'>se</span> <span class='ocrx_word' id='word_1_441' title='bbox 546 2877 684 2910; x_wconf 79' lang='lat' dir='ltr'>suscipit,</span> <span class='ocrx_word' id='word_1_442' title='bbox 705 2879 795 2903; x_wconf 78' lang='lat' dir='ltr'>oblite.</span> 
     </span>
    </p>
   </div>
   <div class='ocr_carea' id='block_1_8' title="bbox 204 2939 299 2941">
    <p class='ocr_par' dir='ltr' id='par_1_10' title="bbox 204 2939 299 2941">
     <span class='ocr_line' id='line_1_45' title="bbox 204 2939 299 2941; baseline 0 0"><span class='ocrx_word' id='word_1_443' title='bbox 204 2939 299 2941; x_wconf 95' lang='lat' dir='ltr'> </span> 
     </span>
    </p>
   </div>
   <div class='ocr_carea' id='block_1_9' title="bbox 199 2971 1977 3225">
    <p class='ocr_par' dir='ltr' id='par_1_11' title="bbox 323 2971 703 3005">
     <span class='ocr_line' id='line_1_46' title="bbox 323 2971 703 3005; baseline 0.003 -1"><span class='ocrx_word' id='word_1_444' title='bbox 323 2973 332 2991; x_wconf 93' lang='lat'>¹</span> <span class='ocrx_word' id='word_1_445' title='bbox 360 2971 495 3005; x_wconf 84' lang='lat' dir='ltr'>Paulus</span> <span class='ocrx_word' id='word_1_446' title='bbox 522 2971 703 3005; x_wconf 80' lang='lat' dir='ltr'>lioti&#39;acus.</span> 
     </span>
    </p>

    <p class='ocr_par' dir='ltr' id='par_1_12' title="bbox 199 3017 1977 3175">
     <span class='ocr_line' id='line_1_47' title="bbox 320 3017 1976 3067; baseline -0.004 -10"><span class='ocrx_word' id='word_1_447' title='bbox 320 3024 333 3044; x_wconf 79' lang='lat'><strong>²</strong></span> <span class='ocrx_word' id='word_1_448' title='bbox 361 3024 547 3058; x_wconf 87' lang='lat' dir='ltr'>Haivodus</span> <span class='ocrx_word' id='word_1_449' title='bbox 574 3025 758 3067; x_wconf 75' lang='lat' dir='ltr'>significat</span> <span class='ocrx_word' id='word_1_450' title='bbox 777 3023 1009 3059; x_wconf 89' lang='lat' dir='ltr'>Guilielmum</span> <span class='ocrx_word' id='word_1_451' title='bbox 1032 3023 1074 3057; x_wconf 92' lang='lat' dir='ltr'>V.</span> <span class='ocrx_word' id='word_1_452' title='bbox 1103 3022 1281 3056; x_wconf 79' lang='lat' dir='ltr'>Bavariae</span> <span class='ocrx_word' id='word_1_453' title='bbox 1309 3022 1446 3062; x_wconf 86' lang='lat' dir='ltr'>ducem,</span> <span class='ocrx_word' id='word_1_454' title='bbox 1473 3021 1654 3055; x_wconf 88' lang='lat' dir='ltr'>doctorem</span> <span class='ocrx_word' id='word_1_455' title='bbox 1682 3019 1878 3053; x_wconf 87' lang='lat' dir='ltr'>Martinum</span> <span class='ocrx_word' id='word_1_456' title='bbox 1906 3017 1976 3051; x_wconf 93' lang='lat' dir='ltr'>Du-</span> 
     </span>
     <span class='ocr_line' id='line_1_48' title="bbox 199 3073 1977 3119; baseline -0.003 -9"><span class='ocrx_word' id='word_1_457' title='bbox 199 3077 310 3110; x_wconf 89' lang='lat' dir='ltr'>mium</span> <span class='ocrx_word' id='word_1_458' title='bbox 346 3077 629 3111; x_wconf 70' lang='lat' dir='ltr'>continuatorem</span> <span class='ocrx_word' id='word_1_459' title='bbox 665 3079 743 3112; x_wconf 88' lang='lat' dir='ltr'>eius</span> <span class='ocrx_word' id='word_1_460' title='bbox 779 3077 946 3116; x_wconf 81' lang='lat' dir='ltr'>aulicum,</span> <span class='ocrx_word' id='word_1_461' title='bbox 982 3076 1203 3110; x_wconf 82' lang='lat' dir='ltr'>Felicianum</span> <span class='ocrx_word' id='word_1_462' title='bbox 1231 3075 1478 3119; x_wconf 79' lang='lat' dir='ltr'>Ninguardam</span> <span class='ocrx_word' id='word_1_463' title='bbox 1506 3073 1547 3108; x_wconf 95' lang='lat' dir='ltr'>O.</span> <span class='ocrx_word' id='word_1_464' title='bbox 1573 3073 1632 3107; x_wconf 89' lang='lat' dir='ltr'>Pr.</span> <span class='ocrx_word' id='word_1_465' title='bbox 1660 3073 1866 3118; x_wconf 86' lang='lat' dir='ltr'>episcopum</span> <span class='ocrx_word' id='word_1_466' title='bbox 1901 3082 1977 3104; x_wconf 84' lang='lat' dir='ltr'>sca-</span> 
     </span>
     <span class='ocr_line' id='line_1_49' title="bbox 199 3123 1977 3175; baseline -0.003 -12"><span class='ocrx_word' id='word_1_467' title='bbox 199 3130 335 3164; x_wconf 82' lang='lat' dir='ltr'>lensem</span> <span class='ocrx_word' id='word_1_468' title='bbox 364 3131 598 3173; x_wconf 83' lang='lat' dir='ltr'>nuntiumque</span> <span class='ocrx_word' id='word_1_469' title='bbox 626 3130 886 3175; x_wconf 82' lang='lat' dir='ltr'>apostolicu1u;</span> <span class='ocrx_word' id='word_1_470' title='bbox 913 3130 954 3163; x_wconf 91' lang='lat' dir='ltr'>de</span> <span class='ocrx_word' id='word_1_471' title='bbox 976 3128 1033 3162; x_wconf 87' lang='lat' dir='ltr'>his</span> <span class='ocrx_word' id='word_1_472' title='bbox 1059 3140 1100 3162; x_wconf 86' lang='lat' dir='ltr'>ac</span> <span class='ocrx_word' id='word_1_473' title='bbox 1119 3128 1162 3162; x_wconf 90' lang='lat' dir='ltr'>de</span> <span class='ocrx_word' id='word_1_474' title='bbox 1181 3130 1258 3162; x_wconf 79' lang='lat' dir='ltr'>tota</span> <span class='ocrx_word' id='word_1_475' title='bbox 1285 3127 1352 3162; x_wconf 82' lang='lat' dir='ltr'>bac</span> <span class='ocrx_word' id='word_1_476' title='bbox 1379 3128 1456 3170; x_wconf 77' lang='lat' dir='ltr'>5⁰s0</span> <span class='ocrx_word' id='word_1_477' title='bbox 1475 3138 1586 3161; x_wconf 87' lang='lat' dir='ltr'>causa</span> <span class='ocrx_word' id='word_1_478' title='bbox 1604 3126 1687 3160; x_wconf 89' lang='lat' dir='ltr'>vide</span> <span class='ocrx_word' id='word_1_479' title='bbox 1714 3136 1824 3170; x_wconf 87' lang='lat' dir='ltr'>supra</span> <span class='ocrx_word' id='word_1_480' title='bbox 1843 3136 1874 3169; x_wconf 92' lang='lat' dir='ltr'>p.</span> <span class='ocrx_word' id='word_1_481' title='bbox 1897 3123 1977 3158; x_wconf 84' lang='lat'>573.</span> 
     </span>
    </p>

    <p class='ocr_par' dir='ltr' id='par_1_13' title="bbox 322 3181 1408 3225">
     <span class='ocr_line' id='line_1_50' title="bbox 322 3181 1408 3225; baseline -0.002 -9"><span class='ocrx_word' id='word_1_482' title='bbox 322 3184 335 3203; x_wconf 78' lang='grc'>3</span> <span class='ocrx_word' id='word_1_483' title='bbox 361 3183 623 3217; x_wconf 72' lang='lat' dir='ltr'>Fer-dinandum</span> <span class='ocrx_word' id='word_1_484' title='bbox 653 3184 773 3224; x_wconf 83' lang='lat' dir='ltr'>Alber,</span> <span class='ocrx_word' id='word_1_485' title='bbox 800 3186 973 3217; x_wconf 86' lang='lat' dir='ltr'>rectorem</span> <span class='ocrx_word' id='word_1_486' title='bbox 1002 3181 1145 3225; x_wconf 80' lang='lat' dir='ltr'>collegii</span> <span class='ocrx_word' id='word_1_487' title='bbox 1172 3181 1408 3215; x_wconf 79' lang='lat' dir='ltr'>monacensis.</span> 
     </span>
    </p>
   </div>
  </div>
 </body>
</html>
