2062 3443
641 162 842 209 Oeniponte
868 163 923 198 26.
944 162 1079 208 Aprilis
1107 163 1208 197 1576.
1725 168 1809 209 339

42 296 94 325 ea
135 282 171 325 si
213 282 314 336 quid
355 281 466 324 firmi
508 281 706 324 habeatis
748 281 800 323 de
844 295 923 323 usu
963 279 1144 323 litaniae
1177 282 1279 323 ante
1313 281 1569 335 Gregorium
1603 282 1810 336 Magnum

42 347 291 390 introducto
337 361 432 389 cum
476 349 595 390 certa
639 349 683 388 et
725 360 934 401 expressa
974 344 1248 387 inuocatione
1290 346 1614 390 Sanctorum⁸¹.
1680 349 1813 391 Addit

41 412 144 454 mihi
188 413 332 454 calcar
377 412 426 455 R.
463 413 510 455 T.
547 415 596 454 ut
637 411 880 454 Marianum
925 425 1032 466 opus
1078 411 1314 462 absoluam,
1361 411 1481 453 cuius
1524 415 1672 466 partes
1706 413 1813 455 duas

0 501 1 506 =
41 477 230 520 edendas
262 476 413 518 misi2:
447 477 522 519 sed
555 479 713 531 putant
735 477 908 530 quidam
936 475 1125 529 reliquas
1157 479 1306 530 partes
1329 490 1477 518 omnes
1500 477 1811 531 adiungendas,

40 542 290 597 priusquam
324 542 378 584 ad
411 541 643 584 editionem
676 541 891 585 veniatur.
945 540 1146 583 Nondum
1182 541 1360 584 definita
1392 541 1444 583 lis
1477 543 1556 591 est,
1591 545 1722 595 atque
1751 543 1814 585 ita

0 663 1 666 Ἴ
40 609 303 662 prorogatur
335 606 479 656 editio,
514 621 582 649 me
607 607 776 661 quidem
799 606 842 648 in
865 607 945 649 hac
967 605 1186 649 sententia
1208 605 1482 660 persistente,
1514 609 1562 648 ut
1584 607 1814 651 coniuntae

0 679 1 682 ’
40 675 131 715 tres
171 675 334 726 partes,
376 685 483 726 quas
524 672 609 714 iam
652 676 870 725 utcunque
913 674 1092 726 paratas
1133 671 1286 721 habeo,
1330 671 1385 713 ad
1417 672 1576 714 iustum
1611 673 1814 715 volumen

41 737 386 780 constituendum
429 737 567 792 primo
610 752 779 791 quoque
810 741 1006 792 ternpore
1048 738 1168 791 prelo
1209 737 1507 791 subijciantur.
1571 737 1745 780 Etenim
1779 738 1814 780 si

40 816 191 857 parum
233 802 423 857 placebit
463 802 531 844 hic
564 806 760 853 conatus,
802 803 988 846 libenter
1020 816 1046 844 a
1078 802 1258 855 reliquis
1291 802 1467 844 edendis
1509 803 1813 856 supersedebo,

40 871 86 910 et
118 868 172 910 ad
213 867 416 909 humilius
449 870 754 921 argumentum
786 883 864 922 pro
897 881 994 910 mea
1036 867 1166 910 etiam
1201 867 1509 909 commoditate
1542 868 1814 918 descendam,

40 947 94 975 ne
134 933 301 975 frustra
342 932 493 975 videar
533 933 576 974 in
619 934 814 976 ornanda
856 932 1044 987 Deipara
1085 936 1257 987 tempus
1299 934 1343 974 et
1385 932 1577 974 laborem
1619 934 1814 987 perdere.

39 1011 319 1052 meorumque
351 998 561 1046 maiorum
595 1001 640 1040 et
671 998 857 1053 fratrum
880 998 1175 1052 expectationi
1209 995 1372 1040 deesse.
1422 997 1516 1047 Qua
1548 997 1600 1039 de
1622 1012 1669 1040 re
1692 1012 1815 1040 suum

40 1066 116 1106 aut
156 1063 400 1105 Reuerendi
448 1063 678 1106 admodum
726 1064 870 1106 Patris
915 1063 1054 1106 nostri
1100 1064 1326 1106 Generalls
1374 1062 1577 1105 iudicium
1625 1067 1818 1118 exponat

40 1142 201 1182 quaeso
225 1128 274 1171 R.
299 1128 379 1179 Tf’,
413 1131 462 1171 ut
487 1128 599 1170 viam
633 1142 832 1171 securam
864 1128 1099 1182 ingrediar,
1135 1131 1180 1171 et
1202 1128 1412 1181 quosdam
1436 1128 1567 1169 animi
1590 1129 1816 1183 scrupulos

39 1193 224 1237 vincam.
289 1193 398 1236 Sunt
430 1193 502 1247 qui
535 1194 831 1237 arbitrentur3
863 1208 932 1236 me
964 1195 1182 1237 facturum
1216 1194 1389 1243 rectius,
1433 1193 1469 1235 si
1502 1193 1583 1235 hoc
1615 1193 1818 1246 grauiore

40 1259 255 1301 scribendi
288 1262 332 1302 et
365 1273 460 1300 cum
493 1259 725 1302 haereticis
752 1259 983 1302 dimicandi
1006 1259 1185 1312 negocio
1209 1258 1375 1309 relicto,
1409 1258 1452 1300 in
1476 1272 1559 1312 quo
1582 1258 1818 1300 maioribus

41 1324 212 1378 quidem
254 1323 482 1379 praesidijs
524 1338 630 1378 opus
671 1325 891 1376 haberem,
935 1324 990 1367 ad
1031 1324 1124 1379 pios
1166 1324 1357 1375 libellos,
1401 1324 1471 1366 uel
1504 1324 1558 1365 ad
1593 1323 1818 1365 Postillam

41 1388 108 1441 (ut
140 1389 317 1442 vocant)
351 1389 706 1432 conscribendam
731 1390 988 1432 Germanice
1014 1404 1083 1432 me
1107 1389 1352 1431 conferam:
1385 1389 1467 1431 hoc
1491 1389 1603 1431 enim
1627 1388 1818 1432 studium

41 1454 182 1508 magis
215 1468 238 1496 e
270 1468 317 1496 re
350 1454 497 1509 populi
529 1454 635 1505 fore,
671 1457 716 1497 et
747 1455 949 1498 fortassis
981 1455 1188 1498 tenuitati
1221 1468 1345 1496 meae
1378 1453 1540 1497 rectius
1573 1454 1817 1496 conuenire.

41 1519 136 1573 Ego
169 1533 275 1562 vero
317 1534 342 1562 a
385 1520 558 1562 decreto
596 1521 716 1563 Pont.
751 1521 868 1563 Max,
903 1523 947 1563 et
980 1520 1126 1563 Patris
1167 1519 1307 1562 nostri
1341 1519 1568 1562 Generalis
1609 1533 1694 1561 non
1735 1518 1820 1561 nisi

40 1584 230 1627 monitus
262 1585 502 1627 discedam:
537 1587 739 1639 uterque⁰
771 1585 873 1627 mihi
907 1586 1011 1627 nihil
1043 1586 1134 1628 tale
1166 1585 1236 1627 uel
1264 1585 1470 1627 ambienti
1502 1585 1572 1626 uel
1605 1584 1819 1638 cogitanti

41 1649 122 1692 hoc
155 1664 308 1692 munus
341 1650 633 1702 demandauit,
677 1651 791 1704 quod
832 1651 1042 1694 hactenus
1073 1650 1255 1692 infirmis
1288 1650 1458 1704 quidem
1501 1650 1692 1692 humeris
1723 1664 1819 1692 sus-

40 1715 181 1766 tineo,
240 1718 290 1758 ut
346 1729 442 1758 cum
498 1716 732 1759 haereticis
791 1731 977 1771 pugnem
991 1718 1020 1760 4.
1093 1716 1280 1758 Proinde
1336 1715 1441 1757 nihil
1489 1715 1593 1757 mihi
1649 1715 1820 1769 gratius

41 1780 187 1832 fuerit,
231 1794 358 1834 quarn
394 1781 684 1824 Reuerentiae
725 1785 828 1825 tuae
868 1782 1008 1825 literis
1041 1795 1317 1835 cognoscere,
1362 1780 1463 1834 quid
1504 1780 1585 1822 hac
1617 1780 1660 1822 in
1693 1783 1819 1835 parte

161 1874 190 1905 a)
210 1873 386 1898 Possevinus
409 1874 440 1898 in
461 1875 593 1906 margine
612 1875 750 1906 scripsit:
776 1874 804 1901 S.
825 1874 914 1907 (31·Θὲ.
927 1874 998 1901 Naz.
1018 1873 1049 1899 in
1068 1874 1114 1906 [ξ]
1134 1874 1161 1899 d.
1181 1873 1263 1907 bapt.
1276 1874 1339 1906 [?];
1358 1877 1521 1905 sequuntur
1534 1876 1550 1897 (ί
1568 1874 1632 1904 fere
1654 1881 1695 1897 vr.
1713 1880 1819 1904 flrueca

41 1916 117 1939 et12
135 1915 198 1946 fere
220 1922 261 1939 vv.
282 1915 387 1946 latina,
407 1918 468 1939 tam
486 1916 666 1946 festinanter
685 1919 711 1941 et
731 1917 850 1941 obscure
870 1917 906 1941 ab
926 1917 1023 1941 eodem
1043 1917 1165 1947 scripta,
1192 1919 1223 1941 ut
1243 1917 1299 1947 Ieyi
1320 1916 1370 1940 viae
1386 1915 1511 1947 possint.
1609 1913 1639 1945 b)
1662 1916 1724 1939 Hae
1745 1915 1820 1939 (luae

42 1956 158 1982 litterae
183 1964 277 1988 supra
305 1965 420 1982 versum
447 1958 577 1989 scriptae
597 1961 674 1983 sunt.
785 1959 810 1990 c)
832 1959 879 1983 Ita
898 1958 1103 1990 corrigendum
1127 1965 1188 1982 esse
1214 1957 1331 1981 omnino
1352 1957 1469 1981 videtur
1494 1964 1530 1981 ex
1555 1955 1720 1988 utrunque,
1746 1956 1820 1987 quml

41 1998 161 2029 scripsit
181 1998 247 2022 libr.

164 2093 174 2114 ¹
201 2092 257 2126 Ex
285 2094 426 2127 canisii
451 2092 568 2138 Opere
586 2093 749 2127 Mariano
776 2092 845 2134 (De
863 2092 978 2127 Maria
996 2092 1147 2137 Virgine
1174 2091 1454 2137 incomparabili,
1484 2090 1694 2134 Ingolstadii
1718 2090 1819 2132 1577,

42 2145 246 2189 762—763)
274 2146 508 2189 intellegitur,
536 2158 615 2180 eum
643 2146 803 2189 refutare
830 2146 989 2181 voluisse
1016 2158 1068 2186 ea,
1105 2157 1196 2190 quae
1224 2146 1266 2180 de
1302 2145 1370 2180 hac
1395 2157 1433 2179 re
1460 2144 1605 2179 dixerat
1631 2145 1820 2188 Philippus

42 2200 293 2233 Melanchthon
313 2201 347 2233 in
370 2199 566 2244 „Apologia
586 2199 830 2234 Confessionis
848 2200 1129 2243 Augustanae“;
1157 2199 1217 2233 ubi
1240 2199 1303 2241 „de
1330 2198 1557 2232 invocatione
1584 2197 1815 2231 Sanctorum¹⁴

41 2253 186 2288 scribit:
217 2253 389 2295 ,Constat
413 2265 545 2288 nouum
582 2252 676 2288 hunc
702 2253 737 2287 in
766 2253 929 2287 Ecclesia
954 2264 1091 2287 morem
1117 2264 1207 2287 esse.
1258 2252 1349 2286 Nam
1377 2254 1520 2285 veteres
1546 2252 1726 2285 orationes
1752 2251 1820 2285 etsi

41 2307 258 2341 mentionem
285 2310 490 2342 sanctorum
525 2308 675 2347 faciunt,
710 2318 780 2340 non
806 2309 926 2340 tamen
954 2307 1123 2340 inuocant
1150 2306 1336 2340 Sanct0s“.
1390 2304 1536 2350 (Opera,
1573 2304 1651 2338 Vol.
1672 2303 1820 2345 XXVII,

43 2360 97 2394 ed.
126 2361 172 2394 H.
192 2361 235 2394 E.
254 2361 428 2405 Bindsez'l,
465 2360 691 2403 Brunsvigae
729 2359 829 2401 1859,
866 2360 964 2404 589).
1016 2360 1062 2394 Et
1096 2361 1283 2394 Martinus
1316 2360 1535 2393 Clzemm'tius
1568 2357 1709 2399 asserit,
1750 2359 1819 2399 „in-

41 2414 267 2447 vocationem
294 2412 518 2455 Sanctorum,
554 2414 715 2448 additam
751 2417 787 2447 et
812 2413 985 2447 insertam
1021 2424 1101 2447 esse
1129 2412 1291 2447 Litaniae
1327 2423 1347 2446 a
1375 2411 1551 2455 Gregorio
1578 2411 1747 2455 Magn0“‚
1785 2414 1822 2445 et

41 2466 77 2500 in
116 2471 278 2501 veterum
308 2467 450 2501 Litania
488 2467 556 2501 soli
594 2467 689 2510 „Deo
727 2466 968 2511 supplicatum
1011 2466 1164 2507 fuisse“;
1205 2477 1320 2510 neque
1360 2465 1472 2509 igitur
1507 2464 1576 2498 dici
1616 2475 1731 2508 posse,
1770 2464 1820 2497 in-

41 2519 266 2554 vocationem
301 2520 524 2561 Sanctorum,
561 2520 597 2554 in
631 2520 866 2554 sollemnibus
895 2520 1077 2554 Ecclesiae
1113 2520 1289 2564 precibus,
1325 2530 1468 2563 semper
1503 2517 1538 2551 in
1575 2517 1716 2562 publico
1753 2529 1820 2552 usu

42 2573 165 2614 fuisse,
201 2573 286 2617 quia
316 2585 424 2616 „usus
450 2573 683 2615 Litaniarum,
720 2573 787 2608 hoc
813 2575 879 2614 est,
914 2573 1218 2618 supplicationum
1245 2584 1308 2606 seu
1335 2572 1582 2615 rogationum⁴⁴
1613 2583 1756 2616 semper
1785 2571 1821 2605 in

43 2625 198 2661 ecclesia
231 2627 341 2661 fuerit
379 2627 554 2668 (Examen
592 2627 827 2662 Decretorum
864 2626 1013 2661 Concilii
1039 2626 1250 2667 Tridentini,
1287 2625 1376 2659 Pars
1403 2625 1476 2666 111„
1513 2624 1741 2658 Francofurti
1777 2624 1822 2658 ad

42 2679 211 2714 Moenum
241 2679 343 2721 1578,
378 2681 476 2724 218).
528 2680 627 2722 Quae
662 2683 798 2715 temere
833 2680 930 2714 dicta
957 2691 1036 2714 esse
1071 2679 1214 2724 probari
1249 2679 1319 2712 iam
1349 2678 1455 2712 facile
1481 2681 1619 2722 potest;
1656 2679 1821 2722 sz'pp.

43 2733 219 2777 Delehaye
237 2732 271 2767 S.
289 2733 334 2774 J.,
361 2733 430 2767 Les
456 2734 614 2776 origines
640 2734 687 2767 du
713 2733 809 2767 culte
827 2733 890 2767 des
910 2733 1081 2777 Martyrs,
1108 2732 1299 2766 Bruxelles
1326 2732 1435 2771 1912;
1463 2730 1524 2765 ubi
1545 2731 1594 2775 (p.
1616 2730 1820 2774 120—168)

43 2788 80 2820 et
105 2798 151 2820 ex
182 2787 326 2819 Patrum
353 2797 564 2830 graecorum
591 2786 856 2830 latinorumque
882 2786 1110 2827 testimoniis,
1138 2789 1174 2819 et
1200 2797 1245 2819 ex
1271 2785 1565 2820 coemeteriorum
1593 2795 1821 2818 romanorum

43 2839 335 2884 inscriptionibus
361 2840 543 2884 probatur,
579 2839 731 2874 multum
759 2844 842 2874 ante
870 2839 1082 2883 Gregorium
1111 2839 1282 2883 Magnum
1311 2840 1491 2883 martyres
1517 2849 1596 2872 esse
1623 2838 1822 2872 invocatos.

164 2892 177 2912 ²
203 2892 310 2926 Liber
335 2893 454 2927 editus
481 2898 536 2928 est
561 2892 794 2937 Ingolstadii;
823 2905 856 2927 v.
875 2893 981 2933 infra,
1008 2904 1163 2926 monum.
1186 2892 1288 2927 1216.

32 2959 37 2964 ·
165 2946 177 2966 ³
203 2945 383 2990 Imprimis
411 2946 599 2980 Hoffaeum
626 2945 883 2991 provincialem
910 2946 1117 2990 significare
1145 2945 1305 2985 videtur;
1343 2944 1388 2978 cf.
1407 2944 1512 2985 infra,
1549 2955 1705 2978 monum.
1732 2944 1823 2978 1144

163 3053 176 3071 ⁴
204 3050 281 3085 Hoc
307 3051 339 3085 ei
373 3051 528 3096 primum
555 3052 763 3086 mandatum
790 3054 869 3086 erat
894 3063 924 3086 a.
956 3051 1044 3085 1567
1072 3062 1092 3084 a
1119 3051 1153 3085 S.
1173 3050 1237 3084 Pio
1264 3049 1306 3085 V.
1327 3052 1373 3091 et,
1411 3049 1518 3084 huius
1545 3050 1770 3090 auctoritate,
1801 3060 1823 3082 a

45 3102 80 3138 S.
99 3103 290 3138 Francisco
317 3104 449 3148 Borgia
483 3105 688 3149 praeposito
723 3105 883 3149 generali
921 3105 1029 3148 (Can.
1057 3104 1090 3138 V
1115 3104 1222 3146 480);
1259 3103 1386 3137 deinde
1421 3103 1456 3137 id
1492 3114 1513 3136 a
1540 3102 1610 3137 PP.
1638 3102 1759 3137 Natali
1786 3104 1823 3136 et

44 3155 200 3191 Polanco
226 3156 418 3192 Societatis
443 3157 591 3192 vicariis
617 3158 847 3202 generalibus
874 3157 1124 3193 confirmatum
1151 3159 1225 3196 est:
1253 3167 1287 3190 ν.
1307 3167 1416 3201 supra
1442 3168 1476 3201 p.
1495 3156 1540 3190 90
1570 3155 1647 3190 103.

1463 3214 1536 3248 22*
