2051 3433
245 166 330 206 434
455 163 556 198 1999.
585 162 689 197 Card.
710 163 914 199 Stanislaus
941 163 1075 198 Hosius
1102 163 1256 199 Canisio.
1301 163 1413 198 Roma
1440 164 1496 199 25.
1515 165 1671 199 Ianuarii
1702 165 1803 200 1578.

243 279 421 314 Bavariae
464 279 565 314 ducis
604 280 774 324 expensis
814 279 1004 314 transcribi
1054 281 1169 324 possit
1211 291 1300 325 opus
1348 280 1564 326 „Ha>dpcov“
1613 281 1762 322 (Arcula
1804 281 1957 324 medica)
1997 293 2019 315 a

243 331 277 366 S.
308 332 508 378 Epiphanio
544 333 644 367 urbis
681 333 914 368 Constantiae
951 335 986 367 in
1026 333 1142 367 insula
1179 333 1298 378 Cypro
1336 333 1605 380 archiepiscopo
1641 336 1736 370 circa
1770 347 1802 370 a.
1829 335 2015 370 374—377

242 389 367 420 contra
403 387 572 421 haereses
607 386 783 431 scriptum
816 390 851 421 et
887 399 950 432 per
985 390 1059 422 tres
1094 387 1207 421 libros
1242 387 1434 431 digestum,
1470 391 1578 432 atque
1604 389 1768 423 Basileae
1803 388 2020 434 compluries

242 439 364 479 latine,
401 452 446 474 ex
474 440 549 474 Iani
577 439 738 473 Cornarii
765 440 892 475 medici
920 441 1083 475 versione
1109 441 1200 475 satis
1226 441 1407 482 mendosa,
1444 443 1480 475 et
1505 453 1536 476 a.
1557 442 1649 476 1544
1674 454 1803 485 graece
1830 453 1910 476 cum
1937 441 2018 476 aliis

242 493 432 538 Epiphanii
470 493 573 527 libris
609 493 743 527 editum
782 494 931 538 (Mz'yne,
964 494 1004 528 P.
1034 506 1087 538 gr.
1116 493 1195 528 XLI
1232 503 1365 528 1v—v:
1402 495 1620 539 Posset-inus,
1656 498 1861 541 Apparatus
1888 496 1901 529 I
1929 495 2017 536 512;

241 548 504 580 Bardenhezcer
530 547 552 581 l.
573 558 601 581 c.
623 547 673 580 ΙΙΙ
700 546 919 591 295—298).
971 548 1047 582 Hoc
1083 559 1172 592 opus
1198 548 1371 582 Peltanus
1397 548 1507 582 latine
1533 549 1681 583 reddere
1712 549 1874 589 volebat;
1901 560 2019 593 neque

241 600 387 634 dubium
423 603 498 642 est,
533 601 619 644 quin
656 600 764 635 huius
805 601 945 635 consilii
973 600 1149 642 CanisiuS,
1184 601 1214 635 si
1251 613 1319 635 non
1355 604 1492 642 auctor,
1528 606 1624 636 certe
1656 603 1796 636 adiutor
1831 603 1862 636 ei
1897 602 2017 637 fuerit.

241 654 411 687 Peltanus
436 655 529 687 enim
558 654 733 699 *scripsit
759 654 988 688 Mercuriano
1007 655 1173 698 Augusta
1195 653 1250 689 28.
1271 655 1427 689 Ianuarii
1456 656 1568 690 1577:
1599 656 1713 699 „Ante
1732 667 1845 690 annos
1864 658 2017 700 quatuor

240 706 281 740 R.
303 707 340 741 P.
360 707 402 741 N.
424 707 612 741 Generalis
720 707 929 751 intelligens
955 719 1011 741 me
1030 707 1348 750 valetudinarium,
1376 711 1412 742 et
1437 708 1629 750 laboribus,
1657 721 1746 754 quos
1772 709 1867 744 vltra
1886 710 2016 752 viginti

239 772 351 794 annos
378 760 413 794 in
440 760 574 795 scholis
602 760 841 795 exhauseram
868 761 974 806 plane
1001 761 1167 802 fractum,
1195 761 1301 795 iussit
1320 763 1362 795 vt
1386 761 1513 796 relicta
1539 763 1711 797 cathedra
1729 763 2016 806 Jngolstadiana‚

238 814 443 855 Augustam
470 825 527 847 me
554 815 754 848 conferrem
774 814 977 859 ibidemque
996 817 1171 858 quantum
1199 826 1263 859 per
1281 814 1526 850 valetudinem
1546 820 1582 850 et
1599 817 1853 859 occupationes
1880 816 2016 857 liceret,

239 868 420 900 tractatus
447 867 588 911 aliquos
615 867 724 901 vtiles
751 870 875 902 contra
906 867 1108 902 haereticos
1134 867 1339 909 scriberem,
1367 868 1592 913 eosdemque,
1619 870 1650 904 si
1678 869 1777 912 digni
1796 870 2015 910 viderentur,

241 920 276 953 in
302 919 419 954 lucem
452 921 629 956 ederem“.
681 920 725 955 Se
752 921 874 964 igitur,
902 924 1046 966 praeter
1073 920 1264 955 concilium
1291 921 1513 966 ephesinum,
1541 923 1560 956 7
1589 923 1763 957 eiusmodi
1792 923 2010 966 „traetatus“
2050 931 2051 937 ¹

242 974 497 1018 composuisse,
534 977 570 1008 et
606 987 651 1008 ex
686 975 742 1009 his
769 976 791 1008 4
816 975 886 1009 iam
921 986 1001 1009 esse
1036 975 1136 1020 typis
1162 975 1375 1020 exscriptos.
1431 976 1568 1017 „Petiui
1595 988 1640 1010 ex
1666 975 1707 1010 R.
1728 977 1767 1011 P.
1787 976 2016 1018 Prouinciali,

241 1027 334 1070 quod
362 1028 460 1062 hisce
488 1028 663 1062 absolutis
683 1031 934 1072 argumentum
955 1028 1206 1073 explicandum
1231 1029 1265 1062 in
1293 1040 1420 1063 manus
1447 1040 1587 1064 sumere
1614 1030 1790 1064 deberem.
1827 1030 2017 1065 Consuluit

238 1080 268 1114 is
295 1092 381 1115 suos
408 1081 642 1123 consiliarios,
670 1093 820 1126 quorum
847 1083 1049 1116 sententiae
1075 1094 1144 1116 non
1171 1083 1400 1116 conueniunt.
1451 1083 1567 1117 Ambo
1596 1084 1728 1117 Canisii
1765 1083 1801 1117 in
1833 1083 2015 1117 vertendis

237 1133 452 1177 quibusdam
481 1136 691 1170 auctoribus
711 1135 860 1170 Graecis
887 1136 1054 1181 occuparj
1082 1147 1139 1169 me
1157 1135 1316 1177 mallent,
1343 1135 1404 1181 alij
1433 1140 1474 1170 vt
1499 1137 1534 1170 in
1554 1137 1782 1180 Theologicis
1799 1137 2015 1171 tractatibus

236 1189 504 1223 conscribendis
531 1201 679 1233 pergam
707 1190 824 1233 magis
850 1189 1012 1234 probant.
1065 1189 1105 1224 R.
1126 1189 1165 1224 P.
1185 1190 1423 1223 Prouincialis
1448 1190 1564 1224 noluit
1591 1202 1736 1224 causam
1763 1191 1921 1231 definire,
1951 1191 2013 1225 sed

236 1241 381 1286 scripsit
407 1242 451 1276 ad
486 1254 543 1276 me
570 1242 682 1276 semel
709 1245 745 1277 et
771 1243 912 1283 iterum,
950 1245 990 1277 vt
1026 1255 1100 1277 rem
1128 1246 1241 1277 totam
1278 1243 1320 1277 ad
1349 1243 1390 1277 R.
1410 1243 1449 1277 P.
1469 1243 1512 1278 V.
1528 1244 1799 1289 perscriberem,
1827 1244 2015 1288 eidemque

235 1295 392 1329 animum
431 1307 550 1330 meum
586 1296 841 1341 patefacerem.
893 1296 970 1340 Ego
1006 1309 1092 1330 vero
1128 1308 1203 1330 rem
1239 1300 1353 1331 totam
1390 1296 1430 1331 R.
1451 1297 1491 1332 P.
1510 1298 1553 1332 V.
1583 1298 1723 1341 integre
1759 1298 1943 1332 committo
1978 1302 2016 1331 et

237 1349 418 1393 permitto.
463 1349 499 1383 Si
520 1349 609 1384 velit
627 1362 684 1384 me
704 1362 854 1395 pergere
880 1361 1050 1395 pergam;
1079 1350 1133 1384 sin
1160 1352 1280 1384 autem
1308 1351 1352 1384 ab
1378 1350 1445 1385 hoc
1471 1351 1588 1385 studio
1615 1352 1718 1386 malit
1743 1363 1799 1386 me
1830 1351 2015 1391 desistere,

235 1402 481 1438 desistam...
533 1403 633 1445 Quod
660 1404 690 1438 si
718 1404 758 1438 R.
778 1405 818 1438 P.
839 1404 881 1438 V.
902 1405 1124 1449 pergendum
1161 1415 1242 1438 esse
1278 1404 1464 1445 iudicaret,
1503 1405 1595 1439 sciat
1629 1417 1687 1439 me
1722 1406 1765 1440 ad
1802 1416 2012 1449 graecorum

234 1459 421 1490 auctorum
457 1457 791 1501 interpretationem
827 1469 954 1502 parum
988 1457 1186 1491 animatum
1214 1469 1304 1492 esse.
1357 1457 1541 1502 Siquidem
1577 1459 1734 1493 sedecim
1770 1462 1865 1493 totos
1900 1470 2013 1492 annos

234 1510 394 1544 studium
434 1510 502 1545 hoc
536 1511 724 1552 intermisi,
761 1514 797 1545 et
836 1514 919 1545 ante
957 1511 1047 1545 illud
1087 1514 1230 1556 tempus
1268 1523 1338 1545 non
1374 1523 1435 1546 eos
1474 1524 1689 1556 progressus
1724 1512 1916 1552 habebam,
1952 1513 2011 1556 qui

234 1564 442 1598 auctoribus
470 1564 619 1598 Graecis
645 1567 703 1598 sat
730 1576 809 1599 esse
828 1565 1048 1599 viderentur.
1084 1566 1115 1599 A
1134 1565 1401 1599 conscribendis
1419 1566 1635 1600 tractatibus
1662 1578 1730 1600 non
1756 1577 1834 1600 sum
1862 1565 2012 1606 alienus,

234 1617 328 1660 quod
354 1617 390 1651 in
417 1617 525 1652 rebus
550 1617 764 1661 theologicis
790 1630 959 1662 magnam
985 1618 1248 1663 supellectilem
1276 1618 1465 1653 collectam
1491 1619 1654 1654 habeam.
1671 1646 1679 1654 .
1695 1646 1702 1654 .
1720 1646 1727 1654 .
1767 1619 1896 1654 Omnia
1922 1618 2012 1652 haec

232 1673 366 1713 tamen,
402 1673 443 1705 vt
478 1674 561 1705 ante
588 1671 673 1711 dixi,
709 1671 873 1716 relinquo
900 1672 1030 1706 iudicio
1065 1675 1102 1706 et
1136 1672 1284 1706 arbitrio
1312 1672 1353 1707 R.
1372 1672 1412 1706 P.
1431 1672 1491 1707 T.“
1533 1672 1595 1715 (ex
1621 1676 1774 1716 autogr„
1802 1672 1922 1707 Germ.
1945 1673 2011 1707 138

233 1723 257 1758 f.
279 1725 526 1768 lewa—147³).
562 1726 817 1759 Mercuriamcs
835 1729 956 1760 autem
974 1726 1011 1759 in
1038 1726 1198 1760 *litteris
1217 1726 1330 1760 Roma
1356 1725 1452 1760 circa
1478 1725 1620 1760 initium
1644 1726 1768 1760 Martii
1797 1726 1888 1761 1578
1916 1726 2010 1760 datis

231 1777 423 1812 Peltanum
450 1778 616 1813 hortatus
642 1781 706 1818 est,
734 1783 774 1813 ut
804 1791 863 1822 „se
881 1780 925 1814 ad
945 1780 1207 1814 conuertendos
1225 1791 1244 1813 e
1271 1791 1400 1823 graeco
1426 1780 1461 1813 in
1488 1779 1643 1813 latinum
1669 1780 1815 1821 libros‘,
1846 1779 2010 1824 inprimis

235 1832 408 1873 „Sanctos
434 1833 590 1877 patres“,
617 1833 798 1867 conferret
826 1833 886 1876 (ex
914 1845 1051 1875 comm„
1078 1832 1231 1868 Rh.1nf.
1255 1834 1283 1874 1,
1310 1833 1343 1867 II
1370 1833 1395 1867 f.
1414 1833 1505 1876 20³).
1557 1833 1732 1867 Peltanus
1768 1833 1905 1873 deinde,
1942 1833 2009 1866 etsi

231 1884 422 1930 Epiphanii
451 1887 652 1920 versionem
680 1886 831 1920 latinam
857 1898 927 1920 non
954 1886 1101 1931 scripsit
1126 1886 1185 1920 vel
1211 1886 1342 1920 saltem
1367 1898 1438 1920 non
1466 1886 1587 1927 edidit,
1619 1886 1854 1931 complurium
1886 1890 2006 1920 tamen

231 1938 386 1972 aliorum
422 1939 658 1981 Graecorum,
694 1943 735 1974 ut
768 1940 913 1974 Ioannis
949 1940 1216 1986 Chrysostomi,
1252 1940 1441 1985 Sophronii
1476 1940 1815 1985 Hierosolymitani‚
1852 1940 2009 1974 Victoris

230 1991 459 2034 Antiocheni,
485 1993 622 2038 scripta
648 1994 760 2028 latine
786 1994 942 2028 reddidit
968 1997 1003 2028 et
1029 1994 1199 2038 vulgavit
1229 1995 1501 2038 (Sommervoyel
1526 1993 1548 2028 l.
1569 2006 1598 2028 c.
1617 1993 1679 2035 VI,
1706 1994 1923 2037 463—465).

353 2052 607 2088 Mercurianus
634 2053 777 2088 Canisio
804 2054 991 2099 respondit
1017 2054 1072 2088 20.
1090 2053 1262 2088 Februari
1292 2055 1394 2089 1578.

230 2151 384 2187 1999.
462 2153 663 2187 Cardinalis
691 2151 1122 2189 STANISLAUS
1150 2151 1404 2189 lloslUs
1434 2152 1589 2188 Sanctae
1615 2153 1798 2187 Romanae
1825 2152 2008 2187 Ecclesiae

422 2206 725 2241 poenitentiarius
752 2207 875 2249 maior,
903 2207 1093 2252 episcopus
1121 2207 1347 2249 varmiensis,
1375 2206 1577 2241 CANISIO.

1454 2265 1569 2300 Roma
1596 2266 1651 2300 25.
1672 2265 1828 2300 Ianuarii
1857 2265 1959 2300 1578.

349 2330 403 2365 Ex
440 2330 530 2365 libro
560 2331 685 2373 „Alter
711 2331 846 2365 Tomus
873 2331 1219 2365 Commentariorum
1249 2331 1291 2365 de
1320 2331 1428 2365 Verbi
1456 2330 1522 2365 Dei
1548 2331 1774 2374 corruptelis.
1800 2357 1808 2365 .
1831 2357 1838 2364 .
1859 2356 1866 2364 .
1902 2330 1940 2363 ln
1968 2341 2008 2363 co

227 2384 329 2418 libris
356 2384 514 2428 quinque
533 2384 726 2419 disseritur
744 2385 787 2419 de
806 2385 922 2419 Maria
942 2385 1091 2428 Virgine
1110 2385 1394 2429 incomparabili.
1412 2412 1419 2419 .
1435 2411 1443 2418 .
1459 2411 1466 2419 .
1495 2384 1657 2418 Authore
1675 2384 1717 2419 D.
1737 2385 1842 2418 Petro
1863 2383 2010 2417 szi'se'o

228 2436 420 2472 Societatis
447 2438 529 2472 Iesu
555 2438 737 2481 Theologo
758 2466 764 2473 .
785 2465 820 2473 ..
849 2438 1014 2473 Secunda
1041 2438 1187 2479 editio“‚
1212 2438 1428 2481 Ingolstadii
1458 2438 1558 2478 1583,
1594 2438 1654 2472 ubi
1681 2437 1886 2471 litterarum
1914 2447 2008 2480 pars,

227 2502 320 2535 quae
347 2492 440 2525 infra
462 2494 624 2536 ponetur,
647 2493 765 2536 posita
786 2495 841 2526 est
859 2492 894 2526 in
913 2493 983 2526 fine
1002 2492 1093 2533 libri,
1122 2492 1156 2525 in
1178 2493 1309 2536 pagina
1328 2503 1398 2525 non
1417 2491 1562 2534 signata
1582 2490 1619 2535 [f.
1643 2491 1731 2525 Bbb
1751 2490 1813 2533 6³1,
1841 2501 1921 2524 cum
1940 2488 2008 2523 hac

227 2545 482 2590 inscriptione:
521 2546 849 2588 „Reuerendissimi
878 2545 918 2580 D.
940 2545 1111 2580 Stanislai
1138 2545 1241 2578 Hosii
1270 2544 1473 2578 Cardinalis
1509 2547 1545 2578 et
1580 2545 1748 2589 Episcopi
1774 2543 2007 2580 Varniiensis.

227 2598 270 2632 de
296 2599 363 2632 hoc
399 2611 505 2643 opere
538 2599 784 2633 testimonium
822 2600 865 2633 ad
894 2599 1091 2633 Authorem
1118 2599 1330 2643 scriptum‘ss
1367 2602 1404 2633 et
1430 2610 1475 2632 ex
1503 2598 1637 2632 Canisii
1670 2599 1714 2632 ad
1741 2597 2007 2631 Mercurianum

227 2652 383 2696 epistula
409 2652 645 2697 autographa,
682 2653 803 2687 Germ.
833 2653 900 2687 183
935 2665 968 2687 n.
997 2653 1076 2687 296.
1131 2652 1348 2686 Litterarum
1376 2664 1469 2697 pars,
1508 2663 1614 2696 quain
1642 2651 1727 2692 dixi,
1762 2651 1798 2684 in
1832 2650 2008 2695 proximis

227 2716 369 2749 quoque
388 2706 516 2751 Operis
536 2706 690 2740 Mariani
711 2706 929 2741 editionibus
948 2707 1066 2751 posita
1085 2711 1159 2747 est;
1188 2709 1227 2740 ut
1247 2707 1280 2740 in
1306 2706 1450 2748 „Altero
1469 2705 1579 2739 Tomo
1600 2704 1945 2738 Commentariorum
1966 2703 2008 2736 de

228 2758 338 2794 Verbi
355 2760 418 2793 Dei
439 2760 706 2804 corruptelis...
721 2787 728 2794 .
748 2760 910 2794 Authore
926 2760 966 2794 D.
982 2761 1085 2794 Petro
1104 2760 1270 2794 Cam'sio“
1289 2763 1368 2800 etc.,
1383 2759 1548 2802 Lugduni
1567 2759 1668 2799 1584,
1688 2759 1723 2792 in
1743 2758 1873 2802 pagina
1893 2757 2008 2790 altera

226 2823 294 2846 non
314 2813 459 2855 signata
477 2816 559 2857 post
577 2825 610 2857 p.
631 2813 710 2847 625.
748 2813 883 2847 Deinde
902 2814 1026 2847 eadem
1048 2814 1160 2847 variis
1188 2813 1388 2847 rationibus
1409 2813 1463 2846 usi
1482 2815 1568 2846 sunt
1588 2812 1723 2845 Canisii
1742 2810 1942 2855 biographi,
1968 2813 2008 2843 ut

227 2866 435 2909 Sacc-hians,
457 2867 543 2900 Can.
563 2867 651 2905 290;
682 2869 845 2911 Doriyny
864 2867 885 2901 l.
906 2879 935 2901 c.
956 2866 1164 2906 341—342;
1195 2868 1321 2909 Boero,
1350 2866 1435 2900 Can.
1456 2866 1544 2906 361;
1573 2865 1714 2908 Mic-hel,
1734 2864 1818 2898 Can.
1840 2865 1920 2906 370,
1939 2866 2006 2897 etc.

350 2926 492 2959 Canise'c‘
521 2928 615 2968 Opus
642 2928 856 2961 rllare'mzwn
884 2927 1020 2961 laudat.
1064 2927 1157 2959 Eius
1183 2926 1379 2968 esemplum
1407 2937 1584 2959 mancum.

345 3021 481 3027 ———
514 2997 634 3045 Quod
678 2998 795 3052 Opus
828 2998 1072 3040 Marianum
1114 2997 1157 3038 in
1200 2997 1445 3050 Septembri
1486 2996 1745 3050 promissum
1761 2996 1788 3046 ¹,
1830 2994 2006 3036 tandem

226 3060 459 3114 aliquando
502 3062 671 3103 miseris
712 3063 905 3116 gaudeo:
949 3076 1154 3116 magnam
1201 3076 1250 3103 eo
1294 3062 1466 3103 nomine
1507 3061 1586 3104 tibi
1628 3060 1816 3114 gratiam
1853 3059 2005 3101 habeo.

349 3169 358 3186 ¹
386 3166 476 3200 Vide
503 3140 672 3211 supravp.
695 3168 776 3202 415.
