2062 3513
609 165 648 198 11.
679 164 899 198 Prooemium
929 164 1121 199 voluminis
1146 165 1300 210 septimi.
1771 179 1837 202 xlx

72 282 360 337 provinciales
403 281 630 329 Austriae;
682 283 840 324 Paulus
886 283 1091 324 Hoffaeus
1140 283 1417 337 provincialis
1463 284 1721 326 Germaniae
1766 299 1837 327 su-

71 347 269 402 perioris;
296 347 506 401 Georgius
529 348 582 389 ab
606 347 754 401 llsung
777 347 1027 401 praefectus
1050 362 1279 390 caesareus
1304 348 1504 393 Suebiae:
1529 349 1837 392 Constantinus

71 413 338 467 Lyskirchen
363 413 627 466 reipublicae
650 413 907 454 coloniensis
930 414 1098 461 consul;
1124 413 1383 456 Laurentius
1407 414 1556 456 Surius
1579 415 1681 457 Ord.
1706 415 1837 467 Cart,

71 478 277 521 Nicolaus
319 478 371 520 de
410 478 635 520 Bobadilla
674 478 715 520 S.
749 477 804 528 J.,
848 478 1105 520 Franciscus
1138 478 1376 520 Turrianus
1415 479 1456 521 S.
1491 480 1545 529 J.,
1592 480 1744 522 Petrus
1787 481 1839 522 de

70 542 361 585 Ribadeneira
383 543 424 585 S.
449 543 504 594 J.,
532 542 716 585 Ioannes
741 543 922 585 Rethius
946 543 984 585 S.
1011 544 1066 594 J.,
1094 543 1428 598 Christophorus
1452 544 1676 587 Plautinus
1700 546 1838 588 archi-

71 608 370 663 typographus
403 608 737 662 antverpiensiS.

187 691 262 735 IV.
297 690 508 732 Volumen
554 689 633 732 hoc
679 705 704 732 a
750 704 896 732 mense
942 690 1142 733 Ianuario
1189 691 1289 733 anni
1337 693 1447 733 1572
1494 692 1547 734 ad
1593 692 1839 735 Ianuarium

70 771 110 800 a.
136 757 245 798 1581
281 755 476 810 procedit
508 758 553 798 et
584 756 721 798 multa
754 756 999 798 litterarum
1024 759 1304 798 monumenta
1327 757 1533 808 continet,
1568 758 1721 810 quibus
1745 772 1840 799 cum

71 821 274 864 universa
297 821 556 864 Germaniae
580 825 624 864 et
649 821 879 863 Helvetiae
911 821 1095 863 historia
1127 822 1423 864 ecclesiastica
1455 822 1714 873 illustratur,
1748 825 1841 865 tum

70 887 198 929 rebus
241 887 471 930 Societatis
505 886 614 937 Iesu,
657 886 853 940 inprimis
892 886 1011 929 vitae
1044 886 1215 937 Canisii‚
1261 901 1418 929 novum
1461 888 1603 930 lumen
1646 890 1840 932 affertur.

71 952 136 994 En
169 952 401 1006 praecipua
434 951 598 1006 capita:

190 1028 220 1062 1.
248 1027 465 1062 Deceunium
493 1027 559 1061 hoc
580 1027 846 1070 (1572—1581)
867 1030 945 1061 erat
969 1029 1112 1072 tempus
1139 1027 1401 1072 progredientis
1428 1027 1699 1062 instaurationis
1723 1028 1842 1063 catho-

70 1081 170 1116 licae.
230 1081 428 1115 Concilium
466 1080 719 1123 tridentinum,
763 1080 952 1122 „eximium
987 1080 1053 1114 Dei
1091 1080 1340 1124 bemficium‘,
1382 1084 1422 1115 ut
1460 1081 1624 1116 Canisius
1662 1082 1712 1115 ait
1754 1082 1842 1125 (82),

74 1134 277 1178 „Ecclesiae
311 1134 517 1174 collatum“‚
552 1134 684 1169 multos
719 1134 788 1168 iam
824 1135 965 1169 fructus
1001 1133 1216 1179 protulerat;
1252 1135 1315 1168 sed
1350 1134 1464 1168 multa
1496 1137 1708 1179 supererant
1743 1147 1842 1180 prae-

69 1187 209 1223 standa.
261 1187 456 1232 Propterea
483 1187 649 1222 Canisius
684 1199 715 1222 a.
746 1188 834 1222 1576
870 1187 996 1228 suasit,
1031 1198 1075 1220 ne
1110 1188 1192 1230 quis
1226 1199 1246 1221 a
1281 1187 1449 1232 pontifice
1475 1188 1746 1222 confirmaretur
1772 1188 1842 1233 epi-

69 1253 209 1287 scopus,
235 1241 304 1276 nisi
331 1241 419 1275 haec
445 1241 715 1286 spopondisset:
743 1241 913 1275 Visurum
939 1252 989 1281 se,
1017 1243 1057 1274 ut
1083 1240 1274 1285 theologus
1293 1241 1425 1285 aliquis
1444 1243 1480 1275 et
1498 1241 1684 1276 canonista
1701 1253 1843 1287 semper

69 1295 137 1330 sibi
172 1295 359 1335 adessent;
395 1306 461 1329 nec
495 1294 712 1335 sacerdotes,
748 1294 808 1339 qui
844 1305 975 1329 uxores
1009 1293 1193 1335 haberent,
1229 1306 1293 1328 nec
1321 1295 1571 1336 confessarios,
1607 1296 1666 1339 qui
1695 1298 1843 1340 peccata

71 1348 283 1391 singillatim
310 1348 376 1382 sibi
404 1348 534 1393 aperiri
552 1360 620 1382 non
648 1348 823 1389 iuberent,
849 1356 935 1382 a⁴se
961 1347 1156 1382 admissum
1184 1347 1245 1388 iri;
1274 1348 1470 1382 abolituros
1496 1360 1534 1383 se
1561 1349 1841 1383 communionem

69 1402 135 1437 sub
171 1405 323 1445 utraque
349 1401 479 1446 specie,
506 1404 542 1436 et
567 1401 843 1441 instauraturos,
878 1401 992 1436 sicubi
1019 1401 1054 1435 in
1091 1401 1362 1436 desuetudinem
1389 1402 1558 1442 venisset,
1594 1414 1696 1437 usum
1725 1415 1842 1437 sacra—

71 1457 271 1489 mentorum
305 1455 585 1490 confirmationis
620 1458 656 1489 et
690 1458 874 1490 extremae
907 1454 1097 1489 unctionis.
1149 1454 1204 1488 Ita
1235 1454 1401 1489 Canisius
1433 1455 1546 1499 (364).
1599 1455 1685 1490 Rem
1721 1459 1840 1490 autem

70 1509 226 1543 maxime
260 1509 500 1543 necessariam
536 1520 615 1543 esse
650 1508 940 1543 reformationem
976 1508 1071 1549 cleri,
1108 1508 1270 1552 inprimis
1306 1508 1543 1553 capitulorum
1571 1510 1842 1549 cathedralium,

71 1574 162 1597 anno
184 1562 273 1597 1573
299 1566 376 1596 tum
396 1562 642 1596 Ferdinandus
662 1562 705 1596 ΙΙ.
724 1562 898 1597 archidux
916 1565 991 1595 tum
1011 1561 1182 1595 Albertus
1201 1561 1244 1596 V.
1264 1561 1337 1595 dux
1357 1561 1498 1596 Canisio
1517 1574 1538 1596 a
1558 1562 1730 1606 Gregorio
1745 1563 1841 1597 Xlll.

70 1615 115 1650 ad
141 1627 180 1650 se
206 1615 314 1650 misso
341 1615 464 1650 testati
491 1619 576 1650 sunt
604 1615 690 1659 (114
718 1616 815 1659 115).
860 1615 1028 1649 Canonici
1055 1614 1281 1649 cathedrales
1300 1615 1434 1649 milites
1460 1616 1580 1660 potius
1606 1618 1709 1650 erant
1735 1628 1841 1660 quam

71 1669 211 1709 clerici;
247 1680 313 1704 nec
346 1670 495 1710 mirum;
533 1680 614 1703 nam
646 1681 691 1703 ex
725 1669 911 1704 nobilitate
941 1668 1178 1703 sumebantur
1209 1669 1427 1712 germanica,
1463 1680 1554 1713 quae
1582 1669 1740 1704 moribus
1766 1674 1844 1705 erat

71 1724 249 1768 corruptis
277 1722 391 1767 (363).
441 1722 656 1766 Neglectum
683 1734 823 1767 quoque
859 1723 1000 1758 iacebat
1025 1734 1156 1757 munus
1190 1724 1370 1756 oratorum
1402 1733 1603 1764 sacrorum;
1639 1723 1719 1757 libri
1747 1724 1841 1758 enim

71 1776 284 1818 contionum,
321 1779 382 1821 qui
408 1778 494 1810 tunc
520 1776 676 1810 maxime
708 1776 833 1811 usitati
860 1779 971 1818 erant,
1010 1776 1110 1810 velut
1144 1776 1310 1821 postillae
1337 1775 1478 1818 Clingii,
1510 1776 1600 1818 Feri,
1635 1777 1842 1822 Schopperi,

75 1829 210 1872 Vicelii,
238 1831 312 1864 fere
338 1833 421 1864 ante
448 1830 637 1865 concilium
663 1831 898 1865 tridentinum
926 1830 1119 1875 conscripti
1139 1832 1242 1863 erant
1267 1832 1303 1864 et
1321 1830 1372 1864 ita
1391 1830 1590 1874 compositi,
1616 1832 1656 1864 ut
1682 1830 1843 1865 doctrina

76 1883 235 1926 „sincera
261 1886 298 1918 et
323 1884 422 1918 tuta“
462 1883 554 1918 haud
581 1896 662 1918 raro
690 1884 724 1918 in
753 1884 797 1919 iis
823 1884 1089 1918 desideraretur
1116 1883 1202 1926 (549
1237 1883 1344 1926 606);
1380 1883 1542 1928 plerique
1569 1884 1843 1926 contionatores,

70 1938 122 1971 ait
149 1936 324 1978 Canisius,
361 1949 403 1971 ea
437 1938 598 1982 proferre
623 1938 751 1979 solent,
788 1949 879 1982 quae
914 1937 1116 1972 hominibus
1151 1937 1329 1982 placeant,
1365 1936 1518 1971 multum
1545 1937 1588 1971 de
1614 1936 1679 1971 Dei
1707 1938 1842 1972 miseri-

73 1992 194 2026 cordia
220 1994 254 2026 et
279 1991 413 2026 Christi
439 1992 577 2026 meritis
603 1992 802 2036 loquentes,
829 2003 944 2037 pauca
971 1991 1029 2025 vel
1054 1990 1143 2025 nihil
1171 1991 1213 2024 de
1239 1991 1423 2025 doctrinae
1449 1990 1626 2035 capitibus
1653 1992 1688 2025 in
1706 1994 1843 2025 contro-

71 2046 226 2080 versiam
247 2046 396 2087 vocatis,
422 2048 462 2079 ut
481 2045 524 2080 de
542 2046 773 2091 paenitentia,
800 2047 956 2090 primatu
983 2044 1173 2090 pontificis,
1201 2047 1379 2089 potestate
1398 2045 1645 2089 episcoporum
1673 2045 1843 2086 dicentes,

70 2100 149 2135 sive
174 2099 386 2144 ignorantia,
413 2100 492 2133 sive
518 2102 616 2134 metu
642 2099 820 2134 ducuntur
850 2099 962 2142 (606).
1009 2099 1083 2133 Hoc
1110 2098 1218 2132 etiam
1249 2098 1510 2132 incommodum
1540 2101 1626 2139 erat,
1654 2098 1747 2142 quod
1774 2111 1842 2133 non

70 2153 183 2188 solum
221 2153 375 2198 parochi,
411 2154 472 2188 sed
508 2154 617 2188 etiam
653 2154 809 2198 episcopi
845 2155 881 2187 et
915 2153 1031 2187 nuntii
1067 2151 1255 2197 apostolici
1291 2151 1419 2197 amplis
1452 2151 1496 2185 ad
1523 2151 1782 2186 absolvendum
1809 2154 1845 2186 et

71 2207 351 2252 dispensandum
384 2207 620 2242 facultatibus
646 2207 810 2241 destituti
837 2209 940 2240 erant
967 2206 1052 2249 (214
1080 2205 1148 2240 362
1175 2205 1273 2249 648).
1326 2205 1481 2239 Deerant
1517 2205 1743 2245 sacerdotes;
1780 2205 1843 2240 Ca-

70 2260 161 2294 nisio
196 2260 379 2295 coadiutor
413 2261 632 2295 brixinensis
667 2260 834 2305 scripsit:
873 2260 1029 2294 Penuria
1063 2258 1269 2293 laboramus
1305 2258 1552 2298 sacerdotum,
1591 2258 1672 2302 „qui
1708 2258 1843 2303 aliquid

70 2313 206 2355 sciant;
243 2313 326 2348 hinc
354 2325 457 2348 omne
484 2314 618 2348 malum
645 2314 748 2348 oriri‘
781 2313 946 2347 videmus
975 2312 1066 2356 (98).
1116 2312 1242 2356 Neque
1277 2315 1421 2356 praesto
1458 2313 1560 2345 erant
1585 2311 1778 2346 seminaria
1805 2324 1844 2346 eo

71 2378 228 2408 numero,
255 2368 315 2412 qui
341 2367 386 2402 ad
420 2379 533 2402 novos
559 2367 765 2402 sacerdotes
801 2366 1083 2412 suppeditandos
1117 2365 1331 2400 sufficiebat.
1383 2364 1603 2399 Monasteria
1638 2364 1845 2399 visitatione

71 2422 107 2454 et
131 2421 386 2456 reformatione
413 2421 621 2465 indigebant
649 2421 734 2464 (360
761 2421 860 2464 361).
907 2419 1052 2463 „Status
1071 2419 1292 2454 monasticus
1311 2421 1513 2453 extremum
1533 2418 1634 2452 nobis
1660 2418 1845 2452 interitum

71 2474 262 2515 minatur“,
297 2474 414 2519 inquit
441 2475 606 2510 Canisius
632 2487 664 2510 a.
694 2475 786 2509 1576
820 2473 994 2509 cardinali
1020 2474 1168 2507 Morono
1202 2472 1383 2513 scribens;
1421 2483 1532 2516 quare
1567 2471 1603 2505 in
1637 2471 1762 2506 iisdem
1790 2471 1845 2506 lit-

71 2528 158 2562 teris
185 2528 353 2568 instabat,
388 2531 428 2562 ut
454 2528 611 2573 episcopi
646 2528 918 2562 seminar-iorum
954 2538 1099 2561 suorum
1135 2525 1290 2560 alumnis
1325 2537 1393 2559 non
1429 2525 1544 2559 solum
1581 2525 1782 2569 ingressum
1811 2525 1846 2559 in

71 2581 213 2616 ordines
247 2581 436 2626 religiosos
470 2582 729 2626 permitterent,
766 2581 827 2616 sed
856 2581 963 2615 etiam
990 2581 1034 2614 ad
1062 2579 1333 2623 ingrediendum
1368 2579 1507 2621 ,calcar
1536 2578 1728 2613 adderent“
1761 2579 1846 2621 (360

72 2635 170 2678 365).
224 2635 262 2669 ln
290 2635 377 2680 ipsis
404 2635 578 2670 ecclesiae
604 2634 782 2679 capitibus
809 2635 930 2678 aliqua
956 2633 1188 2679 apparebant,
1216 2632 1345 2677 quibus
1370 2632 1553 2666 hominum
1584 2632 1692 2666 animi
1719 2632 1845 2666 merito

73 2688 353 2723 offendebantur.
405 2688 612 2723 Salentinus
642 2688 686 2722 ab
723 2688 898 2732 isenburg
932 2687 1222 2732 archiepiscopus
1257 2685 1481 2723 coloniensis.
1517 2688 1557 2719 ut
1592 2685 1710 2720 officio
1747 2685 1846 2719 abire

73 2747 108 2776 et
143 2753 292 2777 uxorem
329 2743 458 2777 ducere
493 2744 625 2787 posset,
662 2742 721 2776 diu
757 2742 861 2786 petiit
897 2744 932 2775 et
967 2741 1110 2774 tandem
1148 2740 1357 2784 impetravit
1393 2740 1507 2783 (116).
1568 2738 1679 2773 Iulius
1715 2738 1847 2773 Echter

72 2796 261 2842 episcopus
298 2795 560 2841 herbipolensis
598 2795 641 2830 ad
682 2795 932 2830 Balthasarem
971 2805 991 2828 a
1030 2793 1218 2828 Dernbach
1261 2793 1427 2828 abbatem
1466 2791 1736 2837 principemque
1777 2791 1846 2825 ful-

73 2850 229 2891 densem,
264 2850 382 2884 virum
417 2850 599 2895 optimum,
630 2848 708 2884 loco
734 2849 948 2884 movendum
985 2859 1066 2882 cum
1093 2847 1280 2882 nobilitate
1316 2845 1533 2892 protestanti
1559 2847 1595 2880 et
1630 2846 1754 2890 pravis
1784 2844 1846 2879 ali-

73 2906 160 2948 quot
184 2903 369 2938 monachis
395 2903 616 2948 conspiravit
649 2905 685 2937 et
711 2914 751 2936 eo
778 2914 841 2947 per
867 2902 940 2936 vim
975 2900 1167 2945 dolumque
1201 2900 1305 2946 pulso
1340 2902 1459 2934 terrae
1493 2898 1590 2934 illius
1620 2899 1844 2933 administra-

73 2956 205 2991 tionem
232 2956 392 3001 suscepit
419 2957 534 3000 (336).
585 2956 760 2990 Ernestus
789 2955 964 2990 Bavariae
990 2954 1158 2999 princeps
1183 2956 1292 2998 atque
1319 2953 1590 2999 episcopatuum
1618 2951 1846 2996 frisingensis

73 3012 109 3044 et
150 3010 380 3045 hildesiensis
413 3009 683 3045 administrator
722 3008 855 3043 Romae
890 3010 998 3043 noctu
1034 3007 1079 3042 ad
1113 3007 1339 3042 meretricem
1380 3006 1534 3041 accessit
1569 3007 1622 3047 et,
1659 3005 1775 3040 reditu
1809 3004 1846 3039 in

74 3063 181 3098 aedes
206 3074 291 3098 suas
326 3063 530 3105 intercluso,
566 3075 610 3097 ex
636 3063 724 3096 urbe
760 3062 921 3106 aufugit:
958 3061 994 3095 id
1029 3061 1122 3105 quod
1156 3060 1196 3094 P.
1231 3060 1409 3095 Francisci
1440 3059 1556 3093 Toleti
1590 3058 1625 3093 S.
1653 3059 1703 3100 J.,
1740 3069 1846 3103 quem

74 3116 236 3162 pontifex
263 3116 414 3151 Ernesto
443 3116 565 3151 iuveni
590 3118 860 3161 praeceptorem
886 3114 1043 3155 dederat,
1077 3113 1303 3158 indulgentia
1329 3116 1366 3148 et
1396 3112 1677 3157 „imprudentia“
1708 3111 1845 3146 factum

75 3181 154 3205 esse
180 3170 284 3204 multi
310 3170 486 3215 putabant
496 3183 504 3211 ;
534 3169 681 3204 Toletus
708 3169 920 3204 ambitiosus
946 3179 1026 3203 esse
1061 3170 1098 3201 et
1132 3167 1395 3202 cardinalitiam
1423 3165 1637 3210 dignitatem
1673 3176 1846 3210 quaerere

1508 3224 1558 3259 b.
