2051 3433
180 218 266 259 708
961 217 1055 251 Mon.
1079 217 1179 251 1164.

175 335 324 369 mittant
349 334 452 375 filios,
479 344 614 373 seruos,
641 333 802 374 ancillas,
828 333 1053 374 domesticos,
1080 333 1227 367 mittant
1253 334 1399 378 inquam
1426 336 1597 378 tanquam
1624 335 1784 370 infirmos
1810 336 1854 370 ad
1880 347 1951 370 me-

176 388 276 423 dicos
302 387 519 433 spirituales,
547 389 585 420 ut
612 387 702 421 bene
729 387 965 421 instituantur
992 389 1028 421 et
1054 391 1315 431 praeparentur
1333 387 1367 421 in
1388 387 1443 422 his
1462 399 1554 432 quae
1573 389 1755 433 pertinent
1772 389 1816 423 ad
1834 389 1952 431 fidem,

175 442 385 482 orationem,
421 440 561 484 agenda
594 443 631 474 et
664 440 861 475 omittenda
896 452 1005 485 supra
1040 440 1177 474 cultum
1204 439 1301 475 Dei.“
1355 441 1445 474 Dein
1474 441 1632 486 explicat
1658 443 1727 476 Job
1755 443 1785 483 1,
1813 443 1952 477 12—19

178 495 217 539 (l.
245 507 276 530 c.
303 496 326 529 f.
355 494 557 537 602—64b).

301 548 372 591 „De
399 547 671 582 annuntiatione
698 547 855 581 Mariae“
888 548 959 590 (25.
987 547 1139 590 Martii).
1190 547 1242 580 De
1269 547 1362 581 sacri
1390 547 1458 581 diei
1495 548 1634 582 ratione
1662 549 1821 583 breviter
1847 549 1950 590 dicit;

173 603 303 637 deinde
330 604 399 637 Job
428 602 457 642 1,
485 601 625 635 20-22
661 600 830 644 explicat.
885 601 995 644 „Sunt
1031 602 1090 644 qui
1128 612 1190 645 pro
1217 612 1254 634 re
1291 612 1402 645 parua
1437 603 1572 642 tenent,
1608 602 1674 635 mit
1709 602 1787 636 dem
1820 602 1951 637 Roseu-

174 656 304 690 krantz
325 656 409 690 vmb
429 654 556 698 gehen,
583 654 639 688 ein
660 654 910 688 Rosenkrantz
928 655 1061 692 betten,
1089 657 1125 687 et
1143 653 1209 687 hoc
1227 665 1314 688 sono
1335 653 1450 698 [signo
1463 653 1495 698 ‘?]
1515 666 1554 689 se
1573 667 1717 689 monere
1738 655 1781 689 ad
1800 658 1953 690 matrem

175 710 311 744 Christi
338 713 374 743 et
400 711 560 742 nostram
587 708 826 741 salutandam.
879 707 947 741 Sed
977 708 1100 742 uident
1126 711 1161 740 et
1188 710 1320 741 norunt
1345 708 1540 752 sapientes,
1577 708 1850 743 fundamentum
1877 710 1953 744 eius

174 764 226 797 rei
254 774 334 797 esse
360 763 396 796 in
424 761 633 805 Euangelio‚
661 764 698 795 et
722 773 792 795 non
820 761 1067 805 excogitatum
1094 761 1138 795 ab
1166 761 1389 795 hominibus“
1422 761 1459 803 (l.
1480 773 1508 795 c.
1536 761 1560 796 f.
1581 761 1779 805 652—70b).

300 817 359 858 „In
395 816 489 850 festo
524 815 730 859 paschatis“
772 814 1016 859 (11.Aprilis)
1054 814 1216 848 declarat
1241 814 1309 848 Job
1345 814 1458 848 fuisse
1499 817 1645 860 „typum
1681 816 1953 851 resurrectionis

174 869 317 904 Domini
353 869 565 913 gloriosae“.
617 868 753 902 Deinde
789 868 948 913 explicat
982 869 1051 902 Job
1080 868 1115 908 1,
1149 868 1215 902 21:
1255 867 1503 910 „Dominus
1540 868 1692 909 dedit,
1727 869 1954 904 Dominus

172 923 407 958 abstulit:
434 923 564 957 sicut
590 922 786 956 Domino
813 922 1021 967 placuit,
1055 923 1123 955 ita
1150 923 1331 955 factum
1359 924 1452 956 est:
1485 921 1550 955 sit
1574 933 1738 955 nomen
1767 922 1953 957 Domini

172 976 514 1011 benedictum.“
560 975 791 1020 „Propositio.
829 975 927 1017 Quae
954 976 1064 1009 uerba
1082 975 1214 1009 debent
1233 974 1362 1008 melius
1389 975 1553 1019 expendi,
1581 975 1664 1018 quia
1691 979 1775 1010 sunt
1799 987 1952 1020 magnae

171 1030 332 1065 uirtutis.
371 1031 392 1064 2
419 1030 529 1073 digna
555 1041 649 1073 quae
668 1029 854 1063 discantur
875 1032 911 1063 et
936 1030 1143 1069 recitentur,
1171 1029 1191 1063 3
1218 1029 1326 1062 immo
1353 1029 1461 1062 etiam
1487 1028 1731 1063 inscribantur
1754 1029 1952 1074 parietibus

171 1086 208 1117 et
234 1085 357 1125 muris,
385 1086 421 1117 et
446 1083 559 1117 multo
586 1083 703 1126 magis
730 1083 915 1117 cordibus“
948 1082 987 1125 (l.
1008 1095 1037 1117 c.
1065 1083 1088 1116 f.
1110 1082 1309 1124 702—7511).

296 1137 505 1181 „Dominica
531 1139 613 1181 post
631 1136 791 1170 Pascha“
815 1138 939 1181 prima,
967 1139 1007 1170 ut
1025 1136 1169 1170 videtur
1188 1136 1261 1177 (18.
1280 1135 1445 1180 Aprilis).
1482 1135 1650 1169 Absolvit
1675 1135 1952 1181 explicationem

171 1192 277 1236 primi
311 1191 442 1236 capitis
469 1191 529 1224 Iob
559 1190 644 1232 (Job
672 1191 702 1230 1,
738 1190 780 1224 21
810 1191 884 1234 22).
940 1190 1012 1233 „De
1039 1190 1267 1224 consolandis
1302 1189 1469 1223 tristibus
1495 1192 1655 1224 mortuos
1681 1201 1766 1223 suos
1792 1190 1951 1224 deflenti-

171 1245 259 1279 bus⁴‘
290 1248 358 1280 etc.
386 1244 425 1287 (l.
446 1256 476 1279 c.
503 1245 528 1278 f.
548 1243 749 1286 75b—80b).

296 1299 434 1344 „Caput
459 1299 493 1333 2.
529 1298 632 1333 Job“.
676 1297 844 1342 Explicat
862 1298 930 1331 Job
957 1297 989 1334 2,
1020 1297 1120 1337 1—3‚
1148 1297 1254 1341 idque
1281 1296 1478 1337 Dominica‚
1505 1299 1545 1330 ut
1571 1296 1726 1339 videtur,
1753 1297 1796 1332 ΙΙ.
1827 1297 1947 1339 (111.‘.>)

170 1354 254 1397 post
280 1352 424 1386 Pascha
450 1353 529 1386 sive
555 1352 611 1385 25.
632 1350 767 1395 Aprilis
795 1351 843 1394 (2.
864 1351 997 1391 Maii‘.²;
1026 1350 1049 1384 l.
1072 1362 1101 1384 c.
1129 1351 1153 1384 f.
1181 1350 1371 1390 812—84³;
1398 1350 1455 1384 hic
1482 1350 1517 1384 in
1544 1351 1800 1384 commentario
1825 1361 1950 1385 rursus

170 1417 379 1451 comparere
404 1406 529 1450 incipit
547 1417 676 1439 manus
695 1404 922 1439 Balthasaris
941 1404 1112 1445 Arnoldt3
1140 1404 1241 1437 cuius
1259 1404 1416 1448 scriptio,
1443 1403 1525 1438 aliis
1543 1404 1680 1448 aliquot
1697 1404 1951 1448 scriptionibus

171 1460 410 1505 interpositis,
437 1471 552 1503 usque
579 1458 624 1493 ad
650 1458 813 1492 ultimam
845 1459 1042 1492 orationem
1069 1457 1112 1491 de
1139 1458 1208 1492 Job
1234 1458 1312 1491 sive
1338 1457 1383 1491 ad
1410 1458 1441 1491 6.
1462 1456 1683 1502 Septembris
1710 1457 1949 1502 perseverat).

290 1513 373 1548 Alia
399 1513 575 1553 contione,
613 1512 715 1547 Dom.
734 1512 797 1547 ΙΙΙ.
819 1512 941 1556 (1V.‘?)
971 1514 1054 1557 post
1071 1511 1212 1545 Pascha
1239 1512 1318 1545 sive
1344 1511 1377 1545 2.
1399 1511 1493 1554 (9.2)
1517 1511 1604 1544 Maii
1631 1511 1765 1553 habita,
1793 1511 1951 1556 explicat

169 1568 240 1602 Job
266 1567 298 1609 2,
324 1568 347 1601 4
376 1567 414 1610 (l.
434 1578 463 1601 c.
488 1567 512 1602 f.
532 1565 735 1610 84¹2—86b).

297 1621 502 1664 „Dominica
536 1620 784 1664 rogationum“
824 1619 902 1654 sive
929 1619 972 1653 V.
1000 1621 1082 1664 post
1111 1618 1252 1653 Pascha
1289 1618 1363 1661 (16.
1392 1617 1494 1661 Maii)
1532 1617 1691 1662 explicat
1717 1619 1787 1652 ¹lob
1813 1618 1844 1658 2,
1881 1620 1901 1652 5
1928 1618 1949 1652 6

171 1674 212 1719 (l.
231 1686 261 1710 c.
281 1675 305 1710 f.
328 1674 527 1718 873—902).

297 1729 505 1770 „Dominica
532 1727 691 1772 Exaudj“
731 1727 809 1761 sive
844 1727 938 1761 infra
974 1728 1141 1760 octavam
1168 1725 1400 1760 Ascensionis
1429 1725 1500 1768 (23.
1520 1724 1637 1769 Maii).
1692 1725 1756 1767 „Jn
1796 1724 1864 1759 hac
1889 1737 1949 1759 ex·

169 1781 374 1816 hortatione
401 1794 470 1816 non
507 1792 652 1826 possum
679 1792 745 1815 nec
771 1780 854 1814 volo
880 1779 1043 1824 obliuiscj
1080 1779 1202 1823 magnj
1239 1778 1323 1823 festj
1360 1780 1440 1823 post
1466 1783 1546 1812 octo
1573 1778 1649 1812 dies
1676 1778 1877 1823 celebrandj
1906 1778 1948 1812 de

169 1836 279 1869 tertia
306 1847 459 1880 persona
486 1835 617 1868 diuina.
638 1862 645 1869 .
667 1861 674 1868 .
695 1862 702 1869 .
734 1833 845 1879 Spero
870 1833 983 1877 igitur
1008 1832 1140 1867 multos
1167 1833 1243 1866 fore
1266 1833 1326 1876 qui
1354 1843 1399 1865 ex
1416 1843 1502 1865 vero
1527 1831 1656 1865 timore
1683 1834 1719 1865 et
1745 1843 1864 1865 amore
1881 1831 1947 1877 Dej

169 1900 208 1923 se
236 1888 344 1923 huius
372 1888 455 1934 festj
483 1888 678 1933 participes
704 1888 864 1928 reddent,
900 1889 937 1921 et
962 1886 1116 1920 libenter
1141 1886 1177 1920 in
1204 1889 1356 1929 vtroque
1382 1888 1609 1919 sacramento
1636 1883 1886 1928 [confessionis
1912 1889 1948 1918 et

170 1941 445 1986 communionis]
473 1953 553 1976 sese
579 1941 811 1982 exercebunt,
838 1952 907 1975 non
935 1940 1101 1974 obstante
1127 1939 1213 1984 quid
1239 1939 1376 1973 faciant
1402 1938 1494 1983 pigrj
1522 1940 1559 1972 et
1584 1937 1786 1983 indeuotj“;
1822 1938 1948 1972 deinde

169 1996 331 2040 explicat
357 1997 426 2030 Job
452 1996 485 2036 2,
513 1996 531 2029 7
560 1995 581 2029 8
611 1995 647 2038 (l.
668 2007 697 2029 c.
717 1995 741 2029 f.
761 1994 964 2037 {lob—95⁸).

293 2049 494 2092 „Postridie
514 2048 767 2083 Pentecoste&
793 2049 866 2091 (31.
885 2048 1001 2092 Maii).
1036 2047 1088 2081 De
1115 2046 1291 2092 patientia
1310 2045 1378 2080 Job
1402 2045 1575 2079 imitanda
1596 2045 1634 2086 (l.
1654 2056 1683 2078 c.
1702 2044 1727 2079 f.
1746 2044 1946 2088 952—992).

293 2104 359 2146 „Jn
396 2104 490 2137 festo
517 2102 729 2136 Trinitatis⁴‘
762 2102 809 2145 (6.
838 2100 958 2145 Iunii).
1012 2101 1112 2143 „Hac
1138 2100 1325 2134 Dominica
1352 2099 1575 2133 celebramus
1601 2099 1636 2132 in
1663 2097 1731 2132 hac
1753 2098 1816 2132 Dei
1845 2099 1946 2133 domo

168 2156 304 2201 duplex
332 2157 476 2191 festum.
516 2156 634 2190 Vnum
662 2155 801 2189 ratione
827 2154 1081 2189 Trinitatis...
1103 2181 1110 2188 .
1142 2153 1307 2187 Alterum
1334 2152 1492 2197 pertinet
1518 2152 1561 2186 ad
1588 2151 1681 2185 hanc
1700 2151 1764 2196 Dej
1793 2152 1946 2193 domum,

169 2221 263 2254 quae
290 2210 334 2244 ab
370 2210 519 2254 antiquo
554 2221 617 2254 per
643 2209 860 2254 Episcopum
897 2207 1086 2242 benedicta
1122 2209 1157 2241 et
1193 2207 1358 2240 dedicata
1393 2208 1450 2240 est
1482 2205 1517 2239 in
1553 2205 1722 2239 honorem
1759 2205 1875 2239 dictae
1911 2208 1946 2239 et

167 2263 488 2308 superbenedictae
507 2262 696 2297 Trinitatis
722 2265 762 2296 ut
790 2262 849 2296 illa
875 2261 933 2295 hic
959 2262 1116 2295 maxime
1143 2260 1351 2294 coleretur.“
1400 2259 1450 2293 De
1477 2259 1534 2293 die
1560 2259 1652 2292 festo
1679 2257 1739 2292 SS.
1758 2257 1946 2292 Trinitatis

168 2316 256 2351 dicit
283 2319 318 2351 et
345 2317 503 2351 eiusdem
532 2316 763 2360 evangelium
790 2315 948 2360 explicat
975 2314 1011 2358 (l.
1035 2327 1063 2348 c.
1084 2315 1108 2348 f.
1128 2313 1343 2351 §mh—101³,
1375 2312 1621 2356 103b-1042).

294 2370 448 2413 „Eodem
475 2370 532 2404 die
558 2373 640 2415 post
665 2369 888 2414 prandium“.
938 2368 1109 2413 Explicat
1134 2368 1203 2402 Job
1230 2367 1261 2408 2,
1289 2368 1307 2400 7
1335 2366 1356 2400 8
1384 2366 1425 2410 (f.
1448 2365 1662 2400 loia-103⁸
1690 2363 1803 2407 104b).

290 2425 330 2458 ln
356 2425 427 2458 Job
453 2424 485 2466 2,
513 2425 533 2459 9
564 2423 601 2467 (l.
622 2435 651 2457 c.
672 2424 695 2457 f.
718 2422 968 2466 1052—1082);
997 2422 1114 2456 contio
1142 2421 1265 2454 habita
1291 2431 1371 2454 esse
1397 2420 1542 2453 videtur
1559 2418 1660 2453 Dom.
1680 2418 1724 2453 Il.
1745 2420 1823 2463 post
1842 2417 1944 2453 Pent.

167 2476 249 2511 sive
277 2478 331 2512 13.
351 2478 454 2511 Iunii.

294 2531 501 2573 „Dominica
537 2530 607 2565 ΒΨ
632 2533 712 2576 post
748 2529 1008 2563 Pentecoste11“
1047 2528 1126 2562 sive
1161 2527 1217 2562 20.
1246 2527 1350 2561 Iunii.
1401 2527 1534 2560 Iterum
1563 2525 1605 2559 de
1631 2525 1700 2559 Job
1726 2524 1758 2564 2,
1785 2525 1816 2558 9.
1873 2523 1944 2566 „De

167 2588 320 2628 peccato
339 2584 622 2629 blasphemiae“.
662 2584 736 2627 „En
755 2585 973 2617 mercatores
1000 2585 1036 2615 et
1061 2582 1171 2622 ciues,
1198 2581 1259 2624 qui
1278 2592 1323 2614 ex
1341 2581 1469 2614 timore
1489 2579 1552 2613 Dei
1572 2582 1608 2612 et
1626 2578 1669 2612 ob
1688 2578 1943 2612 conscientiam

167 2648 270 2671 suam
299 2638 426 2672 nolunt
451 2641 618 2672 mutuare
644 2637 844 2682 pecuniam,
871 2639 911 2670 ut
936 2635 1051 2670 solum
1078 2635 1216 2668 ratione
1243 2634 1357 2678 mutuj
1385 2633 1570 2667 lucrentur
1588 2633 1609 2666 5
1627 2631 1685 2666 uel
1703 2631 1858 2676 amplius
1880 2642 1944 2675 pro

167 2694 312 2725 centum
349 2694 385 2725 et
411 2697 597 2725 reseruent
622 2691 690 2725 sibi
725 2701 902 2725 summam
938 2688 1141 2733 capitalem,
1177 2687 1262 2731 quid
1298 2687 1429 2721 dicitur
1454 2698 1475 2720 a
1500 2686 1642 2726 mundo,
1677 2685 1746 2718 nisi
1779 2683 1872 2728 quod
1898 2683 1943 2718 ab

167 2755 282 2778 uxore
319 2745 398 2779 Job.
448 2745 514 2779 Vis
550 2756 629 2779 esse
664 2743 861 2789 sapientior
896 2742 1054 2786 reliquis,
1089 2753 1157 2775 non
1195 2741 1296 2786 punit
1331 2740 1579 2783 magistratus,
1615 2741 1717 2783 potes
1752 2737 1943 2782 quotannis

168 2800 306 2831 certum
337 2798 469 2833 habere
495 2797 731 2832 commodum.
774 2797 795 2831 2
813 2797 916 2838 uirgo
943 2795 1093 2840 pulchra
1120 2794 1221 2828 diues
1247 2798 1283 2828 et
1309 2793 1449 2834 nobilis,
1477 2796 1603 2838 potens
1622 2791 1689 2826 sibi
1708 2790 1816 2825 simili
1833 2790 1942 2825 nobili

167 2850 302 2884 nubere
323 2869 331 2876 ·
350 2862 474 2885 omnes
500 2851 604 2885 amici
642 2851 891 2885 hortabuntur.
943 2848 1033 2890 Quid
1060 2850 1179 2882 autem
1207 2848 1237 2881 si
1265 2848 1372 2881 dicat.
1423 2845 1590 2880 Conclusi
1617 2845 1799 2879 Christum
1827 2843 1942 2877 solum

168 2914 231 2947 pro
258 2916 389 2949 sponso
416 2904 595 2938 inmortali
622 2904 795 2948 accipere,
823 2905 860 2937 et
884 2902 1055 2936 mundum
1082 2912 1162 2935 cum
1190 2902 1285 2934 omni
1311 2900 1442 2943 gaudio
1463 2902 1499 2933 et
1524 2898 1711 2943 uoluptate
1729 2897 1941 2941 relinquere,

168 2959 205 2989 et
231 2957 265 2990 in
303 2957 534 3002 simplicitate
569 2957 693 2991 uiuere
728 2956 867 3000 solique
894 2955 967 2990 Deo
1003 2954 1135 2988 mundo
1162 2954 1267 2988 corde
1294 2957 1330 2987 et
1357 2964 1503 2998 corpore
1529 2952 1677 2986 seruire.
1729 2950 1819 2992 Quid
1857 2953 1942 2984 tunc

167 3010 323 3044 amici‘?“
357 3011 394 3053 (1.
415 3022 443 3044 c.
464 3011 488 3044 f.
511 3010 755 3054 1092—113³).

293 3063 492 3107 „Repetitio
519 3063 562 3096 de
598 3066 745 3108 peccato
781 3062 1036 3107 blasphemiae.
1085 3060 1131 3094 Jn
1168 3060 1331 3104 proxima
1358 3060 1532 3097 contione,
1567 3058 1660 3091 sicut
1685 3057 1810 3097 nostis,
1842 3055 1940 3090 insti-

168 3116 303 3149 tuimus
322 3116 455 3159 aliquid
476 3116 594 3150 dicere
613 3117 656 3150 de
678 3119 824 3161 peccato
850 3114 1107 3159 blasphemiae.
1134 3117 1170 3146 et
1187 3113 1231 3146 ob
1250 3113 1421 3157 temporis
1440 3112 1654 3145 breuitatem
1674 3122 1741 3144 non
1760 3109 1940 3154 potuimus

168 3169 301 3202 finire.“
357 3169 515 3202 Primum
551 3169 593 3203 de
630 3169 862 3214 blasphemia,
899 3168 979 3202 dein
1016 3168 1058 3200 de
1095 3167 1164 3200 Job
1191 3166 1231 3207 2,
1274 3167 1316 3200 10
1352 3166 1447 3199 dicit.
1503 3164 1589 3207 „Qui
1626 3163 1730 3198 hodie
1755 3162 1848 3206 apud
1875 3172 1940 3195 nos

169 3222 374 3256 Catholicos
409 3225 494 3255 sunt
520 3222 569 3266 rej
598 3223 702 3255 huius
729 3221 867 3266 peccatj
895 3218 1168 3265 [blasphemiae]
1182 3220 1200 3252 ἵ)
1244 3221 1287 3252 .l.
1315 3218 1380 3252 Die
1407 3216 1679 3252 schendtlichen
1706 3227 1824 3249 rawen
1853 3214 1936 3249 Got-
