2062 3443
812 131 911 165 1578.
954 131 1056 164 1579.
1734 135 1818 175 799

167 249 305 281 Parvus
334 250 570 283 Catechisnms
599 250 858 283 Catholicornm
882 249 1130 291 Dnsseldoipii
1156 250 1356 283 ‹arcudilmn
1404 249 1615 282 (iuilielmns
1639 251 1716 284 [lua-
1743 261 1819 283 eum

49 302 84 334 ἱη
109 303 297 345 yymnas'e'o
325 303 385 335 illo
411 304 589 345 eaplicari
616 304 716 336 iubet.

168 378 211 420 P.
237 379 496 421 Francis-cns
521 382 712 422 Costervuss
732 380 771 422 S.
791 380 830 422 J.
850 378 1101 433 provinciae
1123 378 1344 421 rhenanae
1367 379 1642 434 praepositus
1665 379 1819 420 Herbi—

48 442 135 496 poli
168 444 206 486 6.
230 443 492 485 Noveram-is
532 446 641 486 1578
675 444 900 486 Everardo
933 443 1207 485 Mercuriano
1249 444 1499 498 praeposito
1541 444 1734 497 generali
1769 444 1822 485 de

48 507 183 550 Sociis
231 509 548 571 colonigpsibus
595 511 675 552 hoc
722 509 916 552 rettulit:
978 509 1206 559 „Scribunt
1253 509 1606 551 Jllustrissimum
1655 509 1820 551 Ducem

47 573 190 615 ι101130
222 573 438 628 recepisse
461 575 779 617 Catechismum
804 575 848 618 Ρ.
874 574 1061 627 Canysii,
1096 575 1168 627 qui
1202 574 1244 615 in
1277 577 1498 628 posterum
1525 574 1821 628 Diisseldorpij

48 638 326 692 p.·aelegetur
358 653 449 681 0..15
482 639 614 690 iussu,
656 640 728 681 vbi
771 639 903 681 etiam
944 653 1058 680 nunc
1099 639 1368 681 excuditur.“
1437 640 1496 680 Et
1528 639 1573 681 P.
1607 639 1822 680 Hem-icus

48 704 232 746 Simonis
265 703 306 746 S.
339 704 394 754 J„
438 705 641 758 antiquus
673 705 745 746 ille
779 704 950 757 collegii
983 703 1240 746 coloniensis
1282 703 1528 753 historicus,
1573 703 1616 744 in
1650 703 1820 756 collegii

47 767 228 829 hisjjiria
260 767 367 810 haec
390 773 515 812 notat
537 771 579 811 in
604 785 641 813 a.
672 771 804 812 1579:
846 770 1154 823 „Impetratum
1177 769 1258 810 hoc
1280 769 1384 810 item
1408 771 1606 822 tempore
1628 769 1820 819 tandem,

48 847 100 886 qr
146 833 157 842 '
192 835 410 876 tentatum
453 835 617 878 frustra
649 835 822 889 saepius
856 839 964 885 erat,
1008 837 1057 876 vt
1088 834 1131 875 in
1165 834 1314 875 schola
1346 833 1709 887 Dusseldorpensi
1744 834 1823 875 sub

48 898 88 941 S.
115 911 354 941 caesareae
397 899 645 943 Maiestatis
692 899 877 949 nomine,
928 898 1118 953 explosis
1167 898 1400 953 Monhemij
1450 899 1502 941 de
1548 899 1676 940 rebus
1723 899 1822 941 fidei

47 962 266 1018 pestiferis
314 964 661 1017 quaestionibus,
711 963 1001 1007 Catechistica
1049 963 1266 1006 institutio
1315 963 1362 1006 P.
1401 963 1558 1017 Canisij
1608 962 1824 1004 iuuentuti

48 1028 387 1082 praelegeretur.
399 1030 426 1084 “-

165 1114 217 1157 De
245 1115 395 1149 Joannis
420 1115 614 1150 Monhemii
641 1116 943 1160 gymnasiarchae
970 1115 1295 1160 dusseldorpiensis
1323 1115 1551 1157 catechismo,
1586 1127 1655 1159 quo
1683 1114 1823 1149 Calvini

46 1168 228 1203 doctrinae
263 1168 411 1203 subdole
447 1181 636 1214 puerorum
676 1170 808 1203 litteris
842 1169 1065 1204 studentium
1101 1169 1229 1203 animis
1256 1169 1536 1211 instillabantur,
1571 1170 1653 1203 vide
1684 1170 1770 1203 Can.
1790 1169 1823 1202 ΙΙ

47 1222 112 1257 621
146 1222 226 1256 626.
278 1221 366 1255 Cum
403 1227 522 1256 autem
559 1224 717 1257 Simonis
751 1222 888 1263 scribit,
923 1222 989 1257 5011
1025 1222 1183 1257 caesaris
1217 1223 1359 1256 nomine
1394 1223 1653 1257 catechismum
1690 1221 1823 1256 Canisii

46 1275 265 1320 praelectum
285 1287 375 1316 esse,
402 1275 468 1310 hoc
486 1276 678 1319 significat,
704 1279 808 1321 puto:
838 1276 874 1309 ln
894 1276 1211 1320 dusseldorpianae
1230 1275 1326 1309 illius
1344 1276 1511 1310 editionis
1536 1276 1641 1310 titulo
1659 1278 1823 1309 notatum

47 1332 102 1363 est
129 1329 184 1371 (ut
211 1329 245 1362 in
272 1328 397 1363 multis
423 1341 564 1373 quoque
590 1329 670 1363 aliis
697 1329 832 1372 fiebat),
864 1329 1124 1363 catechismum
1151 1329 1246 1363 hunc
1271 1329 1372 1363 iussu
1400 1331 1435 1363 et
1461 1329 1678 1363 auctoritate
1704 1329 1823 1362 Ferdi-

47 1382 154 1416 nandi
190 1382 215 1416 l.
245 1382 502 1425 (Romanorum
539 1383 694 1427 primum
730 1383 836 1426 regis,
873 1383 999 1417 deinde
1036 1382 1278 1427 imperatoris)
1317 1383 1559 1427 conscriptum
1588 1385 1624 1416 et
1649 1394 1823 1416 excusum

48 1447 146 1475 esse;
175 1435 302 1469 deinde
321 1435 536 1470 Ferdinandi
555 1437 737 1470 decretum
758 1448 789 1471 a.
812 1437 901 1471 1560
924 1437 1071 1483 factum,
1098 1439 1194 1480 puto,
1223 1436 1384 1469 additum
1403 1440 1468 1475 est,
1495 1447 1564 1480 quo
1583 1436 1825 1470 catechismus

46 1489 108 1523 ille
125 1489 222 1523 solus
241 1489 276 1523 in
302 1489 461 1523 eiusdem
488 1490 611 1532 regnis
630 1490 857 1524 hereditariis
885 1489 1058 1534 explicari
1084 1489 1292 1530 iubebatur;
1321 1489 1365 1523 cf.
1388 1490 1474 1524 Can.
1495 1490 1508 1523 I
1537 1489 1615 1523 752.
1656 1488 1824 1523 Ceterum

48 1542 202 1577 Simonis
238 1554 323 1585 prae
349 1543 514 1577 manibus
549 1542 718 1577 habuisse
746 1543 888 1577 videtur
924 1543 1064 1577 litteras
1090 1554 1230 1576 annuas
1255 1542 1397 1586 collegii
1425 1543 1650 1582 coloniensis,
1678 1542 1825 1577 Colonia

48 1596 105 1631 31.
124 1596 333 1631 Decembris
354 1597 444 1631 1579
471 1597 586 1637 datas,
614 1598 647 1630 in
667 1597 797 1640 quibus
823 1596 912 1631 haec
931 1600 1144 1630 narrantur:
1176 1596 1409 1637 „Executioni
1429 1596 1638 1630 mandatum
1657 1596 1703 1637 id,
1732 1595 1823 1640 quod

48 1650 192 1694 saepius
218 1649 420 1694 iterumque
446 1650 582 1684 frustra
608 1653 786 1684 tentatum
815 1653 902 1690 erat,
931 1654 970 1684 ut
996 1650 1031 1684 in
1058 1649 1295 1684 illustrissimi
1315 1650 1416 1683 ducis
1436 1649 1555 1683 Juliae
1581 1649 1705 1684 schola
1731 1649 1824 1694 prin—

0 1742 1 1750 *
48 1703 154 1748 cipali
176 1703 493 1748 Duisseldorpiana
519 1703 750 1738 catechistica
776 1703 954 1738 institutio
981 1703 1137 1737 doctoris
1157 1703 1292 1737 Canisii
1318 1703 1385 1737 sub
1406 1703 1489 1748 imp.
1511 1703 1652 1737 maiest.
1671 1703 1826 1742 nomine,

0 1759 1 1762 ’
49 1757 207 1801 explosis
227 1756 423 1791 Monhemii
443 1757 486 1791 ‹le
512 1757 619 1791 rebus
645 1756 728 1791 fidei
754 1756 987 1791 tumultuosis
1014 1756 1295 1800 quaestionibus,
1322 1756 1505 1790 iuventuti
1532 1755 1821 1801 praelegeretur*

50 1809 225 1854 (Hansen,
253 1810 373 1844 Akten
400 1810 617 1851 735—736).

168 1868 382 1903 Guilielmus
408 1869 531 1910 Iuliae,
568 1869 716 1910 Cliviae,
743 1869 918 1903 Montium
947 1869 1030 1910 dux,
1058 1880 1136 1903 cum
1166 1881 1228 1913 per
1253 1867 1387 1902 multos
1414 1879 1528 1902 annos
1555 1868 1590 1902 in
1617 1868 1829 1902 vastissima

48 1922 110 1956 illa
136 1925 232 1957 terra
258 1922 407 1967 imperio
433 1935 498 1957 suo
524 1923 687 1957 subiecta
713 1923 1047 1967 protestantismum
1068 1922 1189 1966 aliqua
1207 1922 1345 1956 ratione
1370 1921 1573 1963 tolerasset,
1592 1922 1699 1955 immo
1717 1922 1827 1955 etiam

49 1978 86 2010 et
111 1976 209 2010 vitae
243 1987 330 2010 suae
366 1976 530 2021 exemplo
566 1979 602 2010 et
636 1976 817 2010 mandatis
850 1976 1064 2019 legibusque
1090 1975 1304 2019 quibusdam
1332 1986 1444 2019 paene
1472 1974 1636 2014 fovisset,
1671 1975 1827 2016 tandem,

48 2031 186 2063 mutato
213 2029 389 2074 paulatim
425 2029 583 2069 consilio,
620 2034 656 2063 et
682 2030 758 2074 ipse
794 2030 837 2063 ad
865 2029 1078 2063 catholicam
1106 2030 1278 2074 pietatem
1313 2029 1421 2062 rediit
1446 2031 1483 2062 et
1508 2040 1592 2062 suos
1617 2028 1654 2062 in
1681 2040 1722 2062 ea
1749 2040 1827 2062 con-

48 2094 196 2117 servare
222 2085 268 2124 et,
296 2083 355 2117 ubi
383 2095 472 2128 opus
499 2087 606 2120 05501,
633 2084 677 2117 ad
698 2095 774 2117 eam
804 2083 973 2117 reducere
992 2083 1085 2116 serio
1103 2083 1243 2116 studuit
1271 2082 1332 2122 (cf.
1355 2083 1443 2116 Can.
1462 2081 1495 2116 V
1517 2082 1582 2117 170
1609 2082 1828 2125 672—677).

49 2137 102 2170 Ac
136 2147 217 2171 cum
253 2147 376 2170 mense
414 2136 527 2182 Aprili
566 2137 657 2170 1579
694 2136 822 2170 delecti
862 2137 1005 2180 quidam
1044 2148 1088 2170 ex
1124 2136 1236 2170 Iuliae
1274 2135 1523 2179 Montiumque
1561 2135 1669 2169 terris
1703 2135 1772 2168 viri
1809 2147 1830 2169 a

50 2189 242 2224 Guilielmo
281 2190 606 2233 „Zuruckstellung
642 2190 705 2224 des
742 2189 960 2224 Catechismi
999 2189 1153 2224 Canisii⁴¹
1192 2190 1388 2234 petissent,
1427 2188 1486 2222 hic
1521 2191 1645 2222 contra
1681 2189 1713 2223 8.
1742 2188 1829 2222 Maii

53 2243 142 2278 1579
161 2243 360 2285 constituit,
379 2247 420 2277 ut
438 2245 472 2277 in
492 2246 674 2288 posterum
695 2255 836 2287 quoque
854 2243 885 2277 is
904 2243 993 2277 liber
1011 2243 1271 2287 explicaretur;
1300 2242 1426 2275 deinde
1444 2241 1623 2275 nobilitati
1642 2241 1829 2276 iuliacensi

49 2297 86 2330 in
112 2297 266 2332 comitiis
302 2297 678 2342 dusseldorpiensibus
706 2299 760 2331 14.
778 2296 994 2331 Novembris
1025 2297 1113 2330 1579
1141 2296 1234 2330 idem
1271 2296 1406 2340 petenti
1433 2295 1506 2328 dux
1535 2295 1590 2329 16.
1615 2295 1832 2329 Novembris

49 2350 244 2394 respondit,
271 2354 369 2384 stare
395 2362 434 2384 se
461 2350 570 2384 iussis
596 2350 691 2390 suis;
728 2349 950 2394 replicarunt
976 2350 1007 2383 ei
1037 2349 1090 2383 17.
1119 2348 1335 2383 Novembris
1362 2348 1505 2382 ordines
1533 2348 1828 2391 („landstende“)

49 2403 284 2438 iuliacenses:
325 2404 467 2446 „Bitten
503 2403 663 2437 abermal
698 2402 923 2437 schliesslich
960 2402 1032 2436 und
1060 2402 1236 2445 einmutig
1271 2402 1327 2435 die
1363 2401 1578 2445 sementlige
1612 2400 1830 2441 lantstende,

53 2483 60 2491 .
79 2483 86 2491 .
107 2484 114 2490 .
142 2457 206 2491 das
233 2457 295 2491 der
321 2457 555 2500 verdechtige
583 2455 825 2491 catechismus
845 2456 978 2490 Canisii
1008 2456 1040 2489 in
1069 2456 1131 2489 der
1149 2455 1295 2489 scholen
1323 2454 1536 2498 abgeschaft
1554 2454 1624 2488 und
1645 2455 1701 2488 ein
1721 2454 1831 2488 ander

51 2509 236 2551 bewerter,
271 2522 311 2545 so
338 2510 571 2551 onverdacht,
606 2510 641 2543 in
669 2510 732 2544 der
757 2510 906 2544 schulen
934 2510 996 2543 der
1028 2509 1157 2553 jugent
1193 2508 1323 2542 tradirt
1349 2508 1419 2541 und
1446 2507 1659 2551 vorgelesen
1688 2507 1831 2541 werden

50 2575 167 2606 muge,
204 2563 271 2597 wie
307 2564 498 2607 derwegen
524 2562 616 2597 auch
644 2574 686 2597 zu
713 2575 789 2596 mer
814 2562 932 2596 malen
969 2562 1138 2596 hiebevor
1174 2562 1371 2606 gepeten“;
1407 2561 1530 2595 eadem
1557 2560 1684 2594 iisdem
1710 2560 1832 2594 verbis

53 2615 107 2651 18.
123 2616 336 2652 Novembris
351 2617 493 2651 ordines
508 2636 552 2640 —
568 2616 705 2650 nobiles
724 2616 802 2650 dico
822 2618 856 2650 et
875 2616 982 2649 urbes
997 2635 1041 2639 —
1056 2618 1262 2649 montenses
1280 2614 1472 2659 petierunt.
1508 2613 1553 2647 Et
1572 2613 1832 2648 Iuliacensibus

52 2670 195 2714 quidem
224 2670 325 2704 ducis
352 2670 558 2709 consiliarii,
595 2681 674 2703 cum
703 2671 780 2714 ipse
807 2669 880 2703 dux
906 2681 974 2703 non
1003 2669 1157 2707 adesset,
1193 2669 1445 2712 promiserunt,
1477 2679 1515 2701 se
1542 2667 1585 2701 de
1612 2667 1832 2701 catechismo

52 2723 96 2757 ad
115 2723 311 2767 principem
331 2723 508 2757 relaturos
528 2734 628 2762 esse;
657 2734 772 2766 neque
791 2726 911 2756 tamen
931 2723 1123 2766 quicquam
1143 2721 1226 2755 novi
1245 2721 1289 2755 ab
1308 2720 1375 2755 hoc
1392 2724 1569 2755 statutum
1590 2732 1670 2755 esse
1688 2721 1834 2754 videtur

54 2775 368 2820 (Landtagsakten
402 2788 471 2810 von
509 2776 744 2819 Julich-Berg
783 2775 1028 2810 1400—1610.
1080 2775 1306 2817 Herausgeg.
1335 2786 1368 2808 ν.
1403 2776 1519 2817 Geni-9
1553 2786 1616 2807 von
1643 2775 1760 2808 Belou*
1788 2774 1831 2815 II,

52 2827 267 2864 Dfisseldorf
292 2830 394 2869 1907,
421 2829 606 2863 320—321
636 2829 824 2864 346—347
854 2829 923 2863 354
949 2829 1014 2864 361
1045 2828 1113 2863 362
1141 2828 1240 2870 366).

172 2888 531 2934 Dusseldorpiensem
566 2888 659 2922 hanc
685 2887 896 2922 catechismi
931 2887 1104 2922 canisiani
1131 2887 1322 2921 editionem
1358 2898 1475 2931 neque
1500 2887 1578 2931 ipse
1605 2886 1679 2920 vidi
1716 2897 1833 2930 neque

54 2941 98 2976 ab
128 2941 208 2976 aliis
235 2945 549 2976 commemoratam
577 2941 730 2986 repperi.
784 2942 822 2975 ln
849 2953 920 2985 qua
947 2940 1081 2975 Canisii
1107 2951 1235 2973 nomen
1262 2939 1332 2973 odii
1358 2939 1497 2974 vitandi
1524 2950 1634 2974 causa
1659 2940 1832 2973 omissum

55 3005 134 3028 esse
161 2995 304 3029 omnina
331 3006 468 3035 censeo,
497 2995 643 3039 perinde
669 2997 778 3039 atque
805 2995 839 3028 in
867 2994 1084 3028 editionibus
1110 2993 1454 3027 monasteriensibus
1480 3004 1654 3027 annorum
1680 2992 1769 3027 1563
1797 2994 1834 3026 et

57 3047 147 3082 1573
174 3048 344 3082 omissum
372 3050 427 3082 est
457 3049 507 3091 (v.
526 3059 635 3092 supra
661 3060 693 3092 p.
713 3048 811 3091 646).
854 3047 980 3091 Neque
1007 3047 1162 3080 dubitari
1189 3048 1318 3091 potest,
1344 3045 1429 3089 quin
1460 3045 1622 3088 „Parvus
1649 3044 1831 3080 Catechis-

55 3111 135 3134 mus
162 3100 464 3141 Catholicorum‘,
492 3111 716 3145 quocumque
743 3100 888 3135 tandem
916 3111 996 3134 cum
1022 3099 1175 3139 nomine,
1202 3098 1320 3132 editus
1346 3098 1404 3132 sit.
