2051 3433
203 155 257 196 82
463 150 564 186 1810.
593 149 758 185 Oanisius
784 149 938 184 Ernesto
964 149 1052 183 Bav.
1073 147 1198 193 princ„
1225 148 1333 193 episc.
1355 147 1495 192 frising.
1517 148 1716 183 administr.

201 269 467 320 mendatum,
502 267 577 310 sed
610 270 654 310 et
686 266 934 310 CONOILII
957 266 1305 309 TRIDENTINI
1337 266 1672 318 THEOLOGIS,
1708 280 1814 320 quos
1845 280 1973 322 prae·
2040 259 2041 264 ¹

202 334 495 378 stantissimos
526 333 661 375 fuisse
694 335 880 382 constat,
914 345 1143 374 DocronvM
1176 331 1332 374 iudicio
1365 335 1695 375 annumeratum
1710 332 1737 374 ¹.

322 398 530 449 Quocirca
553 398 815 440 GERVINO
835 397 1086 440 CALENIO
1111 396 1204 439 viro
1227 396 1535 439 humanissimo
1558 399 1603 440 et
1625 397 1677 439 de
1699 397 1973 440 ECOLESIA

201 465 426 519 praeclare
457 463 642 506 merito2
674 463 832 506 author
864 462 937 514 fui,
980 465 1030 505 vt
1062 462 1425 505 THEOLOGVM
1456 462 1581 512 hunc,
1625 476 1751 516 quem
1786 462 1887 514 dixi,
1929 461 1973 504 in

202 526 330 572 Italia
352 529 535 584 primum
559 542 585 570 a
607 527 911 582 Typographis
933 528 1046 570 male
1068 530 1307 570 tractatum
1321 528 1351 578 3,
1383 530 1427 570 et
1449 527 1655 570 studiosis
1676 530 1824 570 tamen
1846 527 1976 570 valde

203 594 485 645 commodum,
529 607 641 635 nunc
679 593 862 647 primum
898 592 1133 635 GERMANIS
1174 593 1216 634 in
1261 593 1505 635 GERMANIA
1547 592 1771 646 eleganter
1811 592 1974 642 ederet,

203 662 334 712 atque
367 658 553 702 fideliter
585 658 832 700 Eccmzsmn
865 657 1217 701 communicaret.

321 724 414 774 Qua
446 723 617 778 quidem
649 722 692 764 in
724 737 772 765 re
805 736 899 765 cum
933 737 1009 777 spe
1041 726 1194 766 nostra
1226 722 1411 778 amplius
1444 722 1727 777 aduigilatum
1762 722 1831 774 sit,
1870 722 1976 765 reti—

203 803 300 832 cere
323 790 376 831 de
393 788 728 832 Bartholomaeo
743 788 992 830 Laurente4
1014 801 1094 830 nec
1111 802 1299 842 possum,
1322 801 1402 830 nec
1420 787 1568 838 debeo,
1592 788 1793 842 ingentes
1810 787 1978 841 gratias

202 855 264 897 illi
296 854 489 897 studioso
522 853 626 905 seni,
662 856 706 896 et
738 853 800 895 rei
833 853 1194 908 Typographicae
1227 853 1340 907 apud
1373 854 1610 896 CALENIVM
1641 852 1978 907 vigilantissimo
2038 855 2039 890 l

202 920 486 974 procuratori,
521 933 547 961 a
578 919 776 961 LECTORE
820 919 979 970 deberi,
1023 919 1136 973 quod
1177 919 1219 960 in
1255 919 1404 961 OPERE
1446 919 1528 961 hoc
1560 919 1747 960 VEGANO
1782 920 1901 961 recte
1934 921 1980 960 et

205 985 420 1039 castigate
460 984 704 1027 recudendo
745 985 864 1037 (nam
907 984 1280 1039 corruptissimum
1313 985 1551 1038 Exemplar
1589 984 1668 1026 sibi
1706 983 1977 1038 propositum
2038 1026 2039 1029 ,

203 1050 373 1104 habuit)
395 1050 626 1105 plurimum
654 1049 885 1092 laborauit.
921 1050 982 1092 Vt
1005 1049 1117 1092 enim
1142 1064 1226 1092 non
1250 1049 1422 1103 vulgari
1449 1049 1732 1092 intestatione
1749 1047 1838 1104 [?]²
1860 1048 1978 1101 digni

204 1121 317 1167 sunt,
337 1130 517 1169 quorum
537 1115 782 1166 oscitantia,
802 1129 1109 1169 nonnunquam
1135 1117 1180 1157 et
1196 1115 1402 1168 nequitia,
1421 1115 1628 1157 bonorum
1645 1114 1978 1156 AVTHORVM

203 1182 368 1234 scripta
408 1181 565 1222 misere
603 1180 912 1234 demanantur,
956 1183 1032 1223 aut
1070 1181 1270 1233 neglecte
1309 1180 1537 1222 admodum
1579 1180 1874 1222 excuduntur:
1917 1179 1981 1222 sic

204 1246 406 1288 eximiam
450 1248 494 1287 et
534 1245 748 1299 publicam
790 1245 1158 1299 praedicationem
1200 1245 1262 1287 illi
1305 1249 1629 1299 promerentur,
1665 1245 1736 1298 qui
1778 1245 1981 1299 egregios

205 1311 386 1354 aliorum
418 1311 590 1353 labores
632 1311 745 1352 bona
786 1310 871 1352 fide
912 1310 956 1352 in
987 1310 1205 1365 publicum
1239 1311 1436 1362 efferunt,
1481 1325 1532 1353 ac
1564 1311 1792 1353 emendate
1826 1313 1983 1353 curant

204 1376 372 1428 excudi,
407 1375 662 1430 praesertim
696 1375 739 1417 in
771 1375 837 1430 ijs,
873 1389 983 1429 quae
1015 1376 1069 1418 ad
1103 1378 1281 1419 sanctae
1304 1375 1423 1418 Fidei
1457 1379 1501 1419 et
1532 1376 1770 1430 Religionis
1803 1377 1982 1418 nostrae

203 1441 448 1496 profectum
482 1440 659 1484 faciunt.

323 1507 489 1549 NIHIL
531 1506 599 1548 hic
641 1506 779 1548 dicam
821 1506 874 1548 de
907 1506 1116 1548 CONOILIO
1151 1506 1441 1559 TRIDENTJNO,
1485 1506 1528 1548 in
1570 1506 1689 1549 cuius
1723 1506 1866 1549 verbis
1903 1519 1978 1548 ex-

206 1572 437 1627 planandis
460 1572 586 1626 Vega
618 1571 812 1614 studiose
835 1575 1061 1615 versatur:
1096 1573 1295 1626 quodque
1317 1572 1401 1615 rite
1424 1572 1646 1624 indictum,
1681 1574 1725 1614 et
1746 1572 1980 1615 multarum

205 1638 443 1680 Nationum
477 1638 711 1679 Episcopis
744 1651 794 1679 ac
828 1637 1082 1679 THEOLoeis
1115 1638 1331 1691 exquisite
1364 1638 1502 1680 doctis
1534 1637 1807 1688 instructum,
1842 1651 1982 1691 neque

204 1703 354 1758 paucis
387 1703 557 1757 quidem
593 1703 716 1745 annis
750 1703 1030 1754 celebratum,
1074 1717 1124 1746 ac
1158 1704 1327 1745 demum
1362 1717 1416 1745 ex
1449 1704 1695 1745 ECCLESIAE
1728 1717 1847 1745 more
1879 1717 1979 1745 con-

204 1771 423 1812 firmatum
439 1769 466 1819 5,
511 1782 595 1810 non
636 1770 784 1822 potest
823 1782 908 1810 non
949 1768 1190 1822 legitimum
1234 1772 1279 1810 et
1321 1768 1644 1811 OECVMENICVM
1683 1783 1790 1810 csse.
1860 1768 1981 1810 Hanc
2034 1772 2035 1826 l

205 1834 474 1888 praeclaram
508 1833 806 1885 SYNODVM,
843 1847 954 1887 quae
987 1847 1063 1876 suo
1098 1834 1284 1887 quodam
1316 1834 1409 1876 iure
1443 1848 1537 1876 cum
1559 1834 1792 1877 Veteribus
1825 1835 1980 1883 certat,
2034 1829 2035 1836 ¹

206 1900 452 1942 CATHOLICI
485 1899 656 1952 quidem
690 1913 838 1941 omnes
872 1899 1095 1954 excipiunt
1126 1901 1391 1950 reuerenter,
1427 1902 1471 1942 et
1503 1900 1624 1942 velut
1647 1899 1850 1941 eximium
1879 1898 1980 1940 DEI
2032 1917 2035 1955 q

205 1964 457 2007 beneficium
486 1964 800 2007 ECCLESIAE
834 1965 1056 2015 collatum,
1081 1978 1345 2019 magnopere
1371 1965 1570 2019 probant.
1617 1965 1844 2007 Caeterum
1869 1977 1983 2018 quae
2026 1979 2039 2018 *3

206 2031 412 2073 SYNODVs
446 2030 597 2072 eadem
630 2029 682 2072 de
705 2030 1066 2072 IvsririeATloNE
1098 2030 1291 2082 tradidit,
1327 2030 1439 2072 tanti
1471 2031 1579 2072 fiunt
1605 2045 1630 2072 a
1664 2031 1981 2086 Smnnxrmvs,
2022 2072 2027 2087 ¹

206 2099 254 2138 vt
287 2095 352 2137 his
391 2095 463 2148 qui
496 2095 624 2138 aliter
656 2095 849 2138 sentiunt
882 2109 933 2138 ac
966 2095 1136 2147 docent,
1170 2098 1427 2150 perpetuum
1461 2095 1650 2138 dicant
1678 2095 1966 2138 ANATHEMA⁶

205 2161 300 2203 Nec
330 2160 516 2212 dubium,
560 2160 659 2214 quin
694 2163 823 2214 grata
857 2161 988 2203 etiam
1031 2163 1242 2215 agnoscet
1274 2160 1529 2211 Posteritas,
1569 2161 1680 2202 lianc
1714 2160 1979 2214 singularem
2028 2210 2031 2226 Ι

207 2229 251 2268 et
283 2226 521 2268 salutarem
556 2226 778 2268 doctrinae
811 2226 964 2277 lucem,
1009 2240 1136 2280 quam
1179 2226 1299 2280 aegri
1333 2226 1680 2268 aduersariorum
1723 2225 1834 2268 oculi
1865 2225 1982 2268 ferre

207 2305 291 2333 non
324 2294 518 2346 possunt,
562 2291 706 2333 Verbo
739 2292 840 2333 DEI
873 2294 918 2334 et
957 2292 1185 2334 consensui
1217 2291 1531 2334 ECCLESIAE
1571 2292 1760 2334 maxime
1800 2305 1982 2333 consen-

191 2359 381 2399 'taneam
417 2370 525 2407 esse,
560 2356 673 2398 sicut
705 2359 750 2399 et
781 2356 942 2399 VEGA
975 2357 1316 2400 luculentissime
1347 2357 1517 2411 probat.
2022 2401 2029 2417 ,ὲ

326 2421 437 2463 Illud
481 2421 644 2472 dicam,
689 2422 918 2476 permagni
962 2435 1067 2464 sane
1110 2422 1288 2473 referre,
1331 2425 1381 2465 vt
1422 2422 1476 2464 ad
1521 2435 1695 2464 manum
1743 2421 1982 2463 habeamus

208 2487 476 2540 quorundam
526 2487 778 2530 testimonia
829 2487 1014 2542 scripta,
1069 2487 1140 2541 qui
1183 2488 1304 2530 velut
1352 2488 1512 2530 oculati
1563 2490 1700 2529 testes
1751 2500 1981 2528 Acrionvn
2026 2530 2028 2538 s

208 2552 312 2595 dicti
354 2552 579 2603 CONOILII,
623 2566 768 2594 coram
813 2553 1016 2604 adfuere,
1051 2556 1101 2596 vt
1142 2553 1293 2595 horum
1336 2553 1466 2596 etiam
1509 2552 1728 2595 sententia
1760 2554 1805 2594 et
1844 2551 1978 2594 inter-

207 2617 455 2672 pretatione
487 2618 611 2660 nobis
645 2621 689 2660 et
721 2618 910 2672 posteris
944 2618 1231 2672 explicatiora
1264 2618 1515 2669 reddantur,
1556 2631 1667 2671 quae
1698 2620 1800 2659 sunt
1830 2617 1873 2659 in
1906 2630 1980 2659 ea·
2029 2648 2034 2656 .

209 2683 303 2724 dem
339 2682 515 2725 SYNoDo
550 2682 789 2725 constituta
805 2683 834 2726 7.
900 2683 1050 2736 quue
1083 2683 1254 2726 charior
1291 2683 1334 2725 in
1368 2683 1449 2725 hoc
1483 2682 1631 2725 OPERE
1664 2682 1787 2724 nobis
1821 2681 1978 2724 VEGA
2041 2684 2043 2690 ’

329 2763 358 2796 a)
380 2764 426 2788 Cot
420 2763 520 2795 ›riyen
514 2763 563 2787 ιιιῖι
646 2771 675 2788 se
698 2771 721 2788 ιι
715 2764 792 2788 idern
797 2762 1034 2789 ›1·infestati01e
1054 2765 1098 2789 ie?
1119 2762 1333 2789 detestatione.
2027 2761 2030 2780 ¹

220 2820 271 2822 Η
326 2820 377 2862 ⁷¹7
368 2819 459 2874 Vide
482 2819 613 2885 supra
623 2853 655 2885 p.
675 2841 730 2875 61.
879 2841 892 2862 ²
918 2841 1008 2876 Vide
1039 2842 1126 2876 Can.
1147 2841 1195 2875 VI
1225 2841 1278 2875 72.
1427 2840 1556 2874 3Vide
1582 2850 1691 2884 supra
1717 2840 1831 2884 p.61.
2026 2783 2030 2876 1

330 2895 342 2914 ⁴
368 2894 421 2928 De
449 2893 724 2928 Baiiholomaeo
751 2894 912 2929 Laurens
938 2895 1163 2938 noviomago,
1201 2895 1259 2939 qui
1288 2893 1397 2938 vulgo
1424 2894 1511 2928 Poin
1540 2893 1734 2935 dicebatur,
1765 2905 1799 2927 v.
1822 2894 1908 2927 Can.
1929 2891 1979 2926 VI
2025 2873 2039 2931 ll

210 2948 323 2982 688—
335 2948 413 2982 689.
561 2948 573 2967 ⁵
602 2947 631 2981 A
659 2947 723 2981 1³10
751 2947 819 2988 1V;
848 2960 882 2982 v.
905 2949 994 2983 ean
1014 2948 1063 2982 iv
1089 2923 1289 2982 474⁷—475
2026 2934 2037 2958 ³

331 3002 344 3021 ⁶
373 3001 388 3035 1
419 3000 486 3034 Cor
516 3000 568 3042 12,
596 3000 634 3041 3;
664 3000 749 3035 cf.l
779 3001 860 3036 Cor.
882 3002 936 3042 16,
964 3001 1028 3041 22;
1057 3000 1125 3035 Gal
1154 3002 1183 3043 l,
1211 3001 1231 3034 S
1258 3001 1290 3035 9.

331 3055 342 3074 7
369 3053 446 3088 Hac
472 3054 551 3098 ipsa
577 3053 619 3088 de
646 3065 755 3088 causa
775 3053 937 3088 Societas
957 3054 1193 3089 Goerresiana
1215 3051 1639 3098 (Gorres-Gesellschaft)
1659 3052 1694 3085 in
1712 3051 1827 3086 lucem
1847 3050 1982 3085 emittit
2025 3077 2028 3098 ι

210 3107 345 3148 grande
380 3107 466 3140 illud
503 3107 830 3152 gravissimumque
867 3119 957 3152 opus
992 3107 1209 3150 ,Concilium
1237 3106 1494 3141 Tridentinum.
1546 3105 1759 3147 Diariorum,
1795 3105 1980 3139 Actorum,
2025 3099 2027 3110 1

212 3159 467 3203 Epistularum,
495 3160 728 3194 'I‘ractatuum
756 3172 849 3195 nova
877 3160 1074 3195 collectio“.
