2051 3433
199 161 283 201 476
701 157 804 193 2027.
834 157 999 192 Canisius
1026 157 1209 191 Everardo
1235 157 1471 192 Mercuriano.

198 289 248 317 ac
289 276 561 318 moderatum
604 275 849 329 praeberet,
892 278 1039 318 tamen
1085 290 1177 316 rem
1220 289 1390 317 omnem
1437 290 1533 318 cum
1578 291 1657 318 sua
1700 280 1883 331 parente
1927 281 1970 320 et

197 343 363 382 uxore1
404 341 725 383 deliberandam
767 341 972 395 suscepit,
1016 344 1060 382 et
1103 340 1318 381 communi
1363 341 1552 383 omnium
1591 342 1763 384 nomine
1794 343 1968 385 tandem

196 406 258 448 ita
291 406 535 460 respondit:
575 419 622 447 se
664 399 748 447 non
791 420 944 460 parum
986 405 1148 455 mirari,
1196 419 1246 447 ac
1293 406 1424 448 etiam
1470 407 1656 460 probare
1699 422 1784 449 non
1829 421 1969 462 posse,

197 472 331 524 quoda
364 472 500 512 bonus
543 473 587 512 et
619 474 772 522 gratus
805 471 911 525 ipsis
944 471 1257 521 Confessam-ius,
1299 474 1390 512 tam
1424 472 1566 514 subito
1599 472 1642 514 in
1675 473 1837 514 Vrbem
1870 487 1971 514 euo-

196 539 381 578 caretur.
446 536 559 577 Hinc
592 536 768 578 Patrem
811 537 1006 587 eundem,
1049 537 1169 578 uelut
1212 536 1263 577 de
1306 550 1354 577 re
1394 537 1699 590 prouintiaque
1742 552 1821 579 sua
1858 537 1971 579 male

195 601 514 651 administrata,
548 604 800 655 suspectum
824 602 957 652 reddi,
983 602 1055 654 qui
1076 604 1248 643 tantum
1272 602 1522 645 seueritatis
1545 617 1628 644 non
1652 602 1970 644 commeruerit.

194 666 255 707 At
287 666 322 707 si
354 665 503 719 grauis
547 665 692 718 aliqua
734 667 862 720 culpa
905 667 1117 715 subesset,
1162 666 1272 707 hanc
1314 680 1360 707 se
1393 667 1541 708 audire
1581 682 1759 721 cupere:
1794 682 1904 721 quae
1936 668 1972 709 si

194 744 279 772 non
313 731 620 784 explicaretur,
654 745 701 772 se
724 731 1060 774 domesticorum
1090 732 1186 772 odio
1220 733 1264 772 et
1286 731 1499 773 inuidiaeb
1520 732 1825 786 imputaturos,
1859 732 1973 786 quod

194 795 495 837 immerentem
537 797 629 837 tam
671 796 777 838 dure
818 800 983 839 tractet
1016 797 1062 839 P.
1088 796 1325 839 Generalis.
1373 797 1455 838 Vbi
1488 798 1627 839 multa
1668 811 1748 851 ego
1789 801 1882 840 tum
1917 797 1972 839 ad

194 860 242 904 P.
267 861 316 903 T.
340 860 504 903 factum
530 861 862 912 defendendum,
885 864 977 904 tum
1001 862 1056 904 ad
1079 864 1219 904 tetras
1242 862 1508 916 suspiciones
1533 863 1695 905 nostris
1717 863 1973 916 abstergen-

195 925 272 967 das
305 926 503 980 produxi,
548 940 627 968 nec
668 927 807 968 solum
851 927 1047 970 oratione
1089 941 1247 978 coram,
1291 928 1367 969 sed
1408 927 1570 981 scripto
1613 928 1745 970 etiam
1789 928 1970 977 ostendi,

193 991 378 1033 multum
421 991 465 1032 in
507 1005 557 1033 eo
600 1005 696 1033 esse
728 992 949 1043 momenti,
982 995 1032 1034 ut
1064 992 1111 1035 P.
1135 992 1182 1034 T.
1217 993 1346 1046 plena
1388 996 1611 1036 constaret
1653 993 1896 1036 authoritas
1928 993 1971 1034 in

193 1055 282 1098 suis
315 1056 499 1099 subditis
532 1057 647 1099 ultro
672 1057 866 1110 citroque
899 1057 1136 1108 mittendis,
1169 1057 1211 1099 id
1246 1058 1358 1111 quod
1391 1058 1581 1101 instituti
1614 1059 1752 1101 nostri
1783 1059 1841 1102 sit
1871 1073 1971 1113 pro-

192 1121 348 1175 prium,
382 1122 596 1175 ualdeque
619 1123 831 1164 hactenus
859 1123 1083 1173 usitatum,
1118 1123 1288 1165 etiamsi
1322 1124 1448 1177 culpa
1480 1125 1600 1166 nulla
1622 1125 1834 1167 subesset.
1888 1124 1972 1166 Sed

192 1186 297 1228 uicit
339 1188 554 1229 rationem
597 1188 780 1230 affectus
822 1188 1068 1242 Principum
1108 1188 1376 1239 immodicus,
1418 1191 1466 1231 ut
1510 1203 1590 1242 ego
1633 1189 1776 1231 surdis
1817 1203 1972 1231 canere

192 1251 377 1303 uiderer,
420 1255 464 1294 et
504 1253 566 1294 illi
609 1267 731 1295 suam
772 1254 1035 1296 sententiam
1070 1254 1353 1296 defenderent
1395 1255 1625 1298 mordicus.
1688 1255 1754 1297 Ea
1785 1254 1881 1306 fuit,
1925 1269 1973 1296 se

192 1318 310 1359 nolle
343 1318 515 1371 quidem
549 1319 596 1361 P.
615 1319 663 1362 Τ.
698 1319 1003 1372 gubernationi
1038 1321 1083 1362 et
1114 1319 1303 1373 receptis
1335 1319 1379 1360 in
1402 1320 1613 1362 societate
1645 1320 1814 1372 legibus
1846 1333 1971 1374 prae-

191 1382 383 1425 iudicare
416 1386 460 1425 et
483 1383 569 1424 uim
593 1383 780 1434 adferre,
814 1385 890 1425 sed
913 1385 1075 1426 multas
1097 1387 1142 1427 et
1164 1398 1323 1438 graues
1346 1387 1500 1427 extare
1523 1399 1678 1427 causas
1701 1385 1755 1428 ad
1778 1387 1971 1427 ueterem

191 1447 515 1490 Confessarium
550 1448 631 1490 sibi.
663 1449 950 1500 retinendum,
986 1463 1113 1503 quem
1147 1463 1242 1491 cum
1276 1449 1394 1491 nullo
1427 1450 1512 1492 alio
1546 1450 1678 1492 etiam
1703 1450 1894 1492 doctiore
1927 1453 1973 1493 et

195 1513 365 1567 aptiore
414 1516 682 1556 commutare
729 1515 916 1556 uellent:
962 1529 1009 1556 se
1056 1516 1162 1556 bene
1205 1528 1382 1569 sperare
1427 1515 1479 1556 de
1524 1515 1795 1570 superiorum
1840 1516 1971 1557 bene-

190 1578 409 1629 uolentia,
453 1578 526 1632 qui
567 1579 679 1621 hanc
720 1579 826 1633 ipsis
867 1580 1056 1632 gratiam
1102 1595 1187 1622 non
1233 1582 1380 1622 essent
1425 1580 1696 1634 denegaturi,
1743 1594 1875 1633 seque
1916 1581 1970 1622 ad

191 1643 448 1686 Generalem
491 1644 633 1698 ipsum
671 1644 752 1686 hoc
794 1646 966 1687 nomine
999 1645 1278 1700 scripturos&
1325 1659 1376 1687 ac
1409 1646 1554 1697 etiam,
1594 1646 1631 1687 si
1663 1660 1770 1701 opus
1802 1646 1872 1697 sit,
1915 1646 1970 1688 ad

190 1708 318 1752 Pont.
352 1709 507 1753 MaX.3.
554 1710 663 1752 Tum
697 1724 723 1752 a
755 1724 824 1752 me
856 1711 1148 1765 postularunt,
1192 1714 1240 1753 ut
1277 1711 1446 1754 interea
1479 1711 1579 1753 dum
1613 1711 1855 1753 Romanum
1887 1711 1969 1765 ipsi

189 1788 444 1828 responsum
464 1778 715 1829 expectant,
735 1790 816 1829 ego
835 1776 1018 1818 eundem
1033 1776 1353 1818 Confessarium
1374 1776 1442 1818 hic
1460 1790 1639 1818 manere
1655 1776 1968 1831 permitterem,

192 1842 236 1882 et
259 1840 373 1893 quod
399 1840 481 1894 ipsi
504 1855 583 1895 per
604 1841 756 1883 literas
778 1845 993 1895 peterent,
1028 1856 1108 1896 ego
1133 1842 1265 1884 etiam
1289 1841 1450 1896 scripto
1475 1843 1774 1884 confirmarem
1787 1848 1812 1893 ⁰,
1845 1845 1969 1884 tuae-

191 1919 275 1957 que
310 1905 354 1948 P.
380 1907 722 1959 comprobarem.

309 1970 529 2023 Cogitanti
567 1986 671 2013 uero
713 1972 839 2023 mihi,
875 1986 1004 2025 quam
1038 1972 1211 2015 delicati
1246 1974 1290 2015 et
1322 1972 1504 2023 morosi,
1537 1986 1768 2026 rerumque
1798 1974 1970 2014 nostra-

188 2049 285 2077 rum
319 2050 472 2090 parum
506 2037 632 2090 aequi
666 2051 867 2079 censores
899 2037 942 2080 hi
980 2037 1068 2080 sint
1100 2037 1336 2092 Principes,
1380 2052 1561 2091 quorum
1594 2039 1846 2080 obfirmatos
1878 2037 1971 2079 ani-

189 2115 281 2142 mos
314 2101 519 2155 frangere
560 2102 706 2156 potius
749 2117 878 2156 quam
920 2117 1078 2146 sanare
1110 2103 1338 2158 possimus,
1384 2103 1419 2145 si
1464 2117 1594 2157 porro
1635 2103 1721 2144 illis
1763 2102 1970 2145 reluctari

188 2180 435 2220 pergamus,
470 2167 730 2221 praesertim
765 2182 896 2221 quum
928 2168 1043 2211 inter
1075 2169 1193 2223 ipsos
1226 2172 1269 2211 et
1297 2168 1617 2211 Confessarium
1651 2168 1803 2210 foedus
1837 2167 1969 2221 quod-

188 2232 287 2273 dam
323 2235 367 2274 et
399 2231 619 2274 uinculum
654 2233 959 2284 arctissimum,
1000 2234 1113 2287 quod
1146 2248 1225 2275 nos
1258 2234 1424 2276 frustra
1457 2234 1695 2276 dissoluere
1732 2247 1968 2287 speremus,

187 2296 460 2339 intercedere
502 2298 725 2348 uideatur,
772 2301 900 2341 tanta
944 2302 1012 2341 est
1056 2299 1258 2352 utrinque
1301 2299 1569 2349 coniunctio,
1616 2302 1660 2341 et
1692 2298 1971 2341 familiaritas

188 2362 316 2404 nimis
359 2363 430 2404 diu
470 2363 767 2414 corroborata,
807 2378 859 2406 ac
891 2378 1043 2405 rursus
1075 2365 1361 2419 perpendenti
1399 2365 1503 2406 mihi
1546 2364 1672 2406 huius
1705 2363 1967 2418 Confessarij

186 2428 279 2469 tum
311 2427 355 2469 in
387 2428 557 2482 spiritu,
592 2432 685 2471 tum
718 2429 760 2470 in
795 2443 976 2483 corpore
1010 2429 1294 2481 debilitatem,
1330 2430 1400 2483 qui
1429 2445 1455 2472 a
1478 2430 1676 2472 Romana
1698 2428 1968 2483 profectione

187 2492 295 2534 adeo
329 2507 375 2534 se
408 2493 597 2535 alienum
631 2494 838 2545 ostendit,
872 2494 977 2536 nihil
1009 2508 1115 2536 sane
1148 2495 1320 2537 uidetur
1343 2496 1595 2545 consultius,
1631 2508 1759 2554 quam
1782 2497 1831 2537 ut
1853 2494 1898 2537 P.
1919 2494 1966 2536 T.

187 2558 461 2600 uocationem
495 2562 540 2601 et
567 2559 880 2613 profectionem
913 2560 1026 2602 hanc
1059 2574 1215 2613 urgere
1249 2560 1447 2610 desistat,
1482 2565 1527 2603 et
1560 2560 1769 2614 optimum
1792 2559 1966 2601 Patrem

190 2622 451 2665 Nicolaum4
474 2625 560 2666 alio
582 2625 744 2676 mittat,
769 2624 842 2667 ubi
865 2626 910 2666 et
931 2625 1099 2678 gratior
1122 2627 1166 2667 et
1188 2625 1337 2668 utilior
1368 2626 1420 2667 in
1453 2625 1653 2667 domini
1676 2625 1843 2666 vinea
1875 2637 1970 2666 esse

185 2688 350 2741 possit‘1
383 2689 719 2742 operarius5.
766 2689 932 2731 Deinde
955 2690 1162 2732 maiorem
1185 2690 1229 2731 in
1251 2691 1424 2732 modum
1448 2704 1568 2744 rogo,
1602 2693 1651 2733 ut
1683 2690 1730 2733 P.
1746 2689 1794 2732 T.
1818 2689 1970 2732 literas

187 2766 315 2805 quam
358 2755 542 2807 primum
587 2755 660 2796 det
702 2755 757 2796 ad
790 2754 1034 2809 Principem
1076 2755 1188 2797 hunc
1222 2755 1526 2807 Guilhelmum,
1569 2755 1661 2797 siue
1702 2754 1788 2797 iam
1826 2754 1968 2796 isthuc

307 2846 335 2875 a)
356 2847 404 2871 Sic
424 2848 452 2871 (ζ’.
473 2848 601 2871 com-mit
622 2855 658 2871 ex
678 2847 729 2879 qui
751 2847 840 2872 fieret
860 2848 894 2872 ut
932 2867 939 2874 .
1008 2847 1038 2879 b)
1061 2845 1171 2872 iuidiae
1193 2851 1305 2879 autom.
1377 2847 1403 2879 c)
1426 2849 1450 2873 A
1475 2850 1503 2873 C.
1524 2851 1682 2873 correctum
1704 2856 1740 2872 ex
1760 2845 1969 2873 confimarent.

187 2885 217 2919 d)
239 2887 381 2918 Sequitur
400 2886 448 2913 his
471 2890 513 2913 rel
534 2888 590 2919 llic,
611 2890 702 2914 oblim.

311 2999 318 3017 ¹
347 2998 451 3032 Anna
478 2998 617 3033 Alberti
645 3000 689 3034 V.
709 3000 810 3035 ducis
837 3001 989 3044 coniuge
1017 3002 1052 3034 et
1078 2999 1218 3033 Renata
1246 2999 1477 3044 Lotharinga.

307 3050 319 3071 ²
346 3051 449 3086 Hanc
477 3052 661 3086 Guilielmi
689 3054 882 3098 epistulam
910 3054 992 3087 vide
1019 3053 1123 3094 infra,
1151 3064 1183 3096 p.
1203 3052 1284 3086 479.

308 3104 320 3124 ³
347 3104 561 3148 Gregorium
589 3105 685 3139 XIII.
833 3109 846 3128 ⁴
872 3107 1139 3150 Limburgium;
1168 3117 1202 3138 v.
1222 3117 1331 3150 supra
1358 3118 1390 3151 p.
1410 3107 1491 3140 457.

307 3157 319 3175 ⁵
346 3157 400 3191 Mt
426 3158 480 3199 20,
510 3159 618 3197 1—9;
648 3160 692 3193 cf.
714 3160 762 3195 Lc
790 3161 844 3202 10,
871 3161 911 3201 2;
940 3161 961 3194 2
987 3160 1065 3194 Tim
1093 3160 1125 3199 2,
1155 3158 1197 3193 15
1228 3161 1295 3193 etc.
