2062 3443
151 191 256 227 2039.
283 190 448 226 Canisius
474 191 656 226 Everardo
682 192 917 227 Mercuriano.
956 191 1177 227 Landishuto
1207 193 1456 238 (Monachi0·?)
1484 196 1570 240 Apr.
1599 195 1702 230 1579.
1736 199 1820 240 499

56 310 173 353 eius
220 309 479 364 spiritu¹‚
526 313 570 353 et
612 310 706 365 ipsa
747 324 825 352 nos
867 310 1098 363 diligenter
1144 310 1225 364 ipsi
1274 313 1583 356 commendet¹¹.
1658 314 1822 357 Romae

58 377 107 418 11
143 375 290 429 Martij
326 377 452 419 1579.

173 467 305 501 Eodem
321 467 377 501 (lie
392 469 647 501 ivm-eminuas
662 467 704 501 ad
723 468 906 502 Hoffaeum
924 467 1180 512 provincialem
1207 466 1377 503 *litteras
1406 470 1514 511 dedit,
1538 471 1572 504 in
1589 471 1718 515 quibus
1735 472 1822 506 llaec

53 533 132 555 eum
160 522 203 554 de
222 521 390 564 Mengino
417 524 450 554 et
471 520 613 555 Canisio
641 522 828 554 monebat:
860 521 962 562 „Vidi
989 532 1081 564 quae
1100 520 1315 556 Reuerentia
1344 523 1384 556 V.
1405 524 1531 557 scribit
1557 524 1600 558 de
1619 525 1822 569 Mengliino,

53 586 216 618 quaeque
243 575 413 619 ipsemet:
450 585 542 618 quae
576 586 640 608 nos
676 574 710 607 in
747 587 786 607 eo
823 574 1080 608 confirmarunt
1106 577 1145 608 ut
1180 587 1318 609 omnem
1347 588 1490 620 operam
1524 577 1690 612 daremus
1718 582 1757 613 ut
1793 581 1823 614 is

52 628 96 662 ab
123 628 206 661 aula
233 639 373 671 quoquo
399 628 502 661 modo
521 627 800 661 abstraheretur.
831 627 1000 661 Fortasse
1019 627 1086 661 hac
1104 630 1179 661 tota
1199 628 1483 672 Quadragesima
1502 641 1572 674 qua
1600 631 1638 665 1’.
1658 632 1824 667 Canisius

52 681 208 725 Principi
240 680 507 715 concionabitur
544 681 698 724 aliquem
736 681 778 714 ad
816 681 882 714 hoc
917 682 1032 725 ipsum
1070 680 1216 715 habebit
1250 682 1398 716 aditum.
1448 683 1581 727 Jtaque
1608 683 1823 720 Reuerentia

52 735 95 769 V.
120 746 198 768 eum
226 737 369 768 moneat
395 737 434 768 ut
461 735 579 767 omnia
606 738 786 768 momenta
813 735 989 772 obseruet,
1021 738 1057 767 et
1083 736 1144 778 qui
1171 735 1307 779 primus
1334 736 1476 770 dabitur
1502 737 1612 778 locus,
1639 740 1822 782 negotium

52 788 118 822 hoc
146 799 273 831 urgere.
300 799 368 821 non
396 788 558 821 desistat.
613 787 657 821 Et
684 788 825 831 quidem
855 800 924 831 quo
951 788 1010 821 ille
1037 788 1177 822 labetur
1204 790 1355 833 turpius,
1392 802 1432 823 eo
1459 791 1602 825 facilius
1629 793 1696 826 erit
1724 793 1823 827 Prin-

51 841 122 886 cipi
149 841 365 886 persuadere
391 852 507 884 neque
533 852 552 874 e
578 852 642 874 suo
662 840 804 878 honore,
832 852 898 875 nec
925 852 970 875 ex
997 841 1095 875 illius
1113 842 1231 876 salute
1250 854 1340 882 esse,
1367 846 1405 876 ut
1430 855 1509 877 eum
1537 844 1672 879 diutius
1690 846 1823 881 foueat.

51 896 183 939 Jtaque
210 894 426 928 Reuerentia
450 894 490 928 V.
510 906 584 927 rem
612 895 837 929 commendet
867 895 902 928 Ρ.
923 894 1077 935 Canisio,
1104 897 1145 928 ut
1172 895 1337 938 inuigilet
1363 897 1561 930 occasioni“
1594 898 1655 941 (ex
1674 911 1823 940 comm.;

52 948 207 983 Rh.1nf.
230 948 258 987 1,
288 948 320 981 ΙΙ
347 948 372 981 f.
393 948 484 989 28¹·).
536 947 650 988 Quam
679 947 826 981 difficile
862 948 928 981 hoc
955 948 1115 990 Mengini
1150 948 1213 989 „ab
1240 949 1322 982 aula
1349 949 1602 984 abstrahendi¹⁴
1641 953 1822 994 negotium

52 1001 195 1036 Canisio
222 1001 342 1039 fuerit,
370 1013 413 1034 ex
441 1001 603 1034 *litteris
627 1001 867 1043 cognoscitur,
895 1012 984 1044 quas
1007 1003 1229 1045 Guilielmns,
1257 1003 1410 1036 nondum
1430 1007 1578 1049 accepta
1605 1005 1761 1050 epistula
1780 1007 1823 1040 ad

51 1056 166 1100 ipsum
193 1056 225 1088 4.
246 1054 427 1088 Februarii
460 1055 549 1089 1579
577 1065 597 1087 a
624 1054 850 1088 Mercuriauo
877 1055 960 1088 data
980 1054 1105 1099 (supra
1125 1067 1146 1099 p
1177 1056 1276 1098 494),
1305 1056 1494 1090 Monachio
1521 1059 1553 1091 4.
1576 1058 1695 1092 Martii
1718 1058 1825 1101 1579,

51 1110 111 1153 qui
138 1111 216 1142 erat
241 1108 379 1152 primus
405 1107 713 1150 Quadi-agesimae
740 1108 827 1149 dies,
855 1109 898 1142 ad
927 1108 1077 1142 eundem
1097 1109 1359 1142 Mercurianum
1389 1110 1504 1149 dedit;
1533 1123 1621 1150 eam,
1650 1116 1823 1156 quantum

51 1173 140 1207 opus
167 1163 232 1201 est,
259 1173 350 1206 pono
377 1173 422 1195 ex
450 1161 646 1205 archetypo
667 1161 848 1195 Guilielmi
877 1173 984 1195 manu
1003 1161 1208 1206 subscripto
1227 1162 1333 1207 (Epp.
1354 1163 1436 1197 Ext.
1457 1165 1502 1198 28
1529 1165 1553 1198 f.
1576 1166 1822 1210 159¹·—160¹³).

55 1215 296 1257 „Doluimus'‘.
332 1214 450 1258 inquit
490 1215 673 1258 „equidem
710 1227 779 1248 non
816 1226 963 1260 parum,
999 1226 1080 1249 cum
1120 1215 1369 1258 intelligimus,
1410 1217 1552 1251 Patrem
1594 1218 1821 1254 Dominicum

50 1269 152 1303 cuius
179 1267 275 1313 fidelj
303 1279 421 1312 opera,
457 1268 490 1301 in
520 1267 563 1312 ijs
590 1268 706 1308 rebus,
735 1280 826 1312 quae
853 1269 983 1302 salutis
1017 1272 1162 1302 nostrae
1189 1280 1230 1302 ac
1257 1270 1452 1313 Uoniugis²
1478 1273 1571 1312 sunt,
1605 1272 1675 1306 iam
1703 1274 1824 1318 plures

50 1333 163 1357 annos
189 1322 342 1355 libenter
369 1321 523 1355 vtimur:
559 1321 604 1355 Et
630 1322 708 1355 eius
734 1323 959 1356 conuersatio
987 1322 1156 1365 religiosa
1183 1334 1225 1356 ac
1251 1323 1435 1368 inculpata
1462 1327 1528 1365 est,
1563 1329 1624 1359 tuo
1655 1328 1824 1361 mandato

23 1378 85 1410 'in
112 1375 245 1410 Vrbem
273 1375 427 1419 auocarj.
478 1374 570 1409 Illud
604 1375 721 1419 ipsum
749 1375 867 1416 etiam,
896 1374 1123 1409 serenissimi
1150 1375 1325 1409 Parentes
1351 1377 1463 1421 nostrj
1478 1378 1499 1417 ³,
1535 1379 1595 1422 qui
1623 1379 1666 1412 de
1694 1379 1825 1415 Vestra

49 1429 240 1469 Societate,
267 1429 356 1463 bene
382 1431 467 1462 sunt
492 1428 622 1473 meriti,
657 1429 874 1473 permoleste
901 1428 1072 1464 tulerunt.
1123 1428 1325 1473 sperabant
1351 1430 1538 1473 siquidem,
1577 1443 1679 1466 suam
1707 1433 1742 1467 in
1769 1446 1823 1468 so-

50 1484 218 1518 cietatem
245 1493 458 1527 propensam
488 1482 722 1519 voluntatem.
749 1483 896 1516 maioris
922 1494 942 1516 a
968 1485 1004 1516 te
1031 1482 1107 1516 fieri
1134 1483 1273 1516 debere.
1325 1483 1574 1525 Quamobrem,
1610 1487 1639 1519 si
1668 1486 1825 1522 Serenis-

50 1537 220 1571 simorum
252 1539 454 1569 nostrorum
476 1536 672 1570 Parentum
688 1536 933 1576 Voluntatem,
961 1538 1193 1580 nostramque
1217 1539 1337 1580 magni
1359 1537 1459 1578 facis,
1487 1538 1515 1572 si
1544 1539 1701 1574 studium
1721 1541 1824 1575 bene-

49 1590 316 1634 uolentiamque
359 1592 519 1623 nostram
558 1589 593 1623 in
632 1591 814 1634 posterum
851 1590 1005 1632 benigne
1041 1590 1197 1634 experiri
1236 1592 1336 1635 cupit
1371 1590 1550 1629 Societas,
1587 1593 1728 1628 curabit
1762 1598 1825 1629 tua

49 1644 178 1688 pietas,
205 1643 255 1677 Vt
281 1643 392 1677 Pater
419 1641 628 1677 Dominicus
654 1643 747 1687 apud
774 1654 839 1677 nos
865 1646 1070 1678 remaneat:
1097 1655 1167 1686 quo
1193 1643 1290 1677 illius
1309 1656 1426 1688 opera,
1454 1645 1489 1679 in
1516 1645 1561 1692 ijs
1587 1658 1679 1690 quae
1697 1647 1826 1683 salutis

50 1700 198 1732 nostrae
233 1698 328 1736 sunt,
364 1707 577 1740 quocunque
614 1696 648 1730 in
684 1696 771 1737 1000,
808 1699 844 1730 et
879 1697 1048 1740 quamdiu
1084 1698 1308 1731 commodum
1344 1698 1446 1732 nobis
1478 1699 1607 1741 fuerit,
1642 1700 1753 1735 libere
1788 1702 1823 1736 in

51 1753 234 1796 posterum
262 1750 313 1794 utj
341 1750 532 1794 possimus.
574 1749 650 1784 Hoc
677 1750 758 1784 lure
784 1762 894 1795 prope
919 1754 1042 1784 nostro
1068 1754 1190 1795 petere
1209 1751 1391 1785 uidemur:
1420 1754 1584 1796 quoniam
1614 1757 1695 1799 post
1712 1767 1826 1800 nuper

49 1803 215 1848 societatj
253 1806 373 1837 erecta
400 1803 562 1846 Colle-gia
598 1804 701 1838 nobis
735 1808 884 1849 paterne
911 1804 946 1837 in
979 1807 1138 1838 nostrum
1176 1804 1386 1848 obsequium
1415 1806 1559 1841 Patrem
1587 1807 1824 1851 Domifflcum,

47 1869 90 1892 ac
115 1857 307 1892 Societatis
343 1857 513 1900 obsequia
550 1857 819 1901 promptissima
855 1857 1039 1892 obtuleris.
1092 1858 1138 1891 Et
1165 1869 1243 1891 cum
1280 1859 1330 1892 sit
1365 1859 1499 1893 ordinis
1526 1862 1638 1895 vestri
1667 1862 1823 1896 omnium

47 1910 201 1945 salutem
228 1921 440 1955 procurare:
469 1909 545 1943 lllis
564 1910 789 1954 praesertim,
817 1910 884 1944 hoc
910 1923 1042 1954 genere
1068 1911 1177 1956 officij
1204 1923 1246 1945 ac
1276 1911 1423 1956 pietatis
1450 1913 1647 1959 gratificarj
1675 1927 1695 1948 a
1723 1915 1826 1950 vobis

46 1964 202 1998 maxime
230 1963 406 2002 conuenit,
435 1963 495 2006 qui
522 1963 556 1996 in
576 1962 780 2001 Germania,
807 1963 889 1998 Vna
906 1975 987 1998 cum
1006 1964 1192 2007 Religione
1212 1964 1408 2005 Catholica,
1435 1966 1645 2001 societatem
1664 1971 1823 2003 vestram

47 2020 204 2057 tuentur,
244 2019 280 2050 et
317 2017 482 2061 plurimis
517 2016 701 2061 beneficijs
736 2019 875 2052 ornant.
927 2016 1003 2060 Quo
1039 2018 1074 2052 in
1111 2030 1242 2061 genere
1269 2018 1508 2053 Serenissima
1545 2021 1671 2055 domus
1701 2025 1825 2056 nostra

48 2070 225 2104 Bauarica
261 2081 330 2103 non
357 2072 541 2114 postrema
567 2073 632 2104 est.
684 2070 811 2114 Itaque
846 2071 875 2105 si
911 2074 1071 2105 nostrum
1111 2073 1271 2106 fauorem
1299 2073 1463 2114 retinere,
1499 2076 1536 2107 et
1569 2074 1605 2107 in
1641 2078 1823 2119 posterum

46 2135 261 2170 propensum
290 2123 448 2157 studium
468 2124 624 2157 societas
644 2124 799 2169 experirj
820 2125 929 2169 cupit,
957 2125 1103 2166 efficies,
1131 2128 1181 2166 vt,
1208 2127 1377 2170 quoniam
1404 2126 1437 2160 id
1456 2127 1559 2162 nobis
1576 2128 1824 2171 gratissimum

47 2177 196 2217 accidet,
224 2179 370 2211 nostrae
398 2177 479 2210 huic
506 2177 671 2222 petitionj
698 2178 924 2212 satisfactum
953 2178 1067 2212 fuisse
1094 2181 1389 2222 cognoscamus“.

167 2236 334 2271 canisius
360 2236 588 2270 Mercuriano
614 2237 809 2281 respondit,
836 2241 878 2271 ut
905 2238 1059 2279 videtur,
1087 2241 1169 2283 post
1196 2238 1352 2272 medium
1380 2239 1541 2284 Aprilem
1572 2240 1675 2275 1579.

48 2346 210 2383 2039.
287 2347 505 2383 CANISIUS
532 2347 916 2384 EVERARDO
944 2347 1402 2385 MERCURIANO
1432 2352 1637 2396 praeposito
1663 2353 1824 2396 generali

238 2407 428 2442 Societatis
455 2408 549 2443 Iesu.

594 2461 818 2496 Landishuto
846 2462 1052 2506 (Monacbio
1064 2464 1098 2506 9)
1127 2465 1209 2507 post
1234 2462 1390 2496 medium
1417 2475 1463 2497 m.
1482 2463 1644 2509 Aprilem
1674 2466 1775 2501 1579.

167 2527 220 2560 De
246 2527 285 2560 P.
309 2528 473 2570 Men-qino
503 2528 688 2560 Gallielme·
713 2528 894 2561 Bacariae
917 2529 1096 2572 principis
1121 2529 1352 2570 confessario.

169 2610 389 2652 Canisimn
433 2626 510 2666 per
549 2612 725 2661 litteras,
770 2626 877 2666 quae
919 2614 1004 2653 iam
1049 2626 1133 2653 non
1175 2617 1350 2665 exstant,
1395 2613 1453 2653 ad
1485 2613 1821 2665 Mei-curiamcm,

49 2676 153 2730 quid
186 2675 452 2717 Landisltutz'
484 2691 576 2717 cum
611 2677 835 2718 Guilielmo
863 2678 1059 2731 principe
1093 2679 1142 2719 de
1165 2678 1213 2718 P.
1243 2678 1461 2719 Dominieo
1484 2679 1697 2734 Mevyz'no,
1732 2695 1824 2722 eon-

45 2739 229 2792 fessario
248 2742 433 2782 eiusdem
453 2742 672 2783 Guilz‘elmi
691 2748 726 2782 et
742 2742 934 2784 Remum
955 2744 1099 2784 uxoris
1117 2745 1219 2794 eius,
1246 2745 1389 2796 quisset
1407 2744 1480 2796 (cf.
1498 2758 1629 2799 supra
1647 2760 1683 2800 p.
1701 2746 1822 2797 498),

47 2807 255 2847 rettulisse
297 2811 333 2847 et
364 2808 490 2847 simul
524 2808 612 2847 alia
646 2808 857 2861 quaedam
892 2809 1168 2850 Mercurium
1201 2809 1262 2849 vel
1292 2823 1500 2850 narrasse
1532 2811 1591 2850 vel
1624 2825 1823 2852 commen-

49 2871 172 2912 dasse
206 2873 466 2925 coynoscitur
490 2886 538 2913 ex
561 2873 741 2926 epistula
763 2874 803 2915 2.
827 2873 948 2914 Iunii
971 2876 1087 2915 1579
1122 2875 1239 2926 (latu,
1271 2888 1348 2927 per
1370 2888 1494 2928 quam
1521 2875 1824 2918 Merum-ianus

51 2936 224 2978 canisio
257 2937 476 2990 respondit
487 2951 504 2988 ;
535 2951 661 2991 quam
693 2938 790 2979 vide
822 2938 957 2991 infru,
992 2953 1058 2981 nr.
1084 2940 1213 2980 2049.

167 3027 195 3057 a)
215 3027 262 3051 Ita
282 3035 357 3052 corr.
378 3031 419 3052 est
439 3035 476 3052 ex
494 3034 550 3060 pro
569 3026 657 3054 nobis
677 3028 841 3061 diligenter
862 3029 960 3062 ipsum
981 3030 1058 3056 oret.

171 3134 181 3154 ¹
208 3133 230 3167 2
255 3133 334 3167 Tim
361 3134 393 3171 4.
420 3133 484 3174 22;
513 3134 557 3169 cf.
579 3133 646 3168 Gal
665 3135 697 3175 6,
727 3135 781 3170 18.
927 3135 940 3156 ²
967 3135 1138 3169 Renatae.

169 3187 182 3206 ³
207 3186 380 3221 Albertus
399 3187 440 3221 V.
460 3188 532 3221 dux
559 3190 596 3221 et
620 3188 724 3222 Anna
750 3188 955 3224 Austriaca.
1458 3235 1533 3270 32*
