2062 3443
600 165 745 209 Dilinga
773 166 868 201 circa
895 165 950 200 19.
970 165 1185 200 Novembris
1216 166 1317 201 1580.
1759 170 1842 211 589

69 287 347 339 fundamento
397 287 478 327 ullo
531 287 641 327 hane
689 288 918 327 instituerit
966 286 1310 340 appellationem,
1366 288 1622 340 nimiumque
1670 285 1844 339 diffidat

71 351 315 402 maioribus,
360 355 495 392 tamen
541 352 656 392 illum
702 352 821 392 modo
851 351 1115 405 puniendum
1157 356 1230 391 aut
1264 353 1539 405 reijciemlum
1574 365 1653 392 non
1693 351 1844 403 uideri,

71 432 123 459 ne
168 422 203 458 et
245 418 331 471 ipse
373 421 407 458 et
451 416 682 470 Princeps-¹
718 417 937 470 Monaclcz'j
977 417 1110 470 mayc's
1152 415 1324 468 offensi,
1369 432 1393 457 a
1438 418 1626 458 societate
1665 417 1846 471 yrauius

73 482 380 535 abalienentur,
416 486 537 535 atque
572 483 629 522 ita
663 486 819 523 crescat
850 482 1114 532 scandalum,
1150 495 1199 521 ac
1220 482 1372 522 vulnus
1397 482 1599 535 inflictum
1624 487 1845 535 auqeatur.

71 548 202 589 Suasi
234 552 370 588 autem
406 552 449 587 ut
482 560 740 601 quacumque
774 548 936 587 ratione
969 547 1031 587 ille·
1064 547 1321 587 concedatur
1359 547 1468 601 quod
1501 551 1625 602 optat,
1670 547 1844 587 Romam

71 614 150 654 iter
184 612 362 665 inm-edi,
407 625 659 665 causamque
702 626 821 653 suam
866 612 984 666 apud
1017 612 1136 653 Pom.
1165 611 1282 653 Mar.
1309 626 1442 666 aqere.
1489 614 1538 653 Sc·
1577 613 1683 653 enim
1729 613 1847 665 apud

71 678 314 731 Principem
349 677 523 717 haerere
549 681 713 731 peryat,
758 678 831 732 qui
866 678 1021 718 nostris
1050 691 1206 731 parum
1239 676 1390 729 fauere
1424 679 1564 731 coepit,
1600 691 1753 729 vereor,
1799 691 1848 717 ne

72 743 392 785 Monaclzienses
424 747 459 783 et
480 741 844 796 Jnyolstaclienses
876 743 1011 783 nostri
1042 743 1151 783 male
1183 741 1378 793 habeant,
1413 747 1448 783 et
1479 747 1724 797 perpetuam
1756 742 1848 794 fere

71 809 313 860 molestiam,
354 822 403 848 ac
444 806 714 860 offensionem
758 809 879 849 etiam
919 807 1131 861 publicam
1177 821 1226 847 ex
1265 807 1339 847 hoc
1380 808 1544 848 homine
1585 806 1843 861 capiamusst

190 893 342 928 Duriora
377 893 465 927 haec
501 895 586 927 sunt
621 893 755 928 Canisii
792 893 921 928 verba:
961 905 1026 927 nec
1061 896 1180 927 tamen
1217 893 1352 927 iniusta
1387 893 1509 927 vocari
1544 896 1705 938 possunt,
1740 894 1770 927 si
1807 905 1848 928 ea

72 947 351 988 considerentur,
388 958 479 990 quae
516 947 558 980 de
586 947 750 981 Haivodo
786 947 830 981 ad
857 947 1067 981 Manareum
1096 947 1267 980 *rettulit
1293 946 1369 991 ipse
1397 948 1582 990 Hoffaeas,
1619 950 1654 981 et
1690 958 1791 991 quae,
1819 947 1848 981 si

72 1002 165 1035 forte
191 1000 242 1034 rei
268 1003 371 1034 actae
398 1000 540 1033 modum
569 999 834 1044 aliquantulum
871 1000 1059 1041 excedant,
1097 1000 1289 1034 maximam
1326 1002 1446 1034 tamen
1482 1003 1620 1045 partem
1650 1011 1735 1034 vera
1770 1011 1849 1034 esse

72 1054 197 1098 negari
225 1065 293 1087 non
320 1055 451 1098 potest.
503 1053 560 1088 Sic
597 1054 690 1087 enim
729 1054 759 1087 is
795 1053 995 1098 Oeniponte
1031 1055 1063 1087 4.
1083 1053 1293 1087 Decembris
1323 1054 1414 1088 1580
1449 1053 1619 1088 Manareo
1656 1053 1848 1098 *scripsitz

74 1107 276 1142 Haivodum
314 1107 480 1149 „solitum
518 1110 601 1141 ante
629 1118 707 1141 esse
735 1118 780 1141 ex
807 1107 994 1141 Joachimo
1021 1107 1182 1141 Abbate“
1212 1107 1356 1141 florensi
1387 1107 1423 1149 (†
1449 1107 1516 1141 sub
1543 1118 1572 1140 a.
1596 1107 1714 1151 1202),
1747 1107 1848 1141 cuius

72 1161 174 1195 varia
201 1160 373 1194 vaticinia
392 1172 505 1204 eaque
532 1161 622 1194 satis
649 1163 821 1205 suspecta
849 1160 1204 1201 circumferebantur,
1235 1161 1383 1204 „nugari
1413 1172 1531 1195 coram
1552 1162 1684 1194 nostris
1711 1160 1849 1205 prolixe

72 1218 108 1249 et
133 1214 342 1248 societatem
370 1216 528 1248 nostram
556 1225 663 1248 corvo
690 1213 742 1258 illj
770 1226 815 1247 ex
842 1215 935 1248 Arca
953 1214 1029 1248 Noe
1048 1214 1194 1247 exeunti
1221 1214 1284 1248 sed
1311 1225 1379 1247 non
1406 1214 1603 1248 reuertenti
1631 1225 1849 1258 comparare,

73 1272 109 1303 et
127 1268 321 1313 perituram
342 1267 556 1302 Societatem
578 1271 723 1312 propter
741 1267 975 1311 Theologiam
996 1267 1269 1308 Schohrsticam,
1297 1270 1405 1311 atque
1423 1271 1628 1301 secuturam
1647 1267 1848 1302 columbam

73 1321 191 1356 albam
202 1321 226 1362 ⁹,
262 1321 295 1355 id
324 1324 379 1355 est
404 1320 510 1356 aliam
538 1321 788 1365 perfectiorem
816 1320 1026 1364 religionem
1063 1332 1170 1364 quam
1199 1321 1283 1355 dicit
1310 1332 1390 1355 esse
1416 1320 1672 1355 Theatinorum
1700 1324 1847 1366 propter

72 1374 211 1409 tibialia
238 1374 319 1409 alba
345 1386 437 1419 quae
463 1373 631 1408 dicuntur
657 1380 813 1418 gestare.
865 1374 1018 1408 Omnino
1046 1373 1101 1408 his
1128 1374 1170 1408 de
1204 1374 1311 1417 nugis
1336 1377 1410 1408 tam
1448 1377 1700 1408 asseueranter
1727 1386 1849 1409 coram

73 1428 198 1463 multis
224 1427 365 1462 locutus
391 1430 457 1469 est,
494 1430 534 1461 vt
560 1427 666 1472 plane
693 1428 795 1462 visus
821 1428 870 1462 sit
903 1428 952 1462 ita
988 1428 1064 1462 fore
1091 1427 1272 1462 credere“.
1324 1428 1449 1471 ltaque
1477 1427 1663 1462 Haivodus
1696 1431 1731 1461 et
1757 1428 1850 1462 Mar-

74 1482 171 1516 tinus
206 1482 359 1516 Damius
395 1481 620 1516 contionator
655 1481 794 1515 aulicus
829 1482 873 1516 ab
909 1481 1073 1515 Haivodo
1110 1481 1284 1526 deceptus
1314 1481 1410 1524 „suis
1436 1481 1643 1516 indiscretis
1679 1481 1766 1516 zelis
1798 1481 1851 1516 sic

75 1535 264 1579 exagitant
299 1536 474 1570 Juuenem
512 1537 547 1569 et
582 1534 881 1569 conscientiosum
919 1535 1133 1580 Principem,
1169 1538 1210 1568 vt
1244 1535 1322 1569 eius
1354 1534 1629 1569 Cancellarius⁸
1664 1534 1732 1569 hac
1768 1534 1850 1568 heb-

77 1589 227 1624 domade
252 1591 375 1623 nostro
403 1589 570 1623 Rectori⁴
599 1589 732 1622 dixerit
758 1600 838 1622 cum
864 1600 995 1632 magno
1022 1600 1086 1623 suo
1113 1588 1243 1629 dolore,
1269 1600 1308 1623 se
1335 1589 1451 1623 vereri
1479 1588 1721 1630 vehementer,
1754 1588 1852 1622 Prin-

75 1643 145 1688 cipi
172 1642 301 1676 iccirco
327 1642 514 1676 imminere
539 1641 737 1687 periculum
765 1643 888 1685 grauis
921 1641 1073 1676 alicuius
1099 1642 1212 1675 morbi
1239 1642 1298 1676 vel
1324 1642 1431 1676 etiam
1452 1642 1577 1676 mortis
1603 1643 1690 1676 etc.“
1733 1642 1853 1685 Atque

76 1696 262 1730 Haivodus
285 1698 509 1740 „contempte
529 1696 636 1729 etiam
657 1694 798 1729 locutus
826 1698 881 1729 est
907 1695 950 1729 de
977 1695 1152 1730 electione
1171 1695 1209 1729 P.
1231 1695 1428 1730 Euerardi⁵
1454 1707 1482 1730 s.
1501 1707 1548 1730 m.
1566 1695 1601 1728 in
1622 1694 1852 1729 Generalem:

75 1752 112 1784 et
146 1753 284 1784 certum
324 1752 380 1784 est
418 1749 511 1793 quod
550 1749 666 1794 ipsum
703 1761 773 1783 non
811 1749 1028 1783 absoluisset
1065 1749 1101 1782 in
1141 1749 1376 1790 confessione,
1415 1749 1510 1783 sicut
1546 1761 1612 1783 nec
1648 1749 1686 1783 P.
1716 1748 1760 1784 V.
1788 1760 1854 1783 nec

75 1803 254 1847 Toletum,
290 1815 356 1837 nec
392 1802 504 1837 vllum
532 1802 719 1836 Rectorem
756 1802 863 1836 huius
889 1802 1098 1836 Prouintiae
1134 1804 1281 1847 propter
1308 1802 1558 1836 Resolutiones
1595 1802 1776 1836 Romanas
1811 1802 1854 1835 de

76 1857 107 1891 5.
135 1868 199 1902 pro
226 1859 331 1891 cento
359 1856 583 1890 absolueret*
619 1857 679 1898 (ex
706 1858 866 1899 autogr.;
894 1855 1014 1890 Germ.
1035 1856 1102 1891 158
1130 1858 1153 1890 f.
1173 1856 1425 1899 3222—323b).

196 1916 378 1957 Hoffaeus,
406 1914 541 1950 Canisii
577 1915 763 1950 consilium
790 1918 949 1956 secutus,
985 1927 1101 1960 neque
1129 1915 1333 1950 Haivodum
1362 1915 1514 1960 punivit,
1550 1926 1665 1958 neque
1693 1915 1769 1949 eius
1796 1925 1855 1959 ap-

76 1969 307 2015 pellationem
327 1969 532 2014 impedivit;
563 1970 669 2003 immo
688 1981 767 2003 eum
797 1969 902 2003 iussit
929 1970 962 2004 d.
981 1970 1036 2003 27.
1055 1969 1272 2003 Novembris
1291 1968 1492 2014 Oeniponte
1512 1969 1649 2009 adesse,
1677 1970 1715 2002 ut
1734 1979 1854 2002 secum

77 2023 226 2057 Romam
254 2025 376 2068 petere
404 2025 544 2067 posset;
582 2022 754 2057 Hoffaeus
781 2023 873 2056 enim
901 2023 978 2067 ipso
1005 2022 1065 2057 illo
1092 2026 1253 2068 tempore
1280 2034 1360 2057 cum
1389 2022 1502 2057 Sociis
1528 2022 1677 2056 Romam
1705 2022 1749 2056 ad
1776 2033 1856 2055 con-

79 2077 329 2120 gregationem
356 2076 563 2120 generalem
590 2076 781 2110 Societatis
817 2077 1048 2121 profecturus
1084 2080 1162 2111 erat
1191 2077 1382 2120 (Hoffaeus
1407 2076 1618 2117 *Manare0,
1658 2075 1857 2120 Oeniponte

77 2129 133 2164 25.
153 2129 367 2164 Novembris
408 2130 518 2171 15803
555 2133 716 2174 autogr.;
753 2129 871 2165 Germ.
901 2130 967 2165 158
1003 2131 1028 2164 f.
1055 2130 1306 2173 318³—319b).
1356 2129 1544 2163 Haivodus
1579 2141 1665 2163 vero
1696 2141 1740 2162 ex
1776 2128 1858 2162 aula

78 2184 190 2223 ducis,
217 2183 252 2217 in
279 2195 385 2227 quam
413 2195 458 2217 ex
485 2183 636 2225 collegio
663 2184 866 2217 monacensi
895 2195 933 2217 se
960 2186 1157 2228 receperat,
1186 2182 1419 2217 Ratisbonam
1447 2183 1491 2217 ad
1518 2184 1740 2217 Felice'anum
1769 2183 1858 2216 Nin-

75 2238 256 2281 qum-dum
282 2237 445 2270 nuntium
466 2237 701 2282 apostolicum
728 2237 846 2278 venit;
874 2238 935 2280 qui
954 2238 986 2271 2.
1006 2237 1216 2271 Decembris
1238 2237 1328 2272 1580
1346 2237 1390 2271 ad
1410 2236 1627 2271 cardinalem
1647 2236 1856 2271 Comensem

77 2290 237 2325 rettulit:
274 2290 330 2333 Se,
367 2302 448 2325 cum
486 2290 563 2324 eius
599 2291 758 2324 animum
785 2302 806 2325 a
832 2291 1067 2335 profectionis
1104 2302 1273 2325 romanae
1300 2291 1482 2335 proposito
1517 2301 1687 2324 revocare
1723 2289 1859 2323 frustra

77 2346 228 2378 conatus
263 2347 370 2385 esset,
409 2344 552 2378 tandem
592 2344 624 2378 ei
660 2344 875 2378 assentitum
912 2355 1001 2384 esse,
1042 2344 1084 2378 de
1119 2344 1251 2378 litteris
1277 2347 1398 2378 tamen
1425 2343 1743 2384 commendaticiis,
1770 2354 1860 2386 quas

77 2398 139 2432 ille
167 2397 330 2442 petisset,
356 2408 557 2439 recusasse,
590 2397 683 2441 quod
710 2409 748 2432 se
782 2398 980 2432 admiscere
1007 2397 1119 2431 nollet
1145 2397 1253 2431 rebus
1279 2397 1480 2438 societatis,
1511 2408 1618 2441 quam
1645 2407 1860 2440 magnopere

79 2450 248 2493 diligeret
284 2451 461 2496 „sapendo
488 2462 552 2485 con
580 2453 714 2495 quanto
742 2451 854 2485 frutto
881 2451 1048 2485 studiano
1075 2451 1193 2494 questi
1220 2450 1327 2484 Padri
1355 2450 1519 2484 d'aiutar
1544 2450 1578 2484 la
1605 2449 1726 2484 chiesa
1755 2452 1860 2483 santa

77 2504 112 2538 in
140 2505 223 2548 ogni
250 2504 363 2545 luoco,
392 2504 482 2538 doue
509 2505 614 2538 sono“
648 2504 686 2546 (l.
706 2506 766 2548 c.).
807 2504 993 2539 Haivodus
1020 2505 1142 2547 igitur,
1169 2503 1268 2538 nullo
1303 2504 1372 2538 nisi
1408 2504 1543 2537 famulo
1570 2503 1724 2547 quodam
1760 2503 1861 2536 ducis

78 2558 284 2598 comitante,
320 2556 471 2591 Romam
509 2557 628 2592 venit:
666 2557 726 2591 ubi
762 2558 935 2592 cardinali
962 2557 1143 2591 Ludovico
1171 2556 1353 2591 Madrutio
1389 2568 1469 2591 eum
1505 2556 1661 2601 hospitio
1694 2556 1861 2600 excipere

81 2611 270 2650 abnuente,
297 2622 317 2644 a
345 2610 459 2645 Sociis
485 2610 640 2645 humane
668 2613 843 2655 exceptus
869 2614 905 2645 et
931 2622 951 2645 a
978 2610 1146 2656 pontifice
1166 2609 1321 2653 benigne
1348 2610 1493 2644 auditus
1511 2613 1586 2650 est;
1613 2609 1713 2643 brevi
1740 2611 1860 2643 tamen

78 2667 160 2708 post
193 2663 227 2696 in
263 2663 454 2697 Bavariam
491 2664 607 2698 redire
645 2663 702 2697 vel
738 2665 858 2708 potius
893 2676 956 2709 per
992 2676 1067 2698 eam
1106 2663 1262 2697 transire
1299 2664 1417 2698 iussus
1452 2666 1518 2701 est,
1556 2665 1596 2697 ut
1630 2663 1800 2707 deinceps
1826 2662 1860 2696 in

79 2716 199 2762 patria
226 2716 400 2750 ecclesiae
427 2729 571 2762 operam
592 2717 729 2751 dicaret
749 2717 883 2762 (Duhr,
911 2717 1110 2760 5⁰l0-Streit.
1135 2717 1157 2752 l.
1178 2729 1207 2752 c.
1226 2717 1425 2758 230-239,
1453 2720 1488 2751 et
1512 2717 1587 2752 Jes.
1606 2727 1649 2750 an
1670 2715 1861 2750 Ffirstenh.

81 2769 269 2804 127-134
294 2773 329 2803 et
348 2770 422 2804 Jes.
445 2771 454 2804 l
484 2771 597 2813 724³).
633 2770 673 2804 In
693 2770 825 2813 Anglia
843 2782 922 2805 cum
942 2770 1132 2805 catholicis
1150 2771 1192 2804 de
1211 2770 1341 2804 ieiunio
1360 2770 1512 2811 rixatus,
1539 2781 1559 2803 a
1578 2768 1862 2815 protestantibus

79 2823 115 2857 in
142 2823 286 2857 vincula
313 2823 495 2857 coniectus
530 2827 565 2857 et
602 2823 636 2857 in
664 2823 831 2858 exsilium
867 2823 1004 2869 pulsus,
1040 2823 1189 2869 Neapoli
1223 2823 1367 2857 tandem
1395 2835 1425 2857 a.
1457 2823 1546 2858 1598
1573 2823 1632 2867 pia
1665 2825 1777 2857 morte
1804 2823 1861 2857 de-

79 2873 225 2910 functus
244 2879 298 2910 est
321 2877 544 2921 (Sacchinus,
572 2877 665 2911 Hist.
684 2877 727 2917 V,
754 2876 794 2911 T.
819 2878 845 2918 1,
866 2877 887 2912 l.
908 2878 938 2919 3,
967 2889 1000 2911 n.
1020 2877 1204 2917 98—101;
1234 2878 1438 2920 Juvemius,
1465 2876 1560 2911 Hist.
1582 2877 1623 2916 V,
1642 2876 1682 2910 T.
1703 2876 1735 2917 2,
1763 2876 1785 2910 l.
1807 2875 1861 2916 13,

206 3007 213 3025 ¹
242 3005 457 3040 Guilielmus
485 3006 528 3040 V.
549 3006 726 3041 Bavariae
753 3007 837 3041 dux.
962 3007 975 3026 ²
1001 3006 1054 3040 Cf.
1087 3006 1140 3041 Gn
1169 3006 1200 3046 8,
1229 3005 1357 3040 6—12.

201 3060 214 3080 ⁸
240 3059 301 3093 Dr.
322 3058 603 3104 christophorus
631 3059 886 3094 Elsenheimer.

201 3114 214 3133 ⁴
244 3113 280 3147 P.
300 3112 525 3147 Ferdinando
553 3112 663 3147 Alber
687 3113 818 3148 rectori
845 3113 988 3157 collegii
1015 3111 1253 3147 monacensis.

203 3168 216 3186 ⁵
243 3166 471 3200 Mercuriani.
