2062 3443
137 149 237 184 1972.
259 148 343 183 Can.
364 148 459 182 card.
480 148 647 183 Rebibae.
674 148 804 182 Martio
827 148 926 183 1577.
966 148 1066 182 1973.
1088 147 1171 182 Can.
1192 148 1429 183 Mercurium).
1458 149 1588 183 Martio
1610 149 1710 183 1577.
1747 152 1829 194 391

64 265 295 308 Societatis
328 269 503 308 nostrae
536 266 680 308 munia
704 287 713 296 ·
738 265 993 320 praesertim
1027 265 1062 308 si
1097 266 1145 308 R.
1172 266 1218 308 T.
1254 266 1333 308 hoc
1366 281 1472 321 opus
1504 271 1548 310 et
1575 282 1652 309 nos
1685 282 1833 309 omnes

62 330 235 372 domino
267 331 359 372 Deo
393 331 623 384 diligenter
657 331 988 373 commendabit.
1083 331 1246 373 Romae
1281 334 1362 375 25.
1388 333 1609 385 Februarij
1647 334 1773 376 1577.

183 405 348 440 Canisius
376 406 602 440 Mercuriano
630 406 816 450 rescripsit
843 407 898 440 25.
918 405 1055 450 Aprilis
1084 406 1185 439 1577.

65 510 216 546 1972.
304 511 519 546 CANISIUS
547 511 717 545 cardinali
747 509 1056 546 SCIPIONI
1085 509 1398 546 REBIBAE
1426 523 1593 556 supremo
1620 511 1834 555 inquisitori.

1089 570 1308 614 Ingolstadio
1335 571 1430 605 circa
1461 572 1512 605 10.
1533 571 1654 605 Martii
1685 572 1786 605 1577.

182 637 284 679 Vide
315 652 461 691 supra,
493 653 534 692 p.
559 640 659 690 339,
695 642 730 678 et
762 637 898 690 infra,
931 638 1120 692 primum
1154 642 1280 691 caput
1312 652 1372 692 ep.
1401 640 1528 681 1973.

62 751 214 787 1973.
306 752 523 787 CANISIUS
551 750 932 787 EVERARDO
962 750 1416 787 MERCURIANO
1447 752 1649 796 praeposito
1676 753 1834 796 generali

253 805 444 840 Societatis
471 806 562 840 Iesu.
1205 805 1428 849 Ingolstadio
1458 806 1510 840 10.
1534 805 1656 839 Martii
1686 807 1786 841 1577.

182 870 236 904 Ex
255 871 478 916 autographo
499 871 576 913 (2⁰2
600 873 616 906 1
634 883 681 915 p.:
703 871 737 904 in
753 871 818 915 p.4
838 869 943 904 inser.
960 872 996 903 et
1013 869 1187 914 reliquiae
1207 870 1305 913 sig).
1339 869 1458 904 Germ.
1479 870 1544 904 183
1564 871 1587 905 f.
1603 871 1835 906 2632—26411.

62 923 279 958 Litterarum
307 925 521 969 particulam
550 925 669 969 posuit
689 925 897 967 Sat-chinus,
926 924 1011 958 Can.
1031 924 1110 958 338.
1150 924 1280 957 Iisdem
1308 935 1395 958 usus
1421 927 1476 958 est
1494 925 1622 967 Botwo,
1650 924 1734 958 Can.
1756 924 1836 959 363.

183 990 395 1023 Carde'nalis
414 990 554 1023 Rebiba.
595 991 690 1032 Opus
712 990 931 1022 Μανίαηιωη.
971 989 1145 1022 Libelltne
1160 990 1359 1031 qvi-manici
1379 995 1502 1032 postea
1519 990 1724 1022 scribendi?
1746 990 1837 1023 libi?

61 1044 252 1076 (unitiones
279 1043 316 1076 P.
338 1044 493 1085 Hoffaei.
540 1044 732 1085 Collegium
759 1043 973 1075 luem-nense.
1018 1043 1190 1085 Belyium.

346 1122 373 1172 †
407 1121 499 1162 Pax
532 1120 688 1162 Christi
723 1120 846 1162 nobis
878 1122 1059 1162 aeterna
1092 1120 1335 1162 Admodum

613 1185 868 1227 Reuerende
902 1185 1047 1228 Pater.

181 1256 363 1311 Scripsit
395 1258 450 1300 ad
483 1271 550 1299 me
582 1257 814 1300 Jllustriss.
851 1258 900 1300 D.
930 1256 1170 1299 Cardinalis
1203 1257 1255 1299 de
1290 1257 1430 1308 Pisa‘,
1466 1258 1506 1299 S.
1532 1258 1583 1299 D.
1608 1256 1662 1300 N.
1698 1256 1837 1298 uisum

57 1335 170 1373 esse,
214 1325 262 1365 ut
294 1322 427 1364 libros
459 1323 510 1365 D.
535 1322 722 1377 Philippi
755 1322 944 1376 Fuggeri
979 1336 1123 1364 coram
1157 1322 1428 1377 inspicerem,
1470 1324 1514 1365 et
1547 1322 1599 1364 de
1631 1321 1838 1376 inspectis

62 1401 202 1429 meum
247 1387 450 1429 iudicium
495 1389 822 1442 perscriberem.
887 1388 996 1437 Quid
1040 1401 1121 1441 ego
1166 1389 1476 1442 respondeam,
1523 1402 1575 1429 ex
1623 1387 1838 1429 adiunctis

58 1456 295 1506 cognoscet
328 1453 373 1495 P.
399 1453 446 1496 T.
481 1453 664 1506 illasque
703 1456 924 1495 correctas
958 1453 1178 1506 obsignari
1220 1457 1263 1495 et
1302 1453 1439 1496 eidem
1473 1452 1691 1495 Cardinali
1724 1452 1838 1495 tradi

58 1531 222 1571 quaeso
256 1523 413 1568 curet⁸,
453 1519 602 1561 addita
633 1518 916 1573 inscriptione
949 1518 1145 1567 nominis,
1181 1520 1293 1572 quod
1326 1532 1407 1572 ego
1442 1533 1496 1560 ex
1530 1518 1621 1560 eius
1654 1518 1839 1572 epistola

58 1597 325 1636 cognoscere
357 1598 441 1625 non
476 1584 608 1638 potui.
672 1583 783 1638 Alijs
816 1584 1116 1627 Cardinalibus
1149 1598 1244 1638 ego,
1279 1584 1391 1638 quod
1424 1583 1572 1634 sciam,
1607 1587 1706 1637 post
1738 1583 1839 1626 ulti-

61 1663 175 1691 mam
209 1649 601 1702 Congregationem
635 1663 720 1690 non
753 1649 920 1704 scripsi,
960 1649 1041 1691 nisi
1075 1649 1441 1699 Constantiensi2,
1476 1649 1839 1702 quemadmodum

61 1714 106 1756 P.
131 1713 392 1756 Posseuinus
424 1715 664 1768 postulauit
677 1716 705 1757 3.

179 1779 343 1821 Versor
374 1780 515 1822 adhuc
542 1780 585 1822 in
619 1780 762 1834 operis
786 1779 987 1829 editione,
1023 1779 1136 1833 quod
1163 1781 1266 1822 ante
1289 1779 1524 1822 Paschales
1556 1779 1721 1821 ferias4
1754 1793 1840 1821 non

59 1844 249 1898 prodibit
288 1844 331 1886 in
376 1845 536 1896 lucem,
581 1846 756 1898 quintus
798 1859 902 1887 uero
946 1845 1054 1887 liber
1095 1859 1209 1887 nunc
1253 1845 1504 1896 excuditur,
1539 1844 1661 1898 isque
1698 1847 1839 1887 totum

57 1924 167 1963 opus
190 1910 400 1954 absoluet.
442 1911 649 1953 Fortasse
678 1925 762 1952 non
797 1911 874 1952 abs
897 1924 944 1952 re
966 1910 1099 1952 fuerit
1121 1910 1286 1952 moneri
1310 1910 1543 1953 Rectorem
1559 1909 1838 1961 Venetumb5,

58 1979 108 2017 ut
141 1978 322 2029 accepta
355 1976 569 2028 quaedam
602 1976 745 2030 operis
767 1975 1038 2029 exemplaria
1060 1975 1243 2017 Romam
1266 1975 1508 2018 transmitti
1531 1978 1675 2017 curet:
1709 1975 1839 2017 aliam

56 2054 141 2094 ego
175 2041 388 2082 rationem
412 2041 611 2083 mittendi
637 2042 824 2083 nondum
848 2041 997 2084 uideo:
1033 2041 1223 2082 oblatam
1248 2054 1353 2082 uero
1376 2041 1564 2083 libenter
1585 2041 1839 2095 amplectar,

178 2133 206 2164 a)
229 2134 308 2158 Ilaec
326 2135 471 2158 sententia
492 2142 580 2158 manu
603 2142 725 2158 romana
745 2134 833 2158 lineis
852 2134 969 2166 siynata
990 2137 1040 2158 ese.
1123 2133 1152 2160 bl
1175 2134 1254 2158 Haec
1276 2141 1327 2164 vv„
1348 2133 1515 2165 incipiendo
1535 2141 1553 2158 α
1574 2132 1700 2163 Versor,
1720 2134 1838 2165 siqnalc't

55 2177 136 2205 sunt,
158 2178 186 2199 ut
205 2182 298 2206 supra
320 2176 430 2205 (adnot.
452 2178 492 2205 a).

184 2294 189 2307 ¹
219 2291 338 2336 Scipio
366 2292 521 2333 Rebiba;
550 2292 592 2326 de
621 2292 687 2326 hac
716 2304 753 2326 re
781 2303 813 2326 v.
833 2304 944 2338 supra
971 2305 1003 2337 p.
1024 2292 1106 2327 389.

178 2345 192 2364 ²
218 2345 339 2379 Marco
366 2345 492 2380 Sittico
520 2346 564 2380 ab
591 2346 800 2391 Altaemps;
829 2357 862 2380 v,
889 2357 1001 2390 supra
1027 2358 1061 2391 p.
1082 2346 1164 2381 378.

179 2399 192 2418 ³
219 2398 386 2433 canisius
411 2399 620 2442 significare
640 2400 784 2433 videtur
802 2411 870 2433 non
890 2399 1055 2433 ultimam
1076 2400 1395 2442 congregationem
1415 2398 1608 2433 Societatis
1634 2397 1841 2442 generalem

60 2451 170 2493 (1573
185 2463 206 2486 a
221 2464 265 2486 m.
283 2452 396 2497 Aprili
411 2452 455 2486 ad
473 2453 612 2486 Iunium
630 2452 807 2494 habitam)
825 2473 868 2476 —
884 2456 967 2498 post
985 2452 1078 2486 hanc
1093 2452 1186 2486 enim
1202 2452 1353 2486 Romam
1372 2452 1515 2486 litteras
1529 2451 1628 2485 misit
1642 2462 1710 2485 non
1725 2451 1842 2485 solum

55 2505 102 2539 ad
123 2505 340 2539 cardinalem
359 2506 676 2546 constantiensem,
695 2506 758 2540 sed
783 2506 891 2539 etiam
910 2506 955 2540 ad
974 2506 1176 2540 cardinales
1197 2506 1347 2540 Hosium
1366 2508 1402 2540 et
1422 2505 1640 2539 Madrutium
1663 2504 1712 2547 (v.
1732 2515 1842 2548 supra

59 2569 92 2603 p.
114 2559 181 2592 142
207 2559 276 2592 242
303 2560 388 2600 292)
416 2578 462 2583 —-
498 2560 558 2593 sed
596 2559 759 2593 ultimam
797 2559 1114 2604 congregationem
1151 2560 1359 2604 provinciae
1395 2558 1610 2593 Germaniae
1645 2557 1842 2602 superioris

60 2623 104 2646 m.
124 2611 290 2646 Ianuario
313 2613 402 2647 1576
429 2613 589 2647 habitam
609 2613 668 2646 vel
688 2613 850 2647 ultimam
871 2613 1188 2656 congregationem
1216 2616 1488 2657 procuratorum
1508 2611 1700 2646 Societatis
1719 2611 1842 2644 eodem

56 2676 152 2699 anno
171 2665 304 2699 Romae
332 2665 502 2700 habitam.
544 2666 649 2700 Anno
676 2669 796 2700 autem
818 2667 910 2700 1575
940 2666 1072 2709 (medio
1100 2665 1157 2699 vel
1184 2666 1356 2708 exeunte)
1385 2666 1420 2699 in
1447 2665 1640 2699 Germania
1658 2664 1843 2709 superiore

59 2718 327 2763 promulgatum
353 2730 434 2753 esse
460 2719 604 2753 videtur
630 2722 873 2764 praeceptum,
911 2720 953 2753 de
981 2731 1050 2762 quo
1086 2719 1289 2753 litterarum
1318 2719 1431 2753 Roma
1457 2719 1491 2752 in
1527 2718 1734 2764 provincias
1760 2718 1843 2752 mis·

57 2782 181 2805 sarum
207 2773 423 2806 *ludin-ulus
457 2772 580 2806 eodem
616 2775 777 2817 tempore
805 2773 940 2806 Romae
976 2773 1011 2806 in
1048 2772 1151 2806 domo
1187 2773 1352 2816 professa
1378 2772 1571 2806 Societatis
1605 2772 1765 2816 scriptus
1790 2772 1843 2805 sic

60 2824 190 2859 habet:
229 2826 342 2867 ,1575
364 2852 370 2859 .
391 2852 399 2859 .
418 2853 426 2860 .
446 2825 483 2858 L'
497 2826 620 2860 ordine
655 2837 763 2871 sopra
798 2825 864 2860 che
899 2826 908 2859 i
946 2825 1057 2860 nostri
1095 2825 1188 2859 dalle
1215 2826 1405 2859 Prouincie
1437 2837 1505 2859 non
1533 2825 1699 2859 scriuano
1726 2835 1796 2869 qua
1823 2827 1843 2858 a

60 2877 185 2919 Roma,
212 2890 256 2912 ne
283 2881 303 2912 a
331 2879 522 2918 forastieri‚
549 2891 593 2913 ne
619 2881 640 2913 a
667 2881 780 2914 nostri
806 2891 914 2924 sopra
940 2879 1087 2924 negotij,
1114 2882 1150 2913 et
1176 2879 1250 2913 casi
1277 2879 1312 2913 di
1339 2879 1559 2913 conscientia
1583 2889 1624 2912 se
1649 2890 1718 2912 non
1745 2889 1843 2912 man-

58 2932 153 2966 dano
179 2931 213 2966 le
238 2931 367 2966 lettere
395 2938 518 2976 aperte
546 2932 580 2966 al
602 2932 718 2967 Padre
743 2932 931 2974 Generale,
958 2934 988 2966 si
1016 2935 1034 2966 e
1061 2932 1231 2966 mandato
1257 2944 1321 2976 per
1346 2935 1443 2966 tutta
1462 2931 1656 2967 Germania
1682 2933 1718 2966 et
1736 2931 1843 2965 Fran-

58 2985 136 3019 cia‘
168 2984 279 3028 (Hist.
299 2984 378 3020 Soc.
396 2985 453 3025 42,
481 2985 623 3020 Diuersi
650 2985 776 3028 ordini,
803 2986 839 3020 in
865 2997 897 3020 a.
919 2986 1040 3028 1575).

182 3040 195 3058 ⁴
222 3038 411 3072 Dominica
437 3038 629 3073 Paschatis
655 3039 779 3074 futura
805 3042 884 3074 erat
910 3040 941 3073 7.
963 3039 1109 3085 Aprilis.

181 3092 194 3111 ⁵
221 3090 385 3126 Venetiis
419 3103 451 3126 a.
491 3092 582 3127 1577
614 3091 775 3127 Societas
809 3104 879 3127 non
915 3092 1072 3127 habebat
1107 3091 1311 3135 collegium,
1351 3092 1414 3126 sed
1450 3092 1594 3126 domum
1629 3091 1844 3136 professam.

58 3145 163 3179 cuius
181 3145 409 3190 praepositus
428 3148 506 3179 erat
523 3145 662 3180 Marius
680 3145 938 3190 Beringuccius
959 3146 1186 3190 (Sacchinns,
1213 3144 1308 3180 Hist.
1327 3144 1378 3178 IV
1395 3144 1416 3179 1.
1437 3145 1470 3186 4,
1497 3157 1531 3179 n.
1551 3145 1615 3185 75;
1636 3145 1659 3179 1.
1680 3145 1710 3185 6,
1731 3144 1844 3187 n.16).
