2062 3443
100 169 201 205 1970.
230 169 333 204 Card.
354 167 472 213 Scipio
500 168 637 202 Rebiba
657 167 809 202 Canisio.
846 167 959 201 Roma
986 167 1130 200 ineunte
1154 165 1209 199 vel
1239 166 1353 200 medio
1381 165 1574 200 Februario
1598 167 1697 200 1577.
1734 169 1818 210 389

168 287 195 338 †
228 286 469 328 Admodum
496 285 748 327 Reuerendo
781 285 822 326 in
847 284 1016 326 Christo
1045 284 1158 337 patri
1192 287 1353 333 nostro,
1391 285 1431 326 P.
1460 283 1681 325 Euerardo
1706 284 1820 324 Mer-

51 353 227 395 curiano
261 350 515 405 Praeposito
549 350 740 403 generali
775 349 1007 391 Societatis
1042 349 1185 391 IESV.
1297 349 1473 390 Romae.

169 427 266 469 Quod
287 426 452 460 Canisius
477 426 511 459 in
539 426 594 459 his
622 425 752 459 litteris
780 425 822 458 de
843 424 1115 458 Bartholomaeo
1136 424 1256 457 l'ortia
1283 424 1566 463 commendabat,
1594 423 1626 456 id
1655 425 1820 456 effectum

47 487 121 521 est;
162 482 418 515 Mem-arianus
444 481 536 513 enim
567 479 676 512 Itonia
713 481 767 512 27».
789 478 972 513 Februarii
1003 478 1090 511 1577
1120 478 1158 511 P.
1180 477 1385 511 Ilei-manno
1412 477 1578 521 Thyraeo
1615 476 1822 521 provinciae

47 534 228 569 rhenanae
263 534 297 569 S.
326 534 359 569 J.
388 534 591 578 praeposito
627 532 820 576 *sci-ipsit:
861 531 1217 573 „Reuerendissimus
1244 530 1405 564 Nuncius
1432 530 1661 574 Apostolicus
1698 529 1822 573 Jngol-

48 588 164 623 stadio
193 587 375 622 Coloniam
402 597 639 620 concessurus
676 589 741 619 est.
793 584 860 626 Qui
889 585 947 619 vbi
976 584 1116 618 venerit
1143 584 1250 618 velim
1280 585 1531 617 Reuerentiani
1559 584 1598 617 T.
1619 595 1755 623 curare,
1782 585 1824 616 vt

48 642 160 675 nostri
196 653 275 675 eum
313 640 505 682 diligenter
540 639 668 678 colant,
705 642 741 672 et
775 639 977 677 obseruent,
1015 650 1056 672 ac
1092 638 1256 671 omnibus
1294 637 1528 670 humanitatis
1555 637 1694 680 officijs,
1731 648 1823 680 quae

49 695 190 739 quidem
207 695 383 728 institutis
399 693 530 726 nostris
546 695 786 726 consentanea
801 696 895 732 sunt,
912 693 1192 736 prosequantur*
1216 692 1250 729 (e
1266 694 1464 726 comment:
1487 690 1552 724 nii.
1570 691 1634 724 lnt'.
1654 694 1680 726 l.
1704 691 1711 723 1
1731 692 1754 723 f.
1771 691 1819 730 1³)

167 748 266 789 Quod
303 751 423 781 antem
451 746 618 780 Canisius
653 745 788 786 scribit,
827 745 1085 789 Hieronymum
1121 745 1164 778 de
1203 744 1323 777 l'ortia
1360 744 1620 777 Bartholomaei
1657 747 1822 787 nepotem

49 801 109 839 (cf.
129 812 238 846 supra
264 813 296 845 p.
317 800 401 843 316)
430 800 645 843 gravissime
672 804 880 842 aegrotare:
918 799 1060 832 aliunde
1088 797 1313 841 intelligitur,
1350 809 1429 831 eum
1467 798 1679 831 decubuisse
1710 796 1823 840 ingol-

46 855 152 888 stadii
179 856 215 888 et
241 855 275 887 in
295 865 337 887 ea
355 853 563 887 infirmitate
583 852 734 886 inultum
755 852 914 885 adiutum
943 863 1021 885 esse
1041 863 1061 885 a
1080 851 1214 890 Sociis;
1241 863 1284 884 ex
1305 862 1455 894 quornm
1474 863 1621 884 numero
1641 851 1823 884 Canisiuni

47 908 160 942 fuisse
187 911 324 942 certum
352 911 417 941 est.
471 907 523 940 lta
551 907 644 940 enim
673 906 748 950 ipse
777 907 1020 949 Hieronymus
1046 916 1155 939 comes
1181 906 1222 937 de
1248 905 1370 937 Ιόντὶα
1399 905 1586 938 Monachio
1613 904 1668 938 30.
1689 903 1825 948 Aprilis

50 961 137 995 1577
158 960 383 995 Mercuriano
410 959 598 1004 *scripsitz
631 959 827 1000 „Laboraui
855 961 888 992 et
916 958 1033 992 adhuc
1060 970 1128 991 non
1156 969 1234 991 sum
1264 969 1347 991 vere
1375 958 1642 993 conualescens.
1670 969 1733 1002 per
1759 968 1824 990 sex

47 1025 189 1048 menses
215 1014 402 1048 continuos
429 1013 644 1055 grauissimo
671 1015 707 1046 et
741 1011 1043 1056 periculosissimo
1071 1011 1202 1051 morbo,
1230 1012 1395 1055 quamuis
1423 1011 1476 1055 dej
1505 1011 1622 1054 gratia
1649 1022 1762 1054 usque
1786 1010 1826 1054 jn

49 1067 140 1102 hanc
166 1067 301 1107 horam,
328 1070 459 1100 natura
486 1066 739 1110 praeualuerit,
763 1065 801 1110 jn
829 1077 899 1109 qua
923 1065 1136 1110 jnfirmitate
1155 1065 1291 1098 nullum
1312 1064 1427 1098 maius
1445 1064 1612 1098 solatium
1633 1069 1668 1098 et
1687 1065 1827 1097 animae

49 1125 84 1156 et
110 1121 268 1166 corporis
304 1120 411 1154 habui
440 1131 546 1164 quain
574 1119 704 1153 Patres
731 1119 927 1159 societatis,
964 1118 1031 1152 Sed
1067 1118 1279 1163 praesertim
1308 1117 1525 1162 Jngolstadij
1564 1118 1620 1152 ubi
1649 1117 1827 1152 continuis

47 1175 266 1209 orationibus
293 1173 385 1218 apud
407 1172 447 1206 D.
467 1172 579 1207 Deum
607 1184 662 1206 me
686 1172 914 1211 adiuuarunt,
941 1175 977 1205 et
1005 1172 1063 1205 diu
1095 1183 1136 1205 ac
1156 1175 1261 1205 noctu
1282 1171 1423 1215 quando
1451 1171 1665 1214 grauissime
1684 1171 1826 1205 decum-

48 1228 171 1262 bebam
200 1227 402 1264 adfuerunt,
439 1229 473 1260 et
500 1229 624 1271 postea
652 1225 811 1269 quotidie
838 1226 917 1266 duo,
954 1237 1016 1270 per
1043 1236 1151 1258 vnam
1185 1224 1309 1259 horam
1337 1224 1541 1263 adfuerunt,
1577 1224 1634 1258 hic
1661 1224 1827 1268 quamuis

47 1282 114 1317 sim
142 1281 292 1315 vicinior
327 1280 461 1314 vestris
487 1280 636 1313 aedibus
672 1283 791 1313 tamen
828 1282 971 1324 propter
1008 1279 1144 1313 maiora
1175 1279 1445 1323 jmpedimenta,
1484 1290 1551 1311 non
1584 1290 1728 1322 possum
1757 1278 1826 1311 frui

45 1338 148 1369 tanta
174 1334 428 1375 consolatione,
456 1333 525 1367 nisi
552 1333 701 1367 Patrum
727 1333 968 1367 orationibus“
1001 1333 1062 1375 (ex
1090 1336 1241 1376 autogr„
1270 1332 1358 1377 Epp.
1379 1332 1461 1365 Ext.
1482 1331 1526 1365 28
1554 1332 1691 1374 suffla).

172 1388 423 1422 Mercurianus
451 1388 594 1421 Canisio
620 1386 805 1431 respondit
831 1386 886 1420 25.
909 1386 1090 1420 Februarii
1121 1387 1222 1420 1577.

49 1487 204 1524 1970.
278 1487 480 1522 Cal-dinalis
500 1484 733 1522 SCIPIO
756 1484 1043 1528 REBIBA,
1064 1487 1254 1531 episcopus
1273 1486 1486 1525 sabinensis,
1506 1497 1697 1530 supremus
1715 1485 1827 1529 inqui-

240 1541 328 1575 sitor
356 1538 558 1574 CANISIO.
914 1539 1027 1573 Roma
1054 1540 1200 1573 ineunte
1227 1539 1283 1573 vel
1311 1539 1428 1573 medio
1454 1539 1648 1573 Februario
1677 1539 1778 1573 1577.

175 1606 231 1640 Ex
256 1605 482 1650 autographa
511 1605 643 1639 Canisii
672 1604 838 1649 epistula,
867 1605 909 1638 de
936 1616 1007 1648 qua
1034 1604 1138 1641 infra,
1167 1617 1219 1650 ep.
1249 1605 1350 1639 1973.

1021 1679 1101 1691 ,ΝΜ

170 1679 371 1721 canisius
413 1678 676 1733 Inqolstadio
711 1681 780 1720 10.
807 1679 960 1720 Martia·
984 1681 1093 1720 Just
1134 1678 1355 1719 Eum-ardo
1390 1678 1666 1720 Merme-lano
1704 1691 1828 1732 prae-

46 1746 179 1800 posito
221 1744 410 1799 qenerali
452 1744 646 1798 scripsit:
676 1744 885 1799 „Scripsit
926 1745 984 1784 ad
1026 1758 1089 1785 me
1130 1743 1362 1786 «Ῑῖίιιδΐνίεε.
1406 1744 1460 1784 D.
1488 1743 1738 1784 Cardinalis
1780 1742 1830 1783 de

49 1811 168 1862 Pisa,
204 1811 246 1852 S.
275 1809 326 1851 D.
353 1808 404 1850 N.
442 1811 580 1850 uisum
614 1823 714 1862 esse,
758 1814 802 1850 ut
833 1810 962 1851 libros
997 1809 1050 1851 D.
1076 1809 1265 1864 Philippi?
1298 1809 1484 1862 Ficysseri
1521 1823 1659 1849 coram
1696 1809 1831 1863 inspi-

48 1889 193 1926 cerem,
230 1880 263 1916 ει
298 1874 349 1915 de
383 1875 580 1928 inspectis
613 1888 747 1915 meum
785 1875 989 1915 indic-imre
1018 1874 1363 1929 perscriberem.“

167 1951 294 1984 Porte'a
330 1948 477 1982 nuntius
513 1948 732 1993 apostolicus
758 1949 925 1992 Angusta
961 1950 992 1983 6.
1022 1949 1177 1991 Augusti
1216 1949 1306 1983 1575
1343 1948 1492 1982 Romam
1531 1948 1575 1981 ad
1612 1947 1831 1981 cardinalem

48 2002 258 2038 Comensem
298 2002 387 2036 haec
426 2002 569 2036 rettulit
606 2003 649 2035 de
680 2001 842 2047 Philippo
879 2001 1045 2036 Eduardo
1081 2005 1118 2036 et
1153 2002 1374 2042 Octaviano,
1415 2001 1561 2044 Georgii
1598 2001 1641 2035 II.
1676 2000 1832 2044 Fuggeri

50 2057 106 2091 25.
126 2057 281 2100 Augusti
312 2056 402 2090 1569
429 2055 559 2089 mortui
586 2055 691 2089 filiis:
729 2055 809 2095 Eos,
846 2067 927 2090 cum
954 2056 989 2089 in
1025 2056 1242 2090 bibliotheca
1269 2067 1290 2089 a
1324 2058 1427 2100 patre
1462 2055 1605 2098 magnis
1630 2054 1834 2099 sumptibus

48 2110 216 2145 instituta
251 2112 287 2143 et
321 2109 454 2143 multos
490 2109 600 2142 libros
635 2108 834 2154 prohibitos
869 2109 1123 2153 complectenti
1160 2109 1285 2143 horum
1322 2112 1357 2143 et
1393 2108 1552 2142 ordinem
1578 2108 1770 2141 immutare
1798 2110 1835 2140 et

48 2174 237 2198 numerum
273 2163 486 2196 imminuere
521 2163 745 2202 statuissent,
785 2174 805 2196 a
837 2174 876 2196 se
912 2164 1056 2207 petisse,
1096 2163 1301 2207 pontificem
1338 2164 1518 2206 rogarent,
1562 2160 1646 2203 „che
1682 2161 1704 2194 li
1742 2160 1833 2194 facci

48 2217 165 2261 gratia
202 2216 296 2250 della
331 2216 488 2254 licentia,
526 2215 677 2249 essendo
713 2217 773 2260 piu
809 2215 1004 2250 desiderosi
1041 2216 1074 2249 di
1110 2216 1239 2250 tenerli
1275 2228 1338 2260 per
1373 2220 1473 2250 certa
1508 2226 1636 2260 pompa
1669 2213 1735 2248 che
1772 2225 1834 2258 per
1878 2222 1881 2224 ’

48 2270 219 2304 curiosita
246 2269 443 2303 c’habbino
470 2269 504 2302 di
530 2269 651 2309 studii,
679 2281 699 2302 a
727 2269 736 2302 i
763 2269 862 2313 quali
889 2270 979 2314 dopo
1006 2270 1086 2314 que*
1114 2269 1216 2314 prim’
1236 2270 1318 2304 anni
1346 2268 1518 2313 giovanili
1546 2280 1615 2302 non
1639 2267 1833 2302 attendono

48 2324 191 2367 punt0.“
245 2322 290 2357 Se
329 2322 451 2366 igitur.
490 2334 611 2356 eorum
652 2323 791 2356 animos
826 2323 870 2357 ab
906 2334 948 2356 ea
984 2323 1154 2367 petitione
1190 2323 1373 2357 dimovere
1410 2322 1547 2356 frustra
1582 2325 1761 2359 conatum,
1799 2321 1834 2354 id

50 2376 190 2417 saltem,
218 2387 288 2420 quo
314 2375 444 2410 melius
471 2376 630 2410 eiusdem
657 2376 749 2410 ratio
775 2377 943 2418 cognosci
970 2381 1102 2420 posset,
1130 2377 1303 2417 effecisse,
1329 2379 1369 2410 ut
1394 2376 1462 2410 sibi
1482 2375 1629 2409 daretur
1646 2378 1834 2409 auctorum

48 2429 190 2464 illorum
228 2430 428 2473 catalogus.
466 2429 633 2473 huncque
671 2428 803 2463 litteris
839 2430 914 2463 suis
941 2430 1044 2463 modo
1079 2430 1239 2473 adiungi.
1291 2429 1345 2463 Ad
1380 2429 1470 2462 haec
1509 2430 1686 2463 Comensi-s
1721 2427 1834 2462 Roma

48 2483 323 2528 {Septembris
352 2484 442 2517 1575
480 2482 623 2517 Portiae
659 2483 863 2527 respondit:
906 2483 1117 2517 Pontificem
1155 2483 1329 2517 cardinali
1358 2482 1488 2516 Pisano
1525 2482 1759 2520 commisisse,
1796 2484 1835 2515 ut

49 2536 213 2580 catalogo
241 2536 301 2570 illo
320 2536 398 2570 viso
424 2536 668 2581 responderet,
695 2548 779 2570 num
807 2536 927 2580 gratia
951 2537 1014 2571 illa
1034 2536 1137 2571 salvo
1156 2536 1273 2570 officio
1300 2538 1423 2581 posset
1441 2535 1585 2569 concedi
1607 2535 1834 2578 (Scleelllzass,

50 2590 161 2625 Nunt.
182 2590 212 2624 V
242 2590 308 2624 120
338 2591 432 2633 165).

171 2643 396 2686 „Cardinalis
436 2643 576 2677 Pisani“
624 2643 766 2677 nomine
809 2643 867 2678 hic-
909 2643 1109 2686 significari
1151 2655 1220 2677 non
1264 2645 1406 2687 poterat
1449 2642 1644 2676 cardinalis
1685 2642 1835 2676 loannes

48 2696 205 2737 Riccius,
241 2697 301 2740 qui
329 2707 360 2730 a.
389 2695 481 2732 1567
508 2695 841 2741 archiepiscopatus
867 2697 983 2740 pisani
1010 2699 1140 2730 nactus
1168 2699 1224 2730 est
1250 2695 1618 2730 administrationem:
1657 2695 1714 2729 liic
1741 2695 1834 2729 enim

49 2762 81 2784 a.
103 2750 194 2784 1574
219 2753 384 2784 mortuus
411 2753 467 2784 est
495 2749 599 2790 (Lor.
634 2751 814 2794 Cardena,
841 2750 1013 2784 Memorie
1040 2749 1198 2783 storiche
1225 2749 1277 2783 de'
1296 2748 1474 2783 Cardinali
1503 2748 1564 2786 lv.
1592 2748 1704 2782 Roma
1733 2748 1834 2789 1793,

49 2803 279 2846 310—313);
313 2803 464 2842 accedit,
491 2803 584 2847 quod
611 2814 692 2837 eum
721 2815 850 2837 vocare
876 2803 1042 2837 solebant
1071 2802 1310 2845 „cardinalem
1338 2802 1575 2836 Politianum‘
1610 2803 1730 2846 (Alph.
1754 2804 1835 2836 Cia-

49 2857 174 2890 com'us
199 2856 240 2891 O.
273 2856 327 2890 Pr.
357 2860 392 2889 et
421 2859 512 2899 Any.
545 2857 718 2890 Oldoi'nus
744 2856 778 2891 S.
808 2857 853 2896 J.,
880 2856 998 2895 Vitae,
1036 2860 1072 2889 et
1098 2867 1156 2889 res
1191 2859 1318 2899 gestae
1352 2855 1566 2889 Pontificum
1594 2855 1835 2890 Romanorum

50 2911 86 2943 et
111 2909 146 2944 S.
174 2909 215 2943 R.
246 2909 284 2943 E.
314 2909 559 2943 Cardinalium
586 2909 648 2950 ΙΙΙ,
687 2909 819 2944 Romae
847 2910 950 2950 1677,
988 2909 1085 2952 772).
1137 2909 1370 2952 significatur
1406 2908 1517 2952 igitur
1553 2909 1672 2954 Scipio
1699 2908 1836 2943 Rebiba

50 2962 198 3001 siculus,
227 2974 272 2996 ex
295 2962 434 3005 „Borgo
461 2962 494 2996 di
515 2962 550 2997 S.
570 2962 714 2996 Marco“
736 2966 847 3004 ortus,
875 2975 906 2997 a.
929 2963 1020 2997 1555
1047 2961 1242 2996 cardinalis
1269 2964 1414 2995 creatus
1432 2965 1468 2996 et
1486 2962 1836 3007 archiepiscopatum

50 3019 240 3050 assecutus
267 3017 444 3060 pisanum,
471 3027 540 3059 quo
559 3026 589 3049 a.
613 3016 704 3052 1560
722 3016 850 3056 cessit;
879 3016 1008 3050 deinde
1027 3027 1048 3049 a
1067 3015 1130 3049 Pio
1150 3015 1192 3049 V.
1211 3026 1403 3060 supremus
1422 3016 1612 3059 inquisitor
1630 3017 1836 3049 nominatus

50 3072 86 3103 et
111 3080 132 3103 a
159 3069 334 3113 Gregorio
354 3069 451 3103 Xlu.
475 3074 522 3110 (a.
545 3070 651 3112 1574)
679 3069 871 3114 episcopus
897 3069 1101 3104 sabinensis
1128 3069 1257 3108 factus,
1286 3068 1342 3102 24.
1372 3068 1453 3102 Iulii
1486 3069 1572 3102 1577
1601 3070 1677 3103 vita
1704 3068 1834 3107 cessit;

49 3123 111 3166 qui
137 3122 172 3156 in
201 3124 278 3167 ipso
303 3121 460 3166 sepulcri
488 3121 604 3166 elogio
626 3122 850 3165 „Cardinalis
869 3123 1056 3157 Pisarum⁴⁴
1087 3124 1239 3156 vocatur
1261 3121 1666 3164 (Ciaconins-Oldoz'nns
1694 3122 1716 3157 1.
1736 3134 1765 3157 c.
1786 3122 1835 3156 111

48 3175 138 3216 85Ο;
168 3176 336 3210 Cardena
363 3174 386 3209 l.
405 3187 434 3209 c.
456 3175 505 3209 [V
533 3175 750 3220 347—349).
