<?xml version="1.0" encoding="UTF-8"?>
<!DOCTYPE html PUBLIC "-//W3C//DTD XHTML 1.0 Transitional//EN"
    "http://www.w3.org/TR/xhtml1/DTD/xhtml1-transitional.dtd">
<html xmlns="http://www.w3.org/1999/xhtml" xml:lang="en" lang="en">
 <head>
  <title>
</title>
<meta http-equiv="Content-Type" content="text/html;charset=utf-8" />
  <meta name='ocr-system' content='tesseract 3.04.00' />
  <meta name='ocr-capabilities' content='ocr_page ocr_carea ocr_par ocr_line ocrx_word'/>
</head>
<body>
  <div class='ocr_page' id='page_1' title='image "beatipetricanisi07cani_0230.png"; bbox 0 0 2051 3433; ppageno 0'>
   <div class='ocr_carea' id='block_1_1' title="bbox 167 190 1751 237">
    <p class='ocr_par' dir='ltr' id='par_1_1' title="bbox 167 190 1751 237">
     <span class='ocr_line' id='line_1_1' title="bbox 167 190 1751 237; baseline 0.001 -11"><span class='ocrx_word' id='word_1_1' title='bbox 167 194 249 235; x_wconf 83' lang='lat'>136</span> <span class='ocrx_word' id='word_1_2' title='bbox 353 191 454 226; x_wconf 79' lang='lat'>1852.</span> <span class='ocrx_word' id='word_1_3' title='bbox 482 190 780 225; x_wconf 79' lang='lat' dir='ltr'><strong>Bartholomaeus</strong></span> <span class='ocrx_word' id='word_1_4' title='bbox 807 191 850 225; x_wconf 86' lang='lat' dir='ltr'>de</span> <span class='ocrx_word' id='word_1_5' title='bbox 876 191 999 225; x_wconf 88' lang='lat' dir='ltr'>Portia</span> <span class='ocrx_word' id='word_1_6' title='bbox 1026 191 1179 225; x_wconf 88' lang='lat' dir='ltr'>Canisio.</span> <span class='ocrx_word' id='word_1_7' title='bbox 1219 191 1429 235; x_wconf 82' lang='lat' dir='ltr'>Salisburgo</span> <span class='ocrx_word' id='word_1_8' title='bbox 1458 192 1511 226; x_wconf 88' lang='lat'>18.</span> <span class='ocrx_word' id='word_1_9' title='bbox 1531 191 1628 237; x_wconf 90' lang='lat' dir='ltr'>Sept.</span> <span class='ocrx_word' id='word_1_10' title='bbox 1652 192 1751 227; x_wconf 87' lang='lat'>1573.</span> 
     </span>
    </p>
   </div>
   <div class='ocr_carea' id='block_1_2' title="bbox 164 305 1934 413">
    <p class='ocr_par' dir='ltr' id='par_1_2' title="bbox 164 305 1934 413">
     <span class='ocr_line' id='line_1_2' title="bbox 164 305 1934 352; baseline 0.002 -11"><span class='ocrx_word' id='word_1_11' title='bbox 164 305 316 342; x_wconf 68' lang='lat'>1852.</span> <span class='ocrx_word' id='word_1_12' title='bbox 395 305 1005 342; x_wconf 67' lang='lat' dir='ltr'>BARTHGLOMAEUS</span> <span class='ocrx_word' id='word_1_13' title='bbox 1033 306 1125 341; x_wconf 80' lang='lat' dir='ltr'>DE</span> <span class='ocrx_word' id='word_1_14' title='bbox 1154 305 1422 342; x_wconf 71' lang='lat' dir='ltr'><strong>PORTIA</strong></span> <span class='ocrx_word' id='word_1_15' title='bbox 1450 307 1669 352; x_wconf 83' lang='lat' dir='ltr'>apostolicus</span> <span class='ocrx_word' id='word_1_16' title='bbox 1688 309 1723 343; x_wconf 91' lang='lat' dir='ltr'>in</span> <span class='ocrx_word' id='word_1_17' title='bbox 1743 308 1934 344; x_wconf 82' lang='lat' dir='ltr'>Germania</span> 
     </span>
     <span class='ocr_line' id='line_1_3' title="bbox 353 365 1884 413; baseline 0.002 -13"><span class='ocrx_word' id='word_1_18' title='bbox 353 366 500 401; x_wconf 89' lang='lat' dir='ltr'>nuntius</span> <span class='ocrx_word' id='word_1_19' title='bbox 528 365 730 413; x_wconf 85' lang='lat' dir='ltr'>CANISIO.</span> <span class='ocrx_word' id='word_1_20' title='bbox 1219 366 1429 410; x_wconf 87' lang='lat' dir='ltr'>Salisburgo</span> <span class='ocrx_word' id='word_1_21' title='bbox 1458 366 1512 401; x_wconf 89' lang='lat'>18.</span> <span class='ocrx_word' id='word_1_22' title='bbox 1532 367 1755 412; x_wconf 80' lang='lat' dir='ltr'>Septembris</span> <span class='ocrx_word' id='word_1_23' title='bbox 1783 368 1884 404; x_wconf 82' lang='lat'>1573.</span> 
     </span>
    </p>
   </div>
   <div class='ocr_carea' id='block_1_3' title="bbox 162 447 1936 653">
    <p class='ocr_par' dir='ltr' id='par_1_3' title="bbox 162 447 1936 653">
     <span class='ocr_line' id='line_1_4' title="bbox 282 447 1934 494; baseline 0.001 -12"><span class='ocrx_word' id='word_1_24' title='bbox 282 448 336 482; x_wconf 83' lang='lat' dir='ltr'>Ex</span> <span class='ocrx_word' id='word_1_25' title='bbox 366 448 508 482; x_wconf 73' lang='lat' dir='ltr'>Porti-ae</span> <span class='ocrx_word' id='word_1_26' title='bbox 543 449 587 482; x_wconf 88' lang='lat' dir='ltr'>ad</span> <span class='ocrx_word' id='word_1_27' title='bbox 622 448 841 482; x_wconf 84' lang='lat' dir='ltr'>cardinalem</span> <span class='ocrx_word' id='word_1_28' title='bbox 873 448 1084 482; x_wconf 81' lang='lat' dir='ltr'>Comensem</span> <span class='ocrx_word' id='word_1_29' title='bbox 1120 447 1276 493; x_wconf 83' lang='lat' dir='ltr'>epistula</span> <span class='ocrx_word' id='word_1_30' title='bbox 1311 448 1519 494; x_wconf 82' lang='lat' dir='ltr'>archetypa,</span> <span class='ocrx_word' id='word_1_31' title='bbox 1555 461 1575 483; x_wconf 90' lang='lat' dir='ltr'>a</span> <span class='ocrx_word' id='word_1_32' title='bbox 1601 450 1753 484; x_wconf 87' lang='lat' dir='ltr'>Minutio</span> <span class='ocrx_word' id='word_1_33' title='bbox 1779 450 1934 484; x_wconf 88' lang='lat' dir='ltr'>Minucci</span> 
     </span>
     <span class='ocr_line' id='line_1_5' title="bbox 162 500 1935 546; baseline 0.001 -11"><span class='ocrx_word' id='word_1_34' title='bbox 162 501 356 536; x_wconf 88' lang='lat' dir='ltr'>secretario</span> <span class='ocrx_word' id='word_1_35' title='bbox 382 502 528 546; x_wconf 84' lang='lat' dir='ltr'>scripta.</span> <span class='ocrx_word' id='word_1_36' title='bbox 581 501 666 536; x_wconf 88' lang='lat' dir='ltr'>Cod.</span> <span class='ocrx_word' id='word_1_37' title='bbox 692 513 778 535; x_wconf 85' lang='lat' dir='ltr'>rom.</span> <span class='ocrx_word' id='word_1_38' title='bbox 811 500 952 544; x_wconf 64' lang='lat' dir='ltr'>„Gernr</span> <span class='ocrx_word' id='word_1_39' title='bbox 980 501 1059 536; x_wconf 90' lang='lat' dir='ltr'>Vol.</span> <span class='ocrx_word' id='word_1_40' title='bbox 1087 501 1152 536; x_wconf 74' lang='lat'>80‘</span> <span class='ocrx_word' id='word_1_41' title='bbox 1183 501 1198 535; x_wconf 90' lang='lat' dir='ltr'>I</span> <span class='ocrx_word' id='word_1_42' title='bbox 1225 513 1258 546; x_wconf 89' lang='lat' dir='ltr'>p.</span> <span class='ocrx_word' id='word_1_43' title='bbox 1287 501 1487 537; x_wconf 81' lang='lat'>129—130.</span> <span class='ocrx_word' id='word_1_44' title='bbox 1538 503 1577 537; x_wconf 89' lang='lat' dir='ltr'>In</span> <span class='ocrx_word' id='word_1_45' title='bbox 1604 502 1819 538; x_wconf 84' lang='lat' dir='ltr'>bibliotheca</span> <span class='ocrx_word' id='word_1_46' title='bbox 1845 503 1935 537; x_wconf 89' lang='lat' dir='ltr'>vati-</span> 
     </span>
     <span class='ocr_line' id='line_1_6' title="bbox 163 554 1936 601; baseline 0.002 -13"><span class='ocrx_word' id='word_1_47' title='bbox 163 566 262 595; x_wconf 87' lang='lat' dir='ltr'>cana,</span> <span class='ocrx_word' id='word_1_48' title='bbox 299 554 383 589; x_wconf 86' lang='lat' dir='ltr'>Cod.</span> <span class='ocrx_word' id='word_1_49' title='bbox 411 554 502 589; x_wconf 84' lang='lat'>6413</span> <span class='ocrx_word' id='word_1_50' title='bbox 530 557 553 589; x_wconf 81' lang='lat' dir='ltr'>t.</span> <span class='ocrx_word' id='word_1_51' title='bbox 576 555 808 596; x_wconf 76' lang='lat' dir='ltr'>243b—244b‚</span> <span class='ocrx_word' id='word_1_52' title='bbox 844 556 967 589; x_wconf 83' lang='lat' dir='ltr'>exstat</span> <span class='ocrx_word' id='word_1_53' title='bbox 1000 554 1237 589; x_wconf 88' lang='lat' dir='ltr'>summarium</span> <span class='ocrx_word' id='word_1_54' title='bbox 1264 555 1444 599; x_wconf 83' lang='lat' dir='ltr'>quoddam</span> <span class='ocrx_word' id='word_1_55' title='bbox 1471 555 1659 601; x_wconf 81' lang='lat' dir='ltr'>epistulae,</span> <span class='ocrx_word' id='word_1_56' title='bbox 1695 568 1715 590; x_wconf 92' lang='lat' dir='ltr'>a</span> <span class='ocrx_word' id='word_1_57' title='bbox 1742 556 1936 591; x_wconf 88' lang='lat' dir='ltr'>cardinalis</span> 
     </span>
     <span class='ocr_line' id='line_1_7' title="bbox 163 608 1934 653; baseline 0.002 -12"><span class='ocrx_word' id='word_1_58' title='bbox 163 608 306 642; x_wconf 89' lang='lat' dir='ltr'>Ioannis</span> <span class='ocrx_word' id='word_1_59' title='bbox 332 608 469 641; x_wconf 82' lang='lat' dir='ltr'>Moroni</span> <span class='ocrx_word' id='word_1_60' title='bbox 506 608 703 642; x_wconf 85' lang='lat' dir='ltr'>secretario</span> <span class='ocrx_word' id='word_1_61' title='bbox 738 609 934 653; x_wconf 88' lang='lat' dir='ltr'>scriptum;</span> <span class='ocrx_word' id='word_1_62' title='bbox 972 608 1033 652; x_wconf 85' lang='lat' dir='ltr'>qui</span> <span class='ocrx_word' id='word_1_63' title='bbox 1060 608 1096 642; x_wconf 91' lang='lat' dir='ltr'>in</span> <span class='ocrx_word' id='word_1_64' title='bbox 1123 608 1286 651; x_wconf 85' lang='lat' dir='ltr'>margine</span> <span class='ocrx_word' id='word_1_65' title='bbox 1313 620 1454 652; x_wconf 91' lang='lat' dir='ltr'>quoque</span> <span class='ocrx_word' id='word_1_66' title='bbox 1480 610 1653 643; x_wconf 90' lang='lat' dir='ltr'>nonnulla</span> <span class='ocrx_word' id='word_1_67' title='bbox 1679 610 1830 644; x_wconf 86' lang='lat' dir='ltr'>notavit.</span> <span class='ocrx_word' id='word_1_68' title='bbox 1882 610 1934 643; x_wconf 88' lang='lat' dir='ltr'>ln-</span> 
     </span>
    </p>
   </div>
   <div class='ocr_carea' id='block_1_4' title="bbox 162 661 1934 749">
    <p class='ocr_par' dir='ltr' id='par_1_4' title="bbox 162 661 1934 749">
     <span class='ocr_line' id='line_1_8' title="bbox 162 661 1934 706; baseline 0.001 -11"><span class='ocrx_word' id='word_1_69' title='bbox 162 664 302 704; x_wconf 86' lang='lat' dir='ltr'>tegram</span> <span class='ocrx_word' id='word_1_70' title='bbox 340 661 531 706; x_wconf 81' lang='lat' dir='ltr'>epistulam</span> <span class='ocrx_word' id='word_1_71' title='bbox 568 673 612 695; x_wconf 82' lang='lat' dir='ltr'>ex</span> <span class='ocrx_word' id='word_1_72' title='bbox 644 661 852 706; x_wconf 83' lang='lat' dir='ltr'>archetypo,</span> <span class='ocrx_word' id='word_1_73' title='bbox 889 673 969 696; x_wconf 89' lang='lat' dir='ltr'>cum</span> <span class='ocrx_word' id='word_1_74' title='bbox 1006 661 1201 696; x_wconf 88' lang='lat' dir='ltr'>summario</span> <span class='ocrx_word' id='word_1_75' title='bbox 1229 661 1289 695; x_wconf 91' lang='lat' dir='ltr'>illo</span> <span class='ocrx_word' id='word_1_76' title='bbox 1317 661 1457 703; x_wconf 83' lang='lat' dir='ltr'>collato,</span> <span class='ocrx_word' id='word_1_77' title='bbox 1493 662 1604 697; x_wconf 80' lang='lat' dir='ltr'>edidit</span> <span class='ocrx_word' id='word_1_78' title='bbox 1631 664 1830 697; x_wconf 78' lang='lat' dir='ltr'>Schellhass</span> <span class='ocrx_word' id='word_1_79' title='bbox 1855 663 1877 697; x_wconf 91' lang='lat' dir='ltr'>l.</span> <span class='ocrx_word' id='word_1_80' title='bbox 1906 674 1934 698; x_wconf 91' lang='lat' dir='ltr'>c.</span> 
     </span>
     <span class='ocr_line' id='line_1_9' title="bbox 163 714 441 749; baseline 0.004 -1"><span class='ocrx_word' id='word_1_81' title='bbox 163 714 213 748; x_wconf 89' lang='lat' dir='ltr'>III</span> <span class='ocrx_word' id='word_1_82' title='bbox 243 714 441 749; x_wconf 80' lang='lat'>123—138.</span> 
     </span>
    </p>
   </div>
   <div class='ocr_carea' id='block_1_5' title="bbox 163 800 1939 2664">
    <p class='ocr_par' dir='ltr' id='par_1_5' title="bbox 163 800 1939 2664">
     <span class='ocr_line' id='line_1_10' title="bbox 284 800 1936 839; baseline 0.001 -2"><span class='ocrx_word' id='word_1_83' title='bbox 284 800 473 837; x_wconf 83' lang='lat' dir='ltr'>Praefatio</span> <span class='ocrx_word' id='word_1_84' title='bbox 501 800 668 837; x_wconf 81' lang='lat' dir='ltr'>editoris.</span> <span class='ocrx_word' id='word_1_85' title='bbox 719 802 785 836; x_wconf 90' lang='lat' dir='ltr'>Die</span> <span class='ocrx_word' id='word_1_86' title='bbox 814 803 867 837; x_wconf 89' lang='grc'>19.</span> <span class='ocrx_word' id='word_1_87' title='bbox 896 802 987 836; x_wconf 89' lang='lat' dir='ltr'>Iunii</span> <span class='ocrx_word' id='word_1_88' title='bbox 1016 803 1108 838; x_wconf 84' lang='lat'>1573</span> <span class='ocrx_word' id='word_1_89' title='bbox 1136 802 1434 838; x_wconf 80' lang='lat' dir='ltr'>Bartholomaeus</span> <span class='ocrx_word' id='word_1_90' title='bbox 1469 815 1588 839; x_wconf 89' lang='lat' dir='ltr'>comes</span> <span class='ocrx_word' id='word_1_91' title='bbox 1624 804 1666 838; x_wconf 90' lang='lat' dir='ltr'>de</span> <span class='ocrx_word' id='word_1_92' title='bbox 1701 804 1825 838; x_wconf 88' lang='lat' dir='ltr'>Portia</span> <span class='ocrx_word' id='word_1_93' title='bbox 1859 805 1936 838; x_wconf 91' lang='lat' dir='ltr'>sive</span> 
     </span>
     <span class='ocr_line' id='line_1_11' title="bbox 165 855 1936 901; baseline 0.001 -12"><span class='ocrx_word' id='word_1_94' title='bbox 165 867 285 889; x_wconf 85' lang='lat' dir='ltr'>comes</span> <span class='ocrx_word' id='word_1_95' title='bbox 310 855 543 890; x_wconf 89' lang='lat' dir='ltr'>Purliliarum</span> <span class='ocrx_word' id='word_1_96' title='bbox 582 856 853 900; x_wconf 84' lang='lat' dir='ltr'>(Purciliarum)</span> <span class='ocrx_word' id='word_1_97' title='bbox 889 857 1155 901; x_wconf 81' lang='lat' dir='ltr'>protonotarius</span> <span class='ocrx_word' id='word_1_98' title='bbox 1182 857 1399 901; x_wconf 87' lang='lat' dir='ltr'>apostolicus</span> <span class='ocrx_word' id='word_1_99' title='bbox 1428 857 1464 901; x_wconf 84' lang='lat'>(†</span> <span class='ocrx_word' id='word_1_100' title='bbox 1485 858 1591 901; x_wconf 89' lang='lat'>1578)</span> <span class='ocrx_word' id='word_1_101' title='bbox 1621 858 1734 892; x_wconf 84' lang='lat' dir='ltr'>Roma</span> <span class='ocrx_word' id='word_1_102' title='bbox 1761 857 1936 898; x_wconf 84' lang='lat' dir='ltr'>discessit,</span> 
     </span>
     <span class='ocr_line' id='line_1_12' title="bbox 163 908 1936 954; baseline 0.002 -12"><span class='ocrx_word' id='word_1_103' title='bbox 163 919 183 942; x_wconf 87' lang='lat' dir='ltr'>a</span> <span class='ocrx_word' id='word_1_104' title='bbox 202 908 376 952; x_wconf 85' lang='lat' dir='ltr'>Gregorio</span> <span class='ocrx_word' id='word_1_105' title='bbox 394 909 491 944; x_wconf 91' lang='lat' dir='ltr'><strong>XIII.</strong></span> <span class='ocrx_word' id='word_1_106' title='bbox 508 909 715 944; x_wconf 89' lang='lat' dir='ltr'>auctoribus</span> <span class='ocrx_word' id='word_1_107' title='bbox 742 909 983 944; x_wconf 83' lang='lat' dir='ltr'>cardinalibus</span> <span class='ocrx_word' id='word_1_108' title='bbox 1003 911 1293 953; x_wconf 86' lang='lat' dir='ltr'>congregationis</span> <span class='ocrx_word' id='word_1_109' title='bbox 1312 911 1540 954; x_wconf 82' lang='lat' dir='ltr'>germanicae</span> <span class='ocrx_word' id='word_1_110' title='bbox 1561 912 1758 954; x_wconf 69' lang='lat' dir='ltr'>(Schwarz,</span> <span class='ocrx_word' id='word_1_111' title='bbox 1778 911 1860 946; x_wconf 80' lang='lat' dir='ltr'>Gut.</span> <span class='ocrx_word' id='word_1_112' title='bbox 1877 910 1936 954; x_wconf 85' lang='lat'>74)</span> 
     </span>
     <span class='ocr_line' id='line_1_13' title="bbox 165 962 1939 1009; baseline 0.001 -14"><span class='ocrx_word' id='word_1_113' title='bbox 165 972 245 995; x_wconf 89' lang='lat' dir='ltr'>cum</span> <span class='ocrx_word' id='word_1_114' title='bbox 277 962 431 1003; x_wconf 80' lang='lat' dir='ltr'>„nuntii“</span> <span class='ocrx_word' id='word_1_115' title='bbox 463 963 606 996; x_wconf 88' lang='lat' dir='ltr'>nomine</span> <span class='ocrx_word' id='word_1_116' title='bbox 640 962 685 996; x_wconf 90' lang='lat' dir='ltr'>ad</span> <span class='ocrx_word' id='word_1_117' title='bbox 710 962 879 996; x_wconf 84' lang='lat' dir='ltr'>Ioannem</span> <span class='ocrx_word' id='word_1_118' title='bbox 908 962 1074 996; x_wconf 87' lang='lat' dir='ltr'>Iacobum</span> <span class='ocrx_word' id='word_1_119' title='bbox 1098 962 1227 997; x_wconf 89' lang='lat' dir='ltr'>Khuen</span> <span class='ocrx_word' id='word_1_120' title='bbox 1254 964 1296 998; x_wconf 91' lang='lat' dir='ltr'>de</span> <span class='ocrx_word' id='word_1_121' title='bbox 1322 963 1465 1009; x_wconf 79' lang='lat' dir='ltr'>Belasy,</span> <span class='ocrx_word' id='word_1_122' title='bbox 1502 964 1810 1009; x_wconf 90' lang='lat' dir='ltr'>archiepiscopum</span> <span class='ocrx_word' id='word_1_123' title='bbox 1835 963 1939 998; x_wconf 91' lang='lat' dir='ltr'>salis—</span> 
     </span>
     <span class='ocr_line' id='line_1_14' title="bbox 163 1015 1938 1062; baseline 0.002 -13"><span class='ocrx_word' id='word_1_124' title='bbox 163 1015 390 1058; x_wconf 85' lang='lat' dir='ltr'>burgensem,</span> <span class='ocrx_word' id='word_1_125' title='bbox 427 1015 691 1050; x_wconf 84' lang='lat' dir='ltr'>Ferdinandum</span> <span class='ocrx_word' id='word_1_126' title='bbox 720 1016 764 1050; x_wconf 89' lang='grc' dir='ltr'>ΙΙ.</span> <span class='ocrx_word' id='word_1_127' title='bbox 796 1016 1023 1050; x_wconf 87' lang='lat' dir='ltr'>archiducem</span> <span class='ocrx_word' id='word_1_128' title='bbox 1056 1017 1297 1061; x_wconf 89' lang='lat' dir='ltr'>Austriaeque</span> <span class='ocrx_word' id='word_1_129' title='bbox 1327 1018 1523 1062; x_wconf 89' lang='lat' dir='ltr'>superioris</span> <span class='ocrx_word' id='word_1_130' title='bbox 1551 1017 1697 1061; x_wconf 86' lang='lat' dir='ltr'>(Tirolis</span> <span class='ocrx_word' id='word_1_131' title='bbox 1729 1017 1812 1057; x_wconf 90' lang='lat' dir='ltr'>etc.)</span> <span class='ocrx_word' id='word_1_132' title='bbox 1845 1017 1938 1062; x_wconf 85' lang='lat' dir='ltr'>prin-</span> 
     </span>
     <span class='ocr_line' id='line_1_15' title="bbox 165 1068 1936 1116; baseline 0.001 -14"><span class='ocrx_word' id='word_1_133' title='bbox 165 1068 294 1113; x_wconf 87' lang='lat' dir='ltr'>cipem,</span> <span class='ocrx_word' id='word_1_134' title='bbox 331 1069 497 1104; x_wconf 88' lang='lat' dir='ltr'>Carolum</span> <span class='ocrx_word' id='word_1_135' title='bbox 534 1068 763 1104; x_wconf 84' lang='lat' dir='ltr'>archiducem</span> <span class='ocrx_word' id='word_1_136' title='bbox 791 1072 827 1103; x_wconf 88' lang='lat' dir='ltr'>et</span> <span class='ocrx_word' id='word_1_137' title='bbox 853 1069 1007 1114; x_wconf 87' lang='lat' dir='ltr'>Styriae,</span> <span class='ocrx_word' id='word_1_138' title='bbox 1044 1069 1251 1104; x_wconf 85' lang='lat' dir='ltr'>Carinthiae</span> <span class='ocrx_word' id='word_1_139' title='bbox 1278 1073 1344 1106; x_wconf 88' lang='lat' dir='ltr'>etc.</span> <span class='ocrx_word' id='word_1_140' title='bbox 1370 1071 1567 1116; x_wconf 86' lang='lat' dir='ltr'>principem</span> <span class='ocrx_word' id='word_1_141' title='bbox 1592 1071 1725 1105; x_wconf 90' lang='lat' dir='ltr'>missus</span> <span class='ocrx_word' id='word_1_142' title='bbox 1754 1071 1936 1115; x_wconf 79' lang='lat' dir='ltr'>(Theiner,</span> 
     </span>
     <span class='ocr_line' id='line_1_16' title="bbox 163 1122 1937 1169; baseline 0.002 -14"><span class='ocrx_word' id='word_1_143' title='bbox 163 1122 256 1156; x_wconf 84' lang='lat' dir='ltr'>Ann.</span> <span class='ocrx_word' id='word_1_144' title='bbox 287 1123 300 1156; x_wconf 91' lang='grc' dir='ltr'>Ι</span> <span class='ocrx_word' id='word_1_145' title='bbox 328 1123 364 1156; x_wconf 92' lang='lat' dir='ltr'>in</span> <span class='ocrx_word' id='word_1_146' title='bbox 390 1134 421 1158; x_wconf 88' lang='lat' dir='ltr'>a.</span> <span class='ocrx_word' id='word_1_147' title='bbox 443 1123 545 1165; x_wconf 86' lang='lat'>1573,</span> <span class='ocrx_word' id='word_1_148' title='bbox 580 1135 615 1157; x_wconf 92' lang='lat' dir='ltr'>n.</span> <span class='ocrx_word' id='word_1_149' title='bbox 643 1122 694 1167; x_wconf 91' lang='lat'>8).</span> <span class='ocrx_word' id='word_1_150' title='bbox 747 1123 811 1157; x_wconf 91' lang='lat' dir='ltr'>Cui</span> <span class='ocrx_word' id='word_1_151' title='bbox 845 1123 912 1157; x_wconf 91' lang='lat' dir='ltr'>hoc</span> <span class='ocrx_word' id='word_1_152' title='bbox 947 1123 1112 1168; x_wconf 89' lang='lat' dir='ltr'>inprimis</span> <span class='ocrx_word' id='word_1_153' title='bbox 1146 1124 1354 1158; x_wconf 86' lang='lat' dir='ltr'>mandatum</span> <span class='ocrx_word' id='word_1_154' title='bbox 1382 1127 1469 1165; x_wconf 89' lang='lat' dir='ltr'>erat,</span> <span class='ocrx_word' id='word_1_155' title='bbox 1505 1127 1545 1158; x_wconf 90' lang='lat' dir='ltr'>ut</span> <span class='ocrx_word' id='word_1_156' title='bbox 1578 1125 1800 1169; x_wconf 89' lang='lat' dir='ltr'>provinciam</span> <span class='ocrx_word' id='word_1_157' title='bbox 1827 1124 1937 1159; x_wconf 89' lang='lat' dir='ltr'>eccle-</span> 
     </span>
     <span class='ocr_line' id='line_1_17' title="bbox 163 1175 1937 1222; baseline 0.002 -13"><span class='ocrx_word' id='word_1_158' title='bbox 163 1175 347 1209; x_wconf 88' lang='lat' dir='ltr'>siasticam</span> <span class='ocrx_word' id='word_1_159' title='bbox 374 1176 693 1218; x_wconf 82' lang='lat' dir='ltr'>salisburgensem,</span> <span class='ocrx_word' id='word_1_160' title='bbox 729 1177 832 1211; x_wconf 89' lang='lat' dir='ltr'>cuius</span> <span class='ocrx_word' id='word_1_161' title='bbox 857 1177 1016 1210; x_wconf 83' lang='lat' dir='ltr'>maxima</span> <span class='ocrx_word' id='word_1_162' title='bbox 1042 1188 1125 1221; x_wconf 87' lang='lat' dir='ltr'>pars</span> <span class='ocrx_word' id='word_1_163' title='bbox 1153 1177 1187 1211; x_wconf 93' lang='lat' dir='ltr'>in</span> <span class='ocrx_word' id='word_1_164' title='bbox 1214 1177 1416 1222; x_wconf 84' lang='lat' dir='ltr'>principum</span> <span class='ocrx_word' id='word_1_165' title='bbox 1442 1177 1582 1212; x_wconf 86' lang='lat' dir='ltr'>illorum</span> <span class='ocrx_word' id='word_1_166' title='bbox 1618 1178 1726 1212; x_wconf 89' lang='lat' dir='ltr'>terris</span> <span class='ocrx_word' id='word_1_167' title='bbox 1751 1178 1823 1212; x_wconf 91' lang='lat' dir='ltr'>sita</span> <span class='ocrx_word' id='word_1_168' title='bbox 1849 1179 1937 1217; x_wconf 83' lang='lat' dir='ltr'>erat,</span> 
     </span>
     <span class='ocr_line' id='line_1_18' title="bbox 163 1229 1938 1274; baseline 0.002 -12"><span class='ocrx_word' id='word_1_169' title='bbox 163 1240 208 1262; x_wconf 82' lang='lat' dir='ltr'>ex</span> <span class='ocrx_word' id='word_1_170' title='bbox 227 1229 381 1264; x_wconf 88' lang='lat' dir='ltr'>decretis</span> <span class='ocrx_word' id='word_1_171' title='bbox 400 1229 539 1264; x_wconf 90' lang='lat' dir='ltr'>concilii</span> <span class='ocrx_word' id='word_1_172' title='bbox 565 1230 799 1274; x_wconf 89' lang='lat' dir='ltr'>provincialis</span> <span class='ocrx_word' id='word_1_173' title='bbox 825 1241 855 1264; x_wconf 87' lang='lat' dir='ltr'>a.</span> <span class='ocrx_word' id='word_1_174' title='bbox 878 1231 968 1264; x_wconf 89' lang='lat'>1569</span> <span class='ocrx_word' id='word_1_175' title='bbox 988 1229 1188 1274; x_wconf 85' lang='lat' dir='ltr'>Salisburgi</span> <span class='ocrx_word' id='word_1_176' title='bbox 1206 1230 1320 1265; x_wconf 88' lang='lat' dir='ltr'>habiti</span> <span class='ocrx_word' id='word_1_177' title='bbox 1339 1231 1603 1265; x_wconf 87' lang='lat' dir='ltr'>reformandam</span> <span class='ocrx_word' id='word_1_178' title='bbox 1623 1234 1776 1265; x_wconf 88' lang='lat' dir='ltr'>curaret.</span> <span class='ocrx_word' id='word_1_179' title='bbox 1817 1230 1938 1265; x_wconf 80' lang='lat' dir='ltr'>Fortia</span> 
     </span>
     <span class='ocr_line' id='line_1_19' title="bbox 167 1282 1936 1327; baseline 0.002 -12"><span class='ocrx_word' id='word_1_180' title='bbox 167 1282 245 1326; x_wconf 82' lang='lat' dir='ltr'>(qui</span> <span class='ocrx_word' id='word_1_181' title='bbox 264 1283 370 1327; x_wconf 90' lang='lat' dir='ltr'>paulo</span> <span class='ocrx_word' id='word_1_182' title='bbox 388 1286 472 1318; x_wconf 86' lang='lat' dir='ltr'>ante</span> <span class='ocrx_word' id='word_1_183' title='bbox 487 1283 676 1318; x_wconf 87' lang='lat' dir='ltr'>dioecesim</span> <span class='ocrx_word' id='word_1_184' title='bbox 693 1283 951 1327; x_wconf 89' lang='lat' dir='ltr'>aquileiensem</span> <span class='ocrx_word' id='word_1_185' title='bbox 964 1283 1061 1317; x_wconf 89' lang='lat' dir='ltr'>haud</span> <span class='ocrx_word' id='word_1_186' title='bbox 1076 1284 1153 1317; x_wconf 90' lang='lat' dir='ltr'>sine</span> <span class='ocrx_word' id='word_1_187' title='bbox 1168 1284 1289 1319; x_wconf 89' lang='lat' dir='ltr'>fructu</span> <span class='ocrx_word' id='word_1_188' title='bbox 1303 1285 1519 1319; x_wconf 85' lang='lat' dir='ltr'>visitaverat</span> <span class='ocrx_word' id='word_1_189' title='bbox 1534 1287 1570 1319; x_wconf 91' lang='lat' dir='ltr'>et</span> <span class='ocrx_word' id='word_1_190' title='bbox 1583 1296 1663 1319; x_wconf 89' lang='lat' dir='ltr'>cum</span> <span class='ocrx_word' id='word_1_191' title='bbox 1681 1284 1806 1319; x_wconf 89' lang='lat' dir='ltr'>Carolo</span> <span class='ocrx_word' id='word_1_192' title='bbox 1824 1283 1936 1318; x_wconf 90' lang='lat' dir='ltr'>archi-</span> 
     </span>
     <span class='ocr_line' id='line_1_20' title="bbox 165 1335 1937 1381; baseline 0.002 -12"><span class='ocrx_word' id='word_1_193' title='bbox 165 1335 255 1369; x_wconf 86' lang='lat' dir='ltr'>duce</span> <span class='ocrx_word' id='word_1_194' title='bbox 275 1336 393 1370; x_wconf 85' lang='lat' dir='ltr'>fauste</span> <span class='ocrx_word' id='word_1_195' title='bbox 412 1336 551 1381; x_wconf 87' lang='lat' dir='ltr'>egerat)</span> <span class='ocrx_word' id='word_1_196' title='bbox 572 1337 742 1371; x_wconf 87' lang='lat' dir='ltr'>sacerdos</span> <span class='ocrx_word' id='word_1_197' title='bbox 761 1337 903 1381; x_wconf 89' lang='lat' dir='ltr'>quidem</span> <span class='ocrx_word' id='word_1_198' title='bbox 923 1338 1001 1371; x_wconf 87' lang='lat' dir='ltr'>erat</span> <span class='ocrx_word' id='word_1_199' title='bbox 1019 1336 1234 1379; x_wconf 87' lang='lat' dir='ltr'>saecularis;</span> <span class='ocrx_word' id='word_1_200' title='bbox 1253 1337 1316 1372; x_wconf 91' lang='lat' dir='ltr'>sed</span> <span class='ocrx_word' id='word_1_201' title='bbox 1335 1338 1517 1373; x_wconf 88' lang='lat' dir='ltr'>abbatiam</span> <span class='ocrx_word' id='word_1_202' title='bbox 1532 1337 1565 1372; x_wconf 89' lang='lat' dir='ltr'>S.</span> <span class='ocrx_word' id='word_1_203' title='bbox 1580 1337 1675 1372; x_wconf 83' lang='lat' dir='ltr'>Galli</span> <span class='ocrx_word' id='word_1_204' title='bbox 1694 1349 1937 1372; x_wconf 89' lang='lat' dir='ltr'>mosacensem</span> 
     </span>
     <span class='ocr_line' id='line_1_21' title="bbox 166 1388 1937 1434; baseline 0.001 -11"><span class='ocrx_word' id='word_1_205' title='bbox 166 1388 377 1432; x_wconf 87' lang='lat' dir='ltr'>(Mosacum,</span> <span class='ocrx_word' id='word_1_206' title='bbox 397 1390 566 1431; x_wconf 87' lang='lat' dir='ltr'>Modium,</span> <span class='ocrx_word' id='word_1_207' title='bbox 585 1390 746 1434; x_wconf 87' lang='lat' dir='ltr'>Moggio)</span> <span class='ocrx_word' id='word_1_208' title='bbox 768 1391 804 1424; x_wconf 92' lang='lat' dir='ltr'>in</span> <span class='ocrx_word' id='word_1_209' title='bbox 821 1392 929 1432; x_wconf 88' lang='lat' dir='ltr'>terra,</span> <span class='ocrx_word' id='word_1_210' title='bbox 949 1402 1056 1434; x_wconf 91' lang='lat' dir='ltr'>quam</span> <span class='ocrx_word' id='word_1_211' title='bbox 1072 1390 1183 1425; x_wconf 82' lang='lat' dir='ltr'>Friuli</span> <span class='ocrx_word' id='word_1_212' title='bbox 1202 1393 1343 1433; x_wconf 88' lang='lat' dir='ltr'>vocant,</span> <span class='ocrx_word' id='word_1_213' title='bbox 1362 1391 1469 1425; x_wconf 87' lang='lat' dir='ltr'>&#39;sitam</span> <span class='ocrx_word' id='word_1_214' title='bbox 1484 1392 1520 1425; x_wconf 93' lang='lat' dir='ltr'>in</span> <span class='ocrx_word' id='word_1_215' title='bbox 1535 1391 1791 1433; x_wconf 86' lang='lat' dir='ltr'>commendam,</span> <span class='ocrx_word' id='word_1_216' title='bbox 1810 1393 1850 1425; x_wconf 91' lang='lat' dir='ltr'>ut</span> <span class='ocrx_word' id='word_1_217' title='bbox 1868 1391 1937 1425; x_wconf 91' lang='lat' dir='ltr'>dici</span> 
     </span>
     <span class='ocr_line' id='line_1_22' title="bbox 164 1442 1938 1490; baseline 0.001 -13"><span class='ocrx_word' id='word_1_218' title='bbox 164 1442 267 1484; x_wconf 84' lang='lat' dir='ltr'>solet,</span> <span class='ocrx_word' id='word_1_219' title='bbox 283 1446 489 1488; x_wconf 84' lang='lat' dir='ltr'>acceperat;</span> <span class='ocrx_word' id='word_1_220' title='bbox 505 1455 576 1488; x_wconf 88' lang='lat' dir='ltr'>qua</span> <span class='ocrx_word' id='word_1_221' title='bbox 591 1444 659 1478; x_wconf 90' lang='lat' dir='ltr'>etsi</span> <span class='ocrx_word' id='word_1_222' title='bbox 674 1444 740 1478; x_wconf 89' lang='lat' dir='ltr'>sub</span> <span class='ocrx_word' id='word_1_223' title='bbox 755 1455 800 1478; x_wconf 90' lang='lat' dir='ltr'>m.</span> <span class='ocrx_word' id='word_1_224' title='bbox 813 1444 947 1478; x_wconf 89' lang='lat' dir='ltr'>Maium</span> <span class='ocrx_word' id='word_1_225' title='bbox 963 1456 993 1479; x_wconf 89' lang='lat' dir='ltr'>a.</span> <span class='ocrx_word' id='word_1_226' title='bbox 1007 1444 1096 1478; x_wconf 89' lang='lat'>1573</span> <span class='ocrx_word' id='word_1_227' title='bbox 1111 1456 1150 1478; x_wconf 90' lang='lat' dir='ltr'>se</span> <span class='ocrx_word' id='word_1_228' title='bbox 1165 1444 1352 1479; x_wconf 88' lang='lat' dir='ltr'>abdicasse</span> <span class='ocrx_word' id='word_1_229' title='bbox 1367 1445 1521 1485; x_wconf 78' lang='lat' dir='ltr'>videtur,</span> <span class='ocrx_word' id='word_1_230' title='bbox 1535 1447 1661 1490; x_wconf 90' lang='lat' dir='ltr'>postea</span> <span class='ocrx_word' id='word_1_231' title='bbox 1675 1456 1816 1490; x_wconf 91' lang='lat' dir='ltr'>quoque</span> <span class='ocrx_word' id='word_1_232' title='bbox 1827 1444 1938 1479; x_wconf 89' lang='lat' dir='ltr'>abbas</span> 
     </span>
     <span class='ocr_line' id='line_1_23' title="bbox 163 1496 1938 1543; baseline 0.002 -14"><span class='ocrx_word' id='word_1_233' title='bbox 163 1496 274 1530; x_wconf 89' lang='lat' dir='ltr'>Modii</span> <span class='ocrx_word' id='word_1_234' title='bbox 300 1509 555 1542; x_wconf 89' lang='lat' dir='ltr'>nonnunquam</span> <span class='ocrx_word' id='word_1_235' title='bbox 574 1498 781 1532; x_wconf 83' lang='lat' dir='ltr'>vocabatur.</span> <span class='ocrx_word' id='word_1_236' title='bbox 826 1497 878 1531; x_wconf 89' lang='lat' dir='ltr'>De</span> <span class='ocrx_word' id='word_1_237' title='bbox 896 1497 963 1532; x_wconf 91' lang='lat' dir='ltr'>hoc</span> <span class='ocrx_word' id='word_1_238' title='bbox 982 1498 1070 1540; x_wconf 89' lang='lat' dir='ltr'>viro,</span> <span class='ocrx_word' id='word_1_239' title='bbox 1098 1498 1159 1543; x_wconf 93' lang='lat' dir='ltr'>qui</span> <span class='ocrx_word' id='word_1_240' title='bbox 1185 1498 1358 1543; x_wconf 84' lang='lat' dir='ltr'>proximis</span> <span class='ocrx_word' id='word_1_241' title='bbox 1377 1499 1480 1533; x_wconf 88' lang='lat' dir='ltr'>annis</span> <span class='ocrx_word' id='word_1_242' title='bbox 1506 1499 1676 1543; x_wconf 83' lang='lat' dir='ltr'>frequens</span> <span class='ocrx_word' id='word_1_243' title='bbox 1695 1510 1776 1533; x_wconf 90' lang='lat' dir='ltr'>cum</span> <span class='ocrx_word' id='word_1_244' title='bbox 1795 1498 1938 1533; x_wconf 88' lang='lat' dir='ltr'>Canisio</span> 
     </span>
     <span class='ocr_line' id='line_1_24' title="bbox 164 1548 1937 1595; baseline 0.002 -13"><span class='ocrx_word' id='word_1_245' title='bbox 164 1548 355 1585; x_wconf 89' lang='lat' dir='ltr'>habiturus</span> <span class='ocrx_word' id='word_1_246' title='bbox 370 1553 447 1585; x_wconf 89' lang='lat' dir='ltr'>erat</span> <span class='ocrx_word' id='word_1_247' title='bbox 462 1551 725 1592; x_wconf 87' lang='lat' dir='ltr'>commercium,</span> <span class='ocrx_word' id='word_1_248' title='bbox 740 1552 908 1594; x_wconf 69' lang='lat' dir='ltr'>Iosephus</span> <span class='ocrx_word' id='word_1_249' title='bbox 923 1552 1071 1586; x_wconf 73' lang='lat' dir='ltr'>Hansen</span> <span class='ocrx_word' id='word_1_250' title='bbox 1085 1551 1229 1586; x_wconf 88' lang='lat' dir='ltr'>scribit:</span> <span class='ocrx_word' id='word_1_251' title='bbox 1254 1580 1266 1595; x_wconf 85' lang='lat'>„</span> <span class='ocrx_word' id='word_1_252' title='bbox 1276 1552 1350 1586; x_wconf 90' lang='lat' dir='ltr'>Aus</span> <span class='ocrx_word' id='word_1_253' title='bbox 1365 1552 1488 1586; x_wconf 91' lang='lat' dir='ltr'>seinen</span> <span class='ocrx_word' id='word_1_254' title='bbox 1502 1551 1729 1586; x_wconf 88' lang='lat' dir='ltr'>zahlreichen</span> <span class='ocrx_word' id='word_1_255' title='bbox 1744 1551 1937 1586; x_wconf 88' lang='lat' dir='ltr'>Berichten</span> 
     </span>
     <span class='ocr_line' id='line_1_25' title="bbox 164 1603 1938 1650; baseline 0.001 -14"><span class='ocrx_word' id='word_1_256' title='bbox 164 1603 246 1637; x_wconf 85' lang='lat' dir='ltr'>tritt</span> <span class='ocrx_word' id='word_1_257' title='bbox 272 1616 310 1638; x_wconf 88' lang='lat' dir='ltr'>er</span> <span class='ocrx_word' id='word_1_258' title='bbox 337 1616 404 1638; x_wconf 91' lang='lat' dir='ltr'>uns</span> <span class='ocrx_word' id='word_1_259' title='bbox 431 1604 486 1639; x_wconf 86' lang='lat' dir='ltr'>als</span> <span class='ocrx_word' id='word_1_260' title='bbox 512 1605 569 1639; x_wconf 88' lang='lat' dir='ltr'>ein</span> <span class='ocrx_word' id='word_1_261' title='bbox 595 1604 728 1646; x_wconf 86' lang='lat' dir='ltr'>klarer,</span> <span class='ocrx_word' id='word_1_262' title='bbox 755 1605 916 1640; x_wconf 88' lang='lat' dir='ltr'>sachlich</span> <span class='ocrx_word' id='word_1_263' title='bbox 952 1605 1158 1639; x_wconf 87' lang='lat' dir='ltr'>denkender</span> <span class='ocrx_word' id='word_1_264' title='bbox 1184 1605 1290 1650; x_wconf 89' lang='lat' dir='ltr'>Kopf‚</span> <span class='ocrx_word' id='word_1_265' title='bbox 1326 1605 1380 1639; x_wconf 89' lang='lat' dir='ltr'>als</span> <span class='ocrx_word' id='word_1_266' title='bbox 1415 1604 1646 1650; x_wconf 86' lang='lat' dir='ltr'>geschickter</span> <span class='ocrx_word' id='word_1_267' title='bbox 1672 1605 1938 1640; x_wconf 75' lang='lat' dir='ltr'>Unterhandler</span> 
     </span>
     <span class='ocr_line' id='line_1_26' title="bbox 166 1657 1938 1702; baseline 0.001 -12"><span class='ocrx_word' id='word_1_268' title='bbox 166 1658 358 1701; x_wconf 85' lang='lat' dir='ltr'>entgegen,</span> <span class='ocrx_word' id='word_1_269' title='bbox 387 1658 449 1692; x_wconf 87' lang='lat' dir='ltr'>der</span> <span class='ocrx_word' id='word_1_270' title='bbox 474 1658 592 1693; x_wconf 87' lang='lat' dir='ltr'>seiner</span> <span class='ocrx_word' id='word_1_271' title='bbox 618 1657 856 1701; x_wconf 84' lang='lat' dir='ltr'>schwierigen</span> <span class='ocrx_word' id='word_1_272' title='bbox 883 1658 1050 1702; x_wconf 85' lang='lat' dir='ltr'>Ausgabe</span> <span class='ocrx_word' id='word_1_273' title='bbox 1076 1657 1171 1692; x_wconf 89' lang='lat' dir='ltr'>wohl</span> <span class='ocrx_word' id='word_1_274' title='bbox 1198 1658 1412 1701; x_wconf 84' lang='lat' dir='ltr'>gewachsen</span> <span class='ocrx_word' id='word_1_275' title='bbox 1440 1661 1554 1693; x_wconf 83' lang='lat' dir='ltr'>war“:</span> <span class='ocrx_word' id='word_1_276' title='bbox 1580 1658 1938 1693; x_wconf 81' lang='lat' dir='ltr'>NuntiaturberIchte</span> 
     </span>
     <span class='ocr_line' id='line_1_27' title="bbox 165 1710 1937 1753; baseline 0.002 -10"><span class='ocrx_word' id='word_1_277' title='bbox 165 1720 230 1744; x_wconf 89' lang='lat' dir='ltr'>aus</span> <span class='ocrx_word' id='word_1_278' title='bbox 254 1710 502 1745; x_wconf 86' lang='lat' dir='ltr'>Deutschland</span> <span class='ocrx_word' id='word_1_279' title='bbox 524 1710 756 1746; x_wconf 70' lang='lat'>1582—1585</span> <span class='ocrx_word' id='word_1_280' title='bbox 775 1711 801 1752; x_wconf 88' lang='grc' dir='ltr'>Ι,</span> <span class='ocrx_word' id='word_1_281' title='bbox 828 1711 950 1746; x_wconf 90' lang='lat' dir='ltr'>Berlin</span> <span class='ocrx_word' id='word_1_282' title='bbox 973 1712 1072 1753; x_wconf 82' lang='lat'>1892,</span> <span class='ocrx_word' id='word_1_283' title='bbox 1100 1712 1227 1747; x_wconf 84' lang='lat'>9—10.</span> <span class='ocrx_word' id='word_1_284' title='bbox 1264 1713 1311 1747; x_wconf 89' lang='lat' dir='ltr'>Et</span> <span class='ocrx_word' id='word_1_285' title='bbox 1340 1714 1492 1746; x_wconf 76' lang='lat' dir='ltr'>Carolus</span> <span class='ocrx_word' id='word_1_286' title='bbox 1521 1713 1719 1747; x_wconf 69' lang='lat' dir='ltr'>Schelllzass</span> <span class='ocrx_word' id='word_1_287' title='bbox 1746 1712 1788 1746; x_wconf 88' lang='lat' dir='ltr'>de</span> <span class='ocrx_word' id='word_1_288' title='bbox 1815 1712 1937 1746; x_wconf 90' lang='lat' dir='ltr'>eodem</span> 
     </span>
     <span class='ocr_line' id='line_1_28' title="bbox 163 1763 1937 1809; baseline 0.001 -12"><span class='ocrx_word' id='word_1_289' title='bbox 163 1765 339 1798; x_wconf 87' lang='lat' dir='ltr'>testatur:</span> <span class='ocrx_word' id='word_1_290' title='bbox 387 1764 446 1806; x_wconf 82' lang='lat' dir='ltr'>„ln</span> <span class='ocrx_word' id='word_1_291' title='bbox 484 1763 558 1798; x_wconf 91' lang='lat' dir='ltr'>ihm</span> <span class='ocrx_word' id='word_1_292' title='bbox 594 1764 795 1807; x_wconf 86' lang='lat' dir='ltr'>vereinigte</span> <span class='ocrx_word' id='word_1_293' title='bbox 838 1764 915 1798; x_wconf 89' lang='lat' dir='ltr'>sich</span> <span class='ocrx_word' id='word_1_294' title='bbox 959 1765 1015 1799; x_wconf 92' lang='lat' dir='ltr'>ein</span> <span class='ocrx_word' id='word_1_295' title='bbox 1053 1765 1174 1799; x_wconf 89' lang='lat' dir='ltr'>klarer</span> <span class='ocrx_word' id='word_1_296' title='bbox 1210 1765 1313 1800; x_wconf 87' lang='lat' dir='ltr'>Blick</span> <span class='ocrx_word' id='word_1_297' title='bbox 1342 1793 1348 1800; x_wconf 97' lang='lat'>.</span> <span class='ocrx_word' id='word_1_298' title='bbox 1380 1791 1387 1799; x_wconf 91' lang='lat'>.</span> <span class='ocrx_word' id='word_1_299' title='bbox 1419 1793 1426 1801; x_wconf 93' lang='lat'>.</span> <span class='ocrx_word' id='word_1_300' title='bbox 1462 1766 1527 1800; x_wconf 88' lang='lat' dir='ltr'>mit</span> <span class='ocrx_word' id='word_1_301' title='bbox 1570 1766 1685 1800; x_wconf 88' lang='lat' dir='ltr'>einem</span> <span class='ocrx_word' id='word_1_302' title='bbox 1724 1767 1835 1809; x_wconf 87' lang='lat' dir='ltr'>guten</span> <span class='ocrx_word' id='word_1_303' title='bbox 1871 1764 1937 1799; x_wconf 85' lang='lat' dir='ltr'>Ge-</span> 
     </span>
     <span class='ocr_line' id='line_1_29' title="bbox 163 1815 1936 1862; baseline 0.001 -12"><span class='ocrx_word' id='word_1_304' title='bbox 163 1815 339 1851; x_wconf 74' lang='lat' dir='ltr'>dachtnis.</span> <span class='ocrx_word' id='word_1_305' title='bbox 364 1845 368 1851; x_wconf 89' lang='lat'>.</span> <span class='ocrx_word' id='word_1_306' title='bbox 389 1844 395 1851; x_wconf 88' lang='lat'>.</span> <span class='ocrx_word' id='word_1_307' title='bbox 417 1844 424 1851; x_wconf 93' lang='lat'>.</span> <span class='ocrx_word' id='word_1_308' title='bbox 453 1817 500 1851; x_wconf 89' lang='lat' dir='ltr'>Er</span> <span class='ocrx_word' id='word_1_309' title='bbox 518 1829 593 1851; x_wconf 89' lang='lat' dir='ltr'>war</span> <span class='ocrx_word' id='word_1_310' title='bbox 616 1818 695 1852; x_wconf 90' lang='lat' dir='ltr'>eine</span> <span class='ocrx_word' id='word_1_311' title='bbox 721 1817 809 1852; x_wconf 78' lang='lat' dir='ltr'>zahe</span> <span class='ocrx_word' id='word_1_312' title='bbox 828 1818 945 1852; x_wconf 91' lang='lat' dir='ltr'>Natur</span> <span class='ocrx_word' id='word_1_313' title='bbox 963 1818 1034 1852; x_wconf 89' lang='lat' dir='ltr'>und</span> <span class='ocrx_word' id='word_1_314' title='bbox 1053 1818 1233 1852; x_wconf 90' lang='lat' dir='ltr'>durchaus</span> <span class='ocrx_word' id='word_1_315' title='bbox 1259 1819 1423 1853; x_wconf 87' lang='lat' dir='ltr'>lauteren</span> <span class='ocrx_word' id='word_1_316' title='bbox 1442 1818 1569 1854; x_wconf 90' lang='lat' dir='ltr'>Sinnes</span> <span class='ocrx_word' id='word_1_317' title='bbox 1589 1845 1596 1853; x_wconf 92' lang='lat'>.</span> <span class='ocrx_word' id='word_1_318' title='bbox 1617 1846 1624 1852; x_wconf 93' lang='lat'>.</span> <span class='ocrx_word' id='word_1_319' title='bbox 1645 1846 1651 1853; x_wconf 95' lang='lat'>.</span> <span class='ocrx_word' id='word_1_320' title='bbox 1680 1818 1754 1853; x_wconf 82' lang='lat' dir='ltr'>Das</span> <span class='ocrx_word' id='word_1_321' title='bbox 1774 1818 1936 1862; x_wconf 86' lang='lat' dir='ltr'>Zeugnis,</span> 
     </span>
     <span class='ocr_line' id='line_1_30' title="bbox 163 1868 1936 1916; baseline 0 -12"><span class='ocrx_word' id='word_1_322' title='bbox 163 1868 234 1904; x_wconf 66' lang='lat' dir='ltr'>dal}</span> <span class='ocrx_word' id='word_1_323' title='bbox 270 1882 308 1904; x_wconf 89' lang='lat' dir='ltr'>er</span> <span class='ocrx_word' id='word_1_324' title='bbox 342 1870 481 1905; x_wconf 76' lang='lat' dir='ltr'>iiberall</span> <span class='ocrx_word' id='word_1_325' title='bbox 523 1871 601 1905; x_wconf 94' lang='lat' dir='ltr'>sein</span> <span class='ocrx_word' id='word_1_326' title='bbox 638 1871 766 1906; x_wconf 87' lang='lat' dir='ltr'>Bestes</span> <span class='ocrx_word' id='word_1_327' title='bbox 809 1871 880 1915; x_wconf 87' lang='lat' dir='ltr'>gab</span> <span class='ocrx_word' id='word_1_328' title='bbox 918 1871 990 1905; x_wconf 90' lang='lat' dir='ltr'>und</span> <span class='ocrx_word' id='word_1_329' title='bbox 1028 1873 1120 1906; x_wconf 87' lang='lat' dir='ltr'>stets</span> <span class='ocrx_word' id='word_1_330' title='bbox 1159 1872 1226 1906; x_wconf 90' lang='lat' dir='ltr'>mit</span> <span class='ocrx_word' id='word_1_331' title='bbox 1270 1870 1438 1916; x_wconf 69' lang='lat' dir='ltr'>grosstem</span> <span class='ocrx_word' id='word_1_332' title='bbox 1476 1871 1577 1907; x_wconf 85' lang='lat' dir='ltr'>Eifer</span> <span class='ocrx_word' id='word_1_333' title='bbox 1620 1872 1677 1906; x_wconf 90' lang='lat' dir='ltr'>bei</span> <span class='ocrx_word' id='word_1_334' title='bbox 1723 1872 1784 1906; x_wconf 90' lang='lat' dir='ltr'>der</span> <span class='ocrx_word' id='word_1_335' title='bbox 1822 1870 1936 1905; x_wconf 85' lang='lat' dir='ltr'>Sache</span> 
     </span>
     <span class='ocr_line' id='line_1_31' title="bbox 164 1923 1937 1968; baseline 0.001 -12"><span class='ocrx_word' id='word_1_336' title='bbox 164 1935 249 1964; x_wconf 89' lang='lat' dir='ltr'>war,</span> <span class='ocrx_word' id='word_1_337' title='bbox 287 1923 372 1958; x_wconf 90' lang='lat' dir='ltr'>wird</span> <span class='ocrx_word' id='word_1_338' title='bbox 408 1935 489 1958; x_wconf 90' lang='lat' dir='ltr'>man</span> <span class='ocrx_word' id='word_1_339' title='bbox 516 1924 640 1958; x_wconf 89' lang='lat' dir='ltr'>Portia</span> <span class='ocrx_word' id='word_1_340' title='bbox 674 1924 774 1959; x_wconf 89' lang='lat' dir='ltr'>nicht</span> <span class='ocrx_word' id='word_1_341' title='bbox 800 1936 979 1968; x_wconf 85' lang='lat' dir='ltr'>versagen</span> <span class='ocrx_word' id='word_1_342' title='bbox 1014 1924 1180 1960; x_wconf 74' lang='lat' dir='ltr'>konnen:</span> <span class='ocrx_word' id='word_1_343' title='bbox 1208 1925 1565 1960; x_wconf 86' lang='lat' dir='ltr'>Nuntiaturberichte</span> <span class='ocrx_word' id='word_1_344' title='bbox 1599 1936 1665 1960; x_wconf 84' lang='lat' dir='ltr'>aus</span> <span class='ocrx_word' id='word_1_345' title='bbox 1691 1924 1937 1959; x_wconf 85' lang='lat' dir='ltr'>Deutschland</span> 
     </span>
     <span class='ocr_line' id='line_1_32' title="bbox 167 1977 1938 2022; baseline 0 -11"><span class='ocrx_word' id='word_1_346' title='bbox 167 1977 400 2012; x_wconf 70' lang='lat'>1572—1585</span> <span class='ocrx_word' id='word_1_347' title='bbox 420 1978 463 2019; x_wconf 90' lang='lat' dir='ltr'>V,</span> <span class='ocrx_word' id='word_1_348' title='bbox 490 1977 613 2012; x_wconf 89' lang='lat' dir='ltr'>Berlin</span> <span class='ocrx_word' id='word_1_349' title='bbox 634 1978 735 2020; x_wconf 85' lang='lat'>1909,</span> <span class='ocrx_word' id='word_1_350' title='bbox 763 1989 1016 2013; x_wconf 68' lang='lat' dir='ltr'>CXVI—CXVII.</span> <span class='ocrx_word' id='word_1_351' title='bbox 1058 1978 1202 2013; x_wconf 89' lang='lat' dir='ltr'>Portiae</span> <span class='ocrx_word' id='word_1_352' title='bbox 1229 1979 1420 2013; x_wconf 87' lang='lat' dir='ltr'>adiunctus</span> <span class='ocrx_word' id='word_1_353' title='bbox 1439 1981 1518 2013; x_wconf 87' lang='lat' dir='ltr'>erat</span> <span class='ocrx_word' id='word_1_354' title='bbox 1542 1978 1736 2022; x_wconf 81' lang='lat' dir='ltr'>legationis</span> <span class='ocrx_word' id='word_1_355' title='bbox 1756 1977 1876 2012; x_wconf 90' lang='lat' dir='ltr'>socius</span> <span class='ocrx_word' id='word_1_356' title='bbox 1902 1980 1938 2012; x_wconf 90' lang='lat' dir='ltr'>et</span> 
     </span>
     <span class='ocr_line' id='line_1_33' title="bbox 165 2030 1937 2077; baseline 0.001 -13"><span class='ocrx_word' id='word_1_357' title='bbox 165 2031 307 2065; x_wconf 89' lang='lat' dir='ltr'>adiutor</span> <span class='ocrx_word' id='word_1_358' title='bbox 333 2031 485 2065; x_wconf 88' lang='lat' dir='ltr'>Ioannes</span> <span class='ocrx_word' id='word_1_359' title='bbox 513 2030 753 2075; x_wconf 86' lang='lat' dir='ltr'>Schencking,</span> <span class='ocrx_word' id='word_1_360' title='bbox 793 2032 987 2067; x_wconf 88' lang='lat' dir='ltr'>canonicus</span> <span class='ocrx_word' id='word_1_361' title='bbox 1026 2034 1252 2076; x_wconf 87' lang='lat' dir='ltr'>augustanus</span> <span class='ocrx_word' id='word_1_362' title='bbox 1292 2033 1356 2077; x_wconf 90' lang='lat' dir='ltr'>(H.</span> <span class='ocrx_word' id='word_1_363' title='bbox 1387 2034 1554 2074; x_wconf 75' lang='lat' dir='ltr'>Bc‘audet,</span> <span class='ocrx_word' id='word_1_364' title='bbox 1592 2031 1662 2066; x_wconf 91' lang='lat' dir='ltr'>Les</span> <span class='ocrx_word' id='word_1_365' title='bbox 1698 2031 1937 2066; x_wconf 89' lang='lat' dir='ltr'>Nonciatures</span> 
     </span>
     <span class='ocr_line' id='line_1_34' title="bbox 164 2083 1937 2131; baseline 0 -13"><span class='ocrx_word' id='word_1_366' title='bbox 164 2083 421 2129; x_wconf 87' lang='lat' dir='ltr'>Apostoliques</span> <span class='ocrx_word' id='word_1_367' title='bbox 446 2087 698 2129; x_wconf 88' lang='lat' dir='ltr'>permanentes</span> <span class='ocrx_word' id='word_1_368' title='bbox 721 2085 890 2131; x_wconf 81' lang='lat' dir='ltr'>jusqu&#39;en</span> <span class='ocrx_word' id='word_1_369' title='bbox 919 2085 1021 2127; x_wconf 83' lang='lat'>1648,</span> <span class='ocrx_word' id='word_1_370' title='bbox 1048 2085 1235 2120; x_wconf 90' lang='lat' dir='ltr'>Helsinski</span> <span class='ocrx_word' id='word_1_371' title='bbox 1265 2086 1367 2127; x_wconf 84' lang='lat'>1910,</span> <span class='ocrx_word' id='word_1_372' title='bbox 1395 2086 1482 2126; x_wconf 72' lang='lat'>281;</span> <span class='ocrx_word' id='word_1_373' title='bbox 1521 2087 1732 2129; x_wconf 75' lang='lat' dir='ltr'>Schellhass,</span> <span class='ocrx_word' id='word_1_374' title='bbox 1758 2084 1866 2119; x_wconf 88' lang='lat' dir='ltr'>Nunt.</span> <span class='ocrx_word' id='word_1_375' title='bbox 1886 2084 1937 2118; x_wconf 91' lang='lat' dir='ltr'>III</span> 
     </span>
     <span class='ocr_line' id='line_1_35' title="bbox 164 2138 1937 2185; baseline 0.001 -14"><span class='ocrx_word' id='word_1_376' title='bbox 164 2149 215 2171; x_wconf 85' lang='lat' dir='ltr'>xx</span> <span class='ocrx_word' id='word_1_377' title='bbox 233 2138 520 2182; x_wconf 78' lang='lat' dir='ltr'>xxxv1—xLVI).</span> <span class='ocrx_word' id='word_1_378' title='bbox 564 2138 630 2173; x_wconf 92' lang='lat' dir='ltr'>Die</span> <span class='ocrx_word' id='word_1_379' title='bbox 657 2138 689 2174; x_wconf 91' lang='lat'>8.</span> <span class='ocrx_word' id='word_1_380' title='bbox 708 2140 865 2183; x_wconf 87' lang='lat' dir='ltr'>Augusti</span> <span class='ocrx_word' id='word_1_381' title='bbox 885 2139 975 2175; x_wconf 84' lang='lat'>1573</span> <span class='ocrx_word' id='word_1_382' title='bbox 996 2139 1194 2183; x_wconf 84' lang='lat' dir='ltr'>Gregorius</span> <span class='ocrx_word' id='word_1_383' title='bbox 1220 2151 1284 2185; x_wconf 91' lang='lat' dir='ltr'>per</span> <span class='ocrx_word' id='word_1_384' title='bbox 1310 2139 1529 2174; x_wconf 86' lang='lat' dir='ltr'>cardinalem</span> <span class='ocrx_word' id='word_1_385' title='bbox 1549 2139 1760 2174; x_wconf 89' lang='lat' dir='ltr'>Comensem</span> <span class='ocrx_word' id='word_1_386' title='bbox 1778 2138 1937 2172; x_wconf 84' lang='lat' dir='ltr'>Portiam</span> 
     </span>
     <span class='ocr_line' id='line_1_36' title="bbox 164 2191 1936 2238; baseline 0.001 -14"><span class='ocrx_word' id='word_1_387' title='bbox 164 2191 353 2225; x_wconf 88' lang='lat' dir='ltr'>certiorem</span> <span class='ocrx_word' id='word_1_388' title='bbox 379 2191 484 2226; x_wconf 86' lang='lat' dir='ltr'>fecit:</span> <span class='ocrx_word' id='word_1_389' title='bbox 513 2191 692 2226; x_wconf 87' lang='lat' dir='ltr'>Statuisse</span> <span class='ocrx_word' id='word_1_390' title='bbox 719 2204 758 2226; x_wconf 88' lang='lat' dir='ltr'>se</span> <span class='ocrx_word' id='word_1_391' title='bbox 785 2193 936 2236; x_wconf 86' lang='lat' dir='ltr'>collegio</span> <span class='ocrx_word' id='word_1_392' title='bbox 962 2194 1168 2237; x_wconf 84' lang='lat' dir='ltr'>germanico</span> <span class='ocrx_word' id='word_1_393' title='bbox 1194 2205 1351 2227; x_wconf 89' lang='lat' dir='ltr'>annuum</span> <span class='ocrx_word' id='word_1_394' title='bbox 1380 2196 1589 2238; x_wconf 88' lang='lat' dir='ltr'>certumque</span> <span class='ocrx_word' id='word_1_395' title='bbox 1619 2192 1741 2228; x_wconf 91' lang='grc'>10000</span> <span class='ocrx_word' id='word_1_396' title='bbox 1767 2192 1936 2226; x_wconf 89' lang='lat' dir='ltr'>ducatum</span> 
     </span>
     <span class='ocr_line' id='line_1_37' title="bbox 166 2244 1936 2291; baseline 0 -13"><span class='ocrx_word' id='word_1_397' title='bbox 166 2244 320 2278; x_wconf 91' lang='lat' dir='ltr'>reditum</span> <span class='ocrx_word' id='word_1_398' title='bbox 349 2244 443 2285; x_wconf 86' lang='lat' dir='ltr'>dare,</span> <span class='ocrx_word' id='word_1_399' title='bbox 470 2256 540 2289; x_wconf 89' lang='lat' dir='ltr'>quo</span> <span class='ocrx_word' id='word_1_400' title='bbox 567 2257 630 2290; x_wconf 91' lang='lat' dir='ltr'>pro</span> <span class='ocrx_word' id='word_1_401' title='bbox 656 2246 701 2279; x_wconf 80' lang='lat'>25</span> <span class='ocrx_word' id='word_1_402' title='bbox 720 2246 795 2280; x_wconf 87' lang='lat' dir='ltr'>fere</span> <span class='ocrx_word' id='word_1_403' title='bbox 813 2246 979 2288; x_wconf 88' lang='lat' dir='ltr'>alumnis,</span> <span class='ocrx_word' id='word_1_404' title='bbox 1006 2247 1066 2291; x_wconf 90' lang='lat' dir='ltr'>qui</span> <span class='ocrx_word' id='word_1_405' title='bbox 1086 2247 1189 2281; x_wconf 91' lang='lat' dir='ltr'>modo</span> <span class='ocrx_word' id='word_1_406' title='bbox 1208 2247 1244 2280; x_wconf 89' lang='lat' dir='ltr'>in</span> <span class='ocrx_word' id='word_1_407' title='bbox 1263 2258 1303 2281; x_wconf 90' lang='lat' dir='ltr'>eo</span> <span class='ocrx_word' id='word_1_408' title='bbox 1321 2248 1623 2288; x_wconf 84' lang='lat' dir='ltr'>sustentarentur,</span> <span class='ocrx_word' id='word_1_409' title='bbox 1652 2246 1719 2281; x_wconf 91' lang='lat'>100</span> <span class='ocrx_word' id='word_1_410' title='bbox 1736 2245 1936 2284; x_wconf 81' lang='lat' dir='ltr'>alerentur;</span> 
     </span>
     <span class='ocr_line' id='line_1_38' title="bbox 166 2298 1936 2345; baseline 0.001 -14"><span class='ocrx_word' id='word_1_411' title='bbox 166 2300 202 2331; x_wconf 86' lang='lat' dir='ltr'>et</span> <span class='ocrx_word' id='word_1_412' title='bbox 237 2298 404 2342; x_wconf 86' lang='lat' dir='ltr'>quoniam</span> <span class='ocrx_word' id='word_1_413' title='bbox 432 2298 577 2333; x_wconf 88' lang='lat' dir='ltr'>Portiae</span> <span class='ocrx_word' id='word_1_414' title='bbox 612 2299 863 2334; x_wconf 87' lang='lat' dir='ltr'>adulescentes</span> <span class='ocrx_word' id='word_1_415' title='bbox 897 2300 1036 2344; x_wconf 88' lang='lat' dir='ltr'>aliquot</span> <span class='ocrx_word' id='word_1_416' title='bbox 1070 2300 1187 2334; x_wconf 90' lang='lat' dir='ltr'>idonei</span> <span class='ocrx_word' id='word_1_417' title='bbox 1220 2300 1414 2345; x_wconf 89' lang='lat' dir='ltr'>quaerendi</span> <span class='ocrx_word' id='word_1_418' title='bbox 1441 2301 1573 2342; x_wconf 81' lang='lat' dir='ltr'>essent,</span> <span class='ocrx_word' id='word_1_419' title='bbox 1608 2301 1679 2334; x_wconf 84' lang='lat' dir='ltr'>iam</span> <span class='ocrx_word' id='word_1_420' title='bbox 1706 2299 1738 2333; x_wconf 89' lang='lat' dir='ltr'>ei</span> <span class='ocrx_word' id='word_1_421' title='bbox 1764 2298 1858 2333; x_wconf 85' lang='lat' dir='ltr'>mitti</span> <span class='ocrx_word' id='word_1_422' title='bbox 1884 2309 1936 2333; x_wconf 75' lang='lat' dir='ltr'>or-</span> 
     </span>
     <span class='ocr_line' id='line_1_39' title="bbox 165 2351 1939 2399; baseline 0 -14"><span class='ocrx_word' id='word_1_423' title='bbox 165 2351 283 2385; x_wconf 92' lang='lat' dir='ltr'>dinem</span> <span class='ocrx_word' id='word_1_424' title='bbox 310 2351 388 2386; x_wconf 85' lang='lat' dir='ltr'>sive</span> <span class='ocrx_word' id='word_1_425' title='bbox 414 2351 515 2396; x_wconf 87' lang='lat' dir='ltr'>leges</span> <span class='ocrx_word' id='word_1_426' title='bbox 542 2352 694 2396; x_wconf 88' lang='lat' dir='ltr'>colIegii,</span> <span class='ocrx_word' id='word_1_427' title='bbox 730 2353 1022 2389; x_wconf 88' lang='lat' dir='ltr'>adulescentibus</span> <span class='ocrx_word' id='word_1_428' title='bbox 1049 2353 1121 2388; x_wconf 91' lang='lat' dir='ltr'>illis</span> <span class='ocrx_word' id='word_1_429' title='bbox 1147 2365 1340 2398; x_wconf 90' lang='lat' dir='ltr'>eorumque</span> <span class='ocrx_word' id='word_1_430' title='bbox 1366 2354 1575 2399; x_wconf 83' lang='lat' dir='ltr'>parentibus</span> <span class='ocrx_word' id='word_1_431' title='bbox 1601 2354 1863 2392; x_wconf 87' lang='lat' dir='ltr'>monstrandas,</span> <span class='ocrx_word' id='word_1_432' title='bbox 1899 2354 1939 2385; x_wconf 87' lang='lat' dir='ltr'>ut</span> 
     </span>
     <span class='ocr_line' id='line_1_40' title="bbox 165 2404 1938 2452; baseline 0 -13"><span class='ocrx_word' id='word_1_433' title='bbox 165 2416 257 2449; x_wconf 87' lang='lat' dir='ltr'>quae</span> <span class='ocrx_word' id='word_1_434' title='bbox 289 2405 324 2439; x_wconf 92' lang='lat' dir='ltr'>in</span> <span class='ocrx_word' id='word_1_435' title='bbox 351 2404 502 2449; x_wconf 84' lang='lat' dir='ltr'>collegio</span> <span class='ocrx_word' id='word_1_436' title='bbox 529 2406 755 2441; x_wconf 88' lang='lat' dir='ltr'>observanda</span> <span class='ocrx_word' id='word_1_437' title='bbox 782 2409 913 2449; x_wconf 90' lang='lat' dir='ltr'>essent,</span> <span class='ocrx_word' id='word_1_438' title='bbox 949 2407 1001 2442; x_wconf 94' lang='lat' dir='ltr'>illi</span> <span class='ocrx_word' id='word_1_439' title='bbox 1037 2408 1172 2442; x_wconf 88' lang='lat' dir='ltr'>scirent</span> <span class='ocrx_word' id='word_1_440' title='bbox 1200 2407 1418 2452; x_wconf 78' lang='lat' dir='ltr'>(Schellhass</span> <span class='ocrx_word' id='word_1_441' title='bbox 1442 2407 1466 2443; x_wconf 91' lang='lat' dir='ltr'>l.</span> <span class='ocrx_word' id='word_1_442' title='bbox 1486 2419 1514 2441; x_wconf 92' lang='lat' dir='ltr'>c.</span> <span class='ocrx_word' id='word_1_443' title='bbox 1535 2407 1608 2451; x_wconf 88' lang='lat'>73).</span> <span class='ocrx_word' id='word_1_444' title='bbox 1660 2406 1773 2440; x_wconf 88' lang='lat' dir='ltr'>Simili</span> <span class='ocrx_word' id='word_1_445' title='bbox 1800 2405 1938 2440; x_wconf 89' lang='lat' dir='ltr'>ratione</span> 
     </span>
     <span class='ocr_line' id='line_1_41' title="bbox 166 2457 1939 2506; baseline 0.001 -16"><span class='ocrx_word' id='word_1_446' title='bbox 166 2457 314 2493; x_wconf 85' lang='lat' dir='ltr'>loannes</span> <span class='ocrx_word' id='word_1_447' title='bbox 352 2470 493 2503; x_wconf 89' lang='lat' dir='ltr'>quoque</span> <span class='ocrx_word' id='word_1_448' title='bbox 531 2458 732 2504; x_wconf 90' lang='lat' dir='ltr'>Delphinus</span> <span class='ocrx_word' id='word_1_449' title='bbox 770 2462 806 2494; x_wconf 91' lang='lat' dir='ltr'>et</span> <span class='ocrx_word' id='word_1_450' title='bbox 845 2460 1030 2505; x_wconf 85' lang='lat' dir='ltr'>Gasparus</span> <span class='ocrx_word' id='word_1_451' title='bbox 1066 2460 1274 2506; x_wconf 86' lang='lat' dir='ltr'>Gropperus</span> <span class='ocrx_word' id='word_1_452' title='bbox 1311 2460 1427 2495; x_wconf 89' lang='lat' dir='ltr'>nuntii</span> <span class='ocrx_word' id='word_1_453' title='bbox 1466 2460 1651 2506; x_wconf 86' lang='lat' dir='ltr'>apostolici</span> <span class='ocrx_word' id='word_1_454' title='bbox 1691 2459 1816 2494; x_wconf 89' lang='lat' dir='ltr'>moniti</span> <span class='ocrx_word' id='word_1_455' title='bbox 1853 2461 1939 2493; x_wconf 90' lang='lat' dir='ltr'>sunt</span> 
     </span>
     <span class='ocr_line' id='line_1_42' title="bbox 168 2510 1937 2558; baseline 0.001 -14"><span class='ocrx_word' id='word_1_456' title='bbox 168 2510 363 2551; x_wconf 56' lang='lat' dir='ltr'>(Se-lucare,</span> <span class='ocrx_word' id='word_1_457' title='bbox 400 2512 484 2546; x_wconf 89' lang='lat' dir='ltr'>Gut.</span> <span class='ocrx_word' id='word_1_458' title='bbox 508 2512 826 2554; x_wconf 78' lang='lat' dir='ltr'>XLVI—XLVH3</span> <span class='ocrx_word' id='word_1_459' title='bbox 865 2515 1077 2548; x_wconf 79' lang='lat' dir='ltr'>Steinhnber</span> <span class='ocrx_word' id='word_1_460' title='bbox 1102 2514 1125 2549; x_wconf 94' lang='lat' dir='ltr'>l.</span> <span class='ocrx_word' id='word_1_461' title='bbox 1155 2526 1185 2549; x_wconf 93' lang='lat' dir='ltr'>c.</span> <span class='ocrx_word' id='word_1_462' title='bbox 1214 2515 1254 2549; x_wconf 70' lang='lat' dir='ltr'>I&#39;3</span> <span class='ocrx_word' id='word_1_463' title='bbox 1280 2514 1353 2558; x_wconf 89' lang='lat'>95).</span> <span class='ocrx_word' id='word_1_464' title='bbox 1406 2514 1573 2549; x_wconf 85' lang='lat' dir='ltr'>Ceterum</span> <span class='ocrx_word' id='word_1_465' title='bbox 1609 2515 1643 2548; x_wconf 88' lang='lat' dir='ltr'>in</span> <span class='ocrx_word' id='word_1_466' title='bbox 1675 2513 1835 2556; x_wconf 76' lang='lat' dir='ltr'>„ordine“</span> <span class='ocrx_word' id='word_1_467' title='bbox 1877 2511 1937 2546; x_wconf 90' lang='lat' dir='ltr'>illo</span> 
     </span>
     <span class='ocr_line' id='line_1_43' title="bbox 166 2564 1938 2612; baseline 0.001 -14"><span class='ocrx_word' id='word_1_468' title='bbox 166 2564 234 2599; x_wconf 89' lang='lat' dir='ltr'>hoc</span> <span class='ocrx_word' id='word_1_469' title='bbox 260 2576 401 2610; x_wconf 87' lang='lat' dir='ltr'>quoque</span> <span class='ocrx_word' id='word_1_470' title='bbox 428 2566 613 2600; x_wconf 85' lang='lat' dir='ltr'>definitum</span> <span class='ocrx_word' id='word_1_471' title='bbox 633 2570 730 2601; x_wconf 86' lang='lat' dir='ltr'>erat:</span> <span class='ocrx_word' id='word_1_472' title='bbox 757 2566 889 2608; x_wconf 86' lang='lat' dir='ltr'>Quales</span> <span class='ocrx_word' id='word_1_473' title='bbox 909 2579 988 2602; x_wconf 88' lang='lat' dir='ltr'>esse</span> <span class='ocrx_word' id='word_1_474' title='bbox 1007 2567 1188 2609; x_wconf 89' lang='lat' dir='ltr'>deberent,</span> <span class='ocrx_word' id='word_1_475' title='bbox 1216 2568 1276 2612; x_wconf 89' lang='lat' dir='ltr'>qui</span> <span class='ocrx_word' id='word_1_476' title='bbox 1295 2569 1535 2603; x_wconf 86' lang='lat' dir='ltr'>mitterentur.</span> <span class='ocrx_word' id='word_1_477' title='bbox 1574 2568 1758 2611; x_wconf 89' lang='lat' dir='ltr'>Integrum</span> <span class='ocrx_word' id='word_1_478' title='bbox 1778 2565 1938 2600; x_wconf 87' lang='lat' dir='ltr'>ordinem</span> 
     </span>
     <span class='ocr_line' id='line_1_44' title="bbox 167 2618 1278 2664; baseline 0.005 -13"><span class='ocrx_word' id='word_1_479' title='bbox 167 2618 304 2662; x_wconf 86' lang='lat' dir='ltr'>primus</span> <span class='ocrx_word' id='word_1_480' title='bbox 330 2619 429 2664; x_wconf 85' lang='lat' dir='ltr'>typis</span> <span class='ocrx_word' id='word_1_481' title='bbox 455 2619 650 2664; x_wconf 87' lang='lat' dir='ltr'>exscripsit</span> <span class='ocrx_word' id='word_1_482' title='bbox 676 2621 876 2655; x_wconf 76' lang='lat' dir='ltr'>Schellhass</span> <span class='ocrx_word' id='word_1_483' title='bbox 901 2621 923 2656; x_wconf 94' lang='lat' dir='ltr'>l.</span> <span class='ocrx_word' id='word_1_484' title='bbox 944 2633 973 2656; x_wconf 89' lang='lat' dir='ltr'>c.</span> <span class='ocrx_word' id='word_1_485' title='bbox 1001 2621 1051 2656; x_wconf 88' lang='lat' dir='ltr'>III</span> <span class='ocrx_word' id='word_1_486' title='bbox 1077 2621 1278 2656; x_wconf 84' lang='lat'>413—420.</span> 
     </span>
    </p>
   </div>
   <div class='ocr_carea' id='block_1_6' title="bbox 168 2696 1938 2792">
    <p class='ocr_par' dir='ltr' id='par_1_6' title="bbox 168 2696 1938 2792">
     <span class='ocr_line' id='line_1_45' title="bbox 288 2696 1938 2742; baseline 0.001 -15"><span class='ocrx_word' id='word_1_487' title='bbox 288 2696 405 2728; x_wconf 65' lang='lat' dir='ltr'>Novas</span> <span class='ocrx_word' id='word_1_488' title='bbox 440 2698 703 2730; x_wconf 57' lang='lat' dir='ltr'>constitutiones</span> <span class='ocrx_word' id='word_1_489' title='bbox 738 2698 874 2742; x_wconf 73' lang='lat' dir='ltr'>colleqe&#39;e&#39;</span> <span class='ocrx_word' id='word_1_490' title='bbox 905 2699 1103 2742; x_wconf 71' lang='lat' dir='ltr'>qermanicc&#39;</span> <span class='ocrx_word' id='word_1_491' title='bbox 1128 2701 1233 2732; x_wconf 71' lang='lat' dir='ltr'>mittit</span> <span class='ocrx_word' id='word_1_492' title='bbox 1259 2704 1300 2742; x_wconf 80' lang='lat' dir='ltr'>el,</span> <span class='ocrx_word' id='word_1_493' title='bbox 1338 2704 1373 2731; x_wconf 76' lang='lat' dir='ltr'>ut</span> <span class='ocrx_word' id='word_1_494' title='bbox 1400 2700 1498 2733; x_wconf 68' lang='lat' dir='ltr'>Socii</span> <span class='ocrx_word' id='word_1_495' title='bbox 1532 2698 1765 2732; x_wconf 74' lang='lat' dir='ltr'>adulescentes</span> <span class='ocrx_word' id='word_1_496' title='bbox 1798 2707 1866 2740; x_wconf 73' lang='lat' dir='ltr'>pro</span> <span class='ocrx_word' id='word_1_497' title='bbox 1901 2706 1938 2729; x_wconf 77' lang='lat' dir='ltr'>eo</span> 
     </span>
     <span class='ocr_line' id='line_1_46' title="bbox 168 2750 536 2792; baseline 0.003 -10"><span class='ocrx_word' id='word_1_498' title='bbox 168 2750 347 2792; x_wconf 59' lang='lat' dir='ltr'>colliqunl,</span> <span class='ocrx_word' id='word_1_499' title='bbox 375 2751 536 2783; x_wconf 71' lang='lat' dir='ltr'>mandat.</span> 
     </span>
    </p>
   </div>
   <div class='ocr_carea' id='block_1_7' title="bbox 167 2850 1937 3233">
    <p class='ocr_par' dir='ltr' id='par_1_7' title="bbox 167 2850 1937 3233">
     <span class='ocr_line' id='line_1_47' title="bbox 287 2850 1936 2909; baseline 0.001 -19"><span class='ocrx_word' id='word_1_500' title='bbox 287 2850 636 2893; x_wconf 69' lang='lat' dir='ltr'>Bartholomaeus</span> <span class='ocrx_word' id='word_1_501' title='bbox 679 2854 729 2894; x_wconf 77' lang='lat' dir='ltr'>(le</span> <span class='ocrx_word' id='word_1_502' title='bbox 762 2853 909 2895; x_wconf 74' lang='lat' dir='ltr'>Fortia</span> <span class='ocrx_word' id='word_1_503' title='bbox 952 2854 1127 2895; x_wconf 77' lang='lat' dir='ltr'>nuntius</span> <span class='ocrx_word' id='word_1_504' title='bbox 1170 2855 1420 2909; x_wconf 75' lang='lat' dir='ltr'>apostolicus</span> <span class='ocrx_word' id='word_1_505' title='bbox 1462 2852 1710 2906; x_wconf 67' lang='lat' dir='ltr'>Sallsburyo</span> <span class='ocrx_word' id='word_1_506' title='bbox 1745 2854 1812 2892; x_wconf 66' lang='lat'>10’.</span> <span class='ocrx_word' id='word_1_507' title='bbox 1838 2850 1936 2904; x_wconf 75' lang='lat' dir='ltr'>Sep-</span> 
     </span>
     <span class='ocr_line' id='line_1_48' title="bbox 168 2915 1937 2974; baseline 0 -18"><span class='ocrx_word' id='word_1_508' title='bbox 168 2915 338 2957; x_wconf 69' lang='lat' dir='ltr'>tenebris</span> <span class='ocrx_word' id='word_1_509' title='bbox 380 2918 496 2958; x_wconf 77' lang='lat'>1573</span> <span class='ocrx_word' id='word_1_510' title='bbox 537 2917 771 2959; x_wconf 76' lang='lat' dir='ltr'>Ptolemaeo</span> <span class='ocrx_word' id='word_1_511' title='bbox 813 2919 1031 2960; x_wconf 75' lang='lat' dir='ltr'>cardinali</span> <span class='ocrx_word' id='word_1_512' title='bbox 1075 2919 1265 2960; x_wconf 71' lang='lat' dir='ltr'>Comensi</span> <span class='ocrx_word' id='word_1_513' title='bbox 1307 2919 1505 2974; x_wconf 60' lang='lat' dir='ltr'>Gre90ri2&#39;</span> <span class='ocrx_word' id='word_1_514' title='bbox 1537 2918 1666 2960; x_wconf 84' lang='lat' dir='ltr'><em>XIII.</em></span> <span class='ocrx_word' id='word_1_515' title='bbox 1707 2916 1937 2971; x_wconf 72' lang='lat' dir='ltr'>praecipuo</span> 
     </span>
     <span class='ocr_line' id='line_1_49' title="bbox 169 2981 1937 3038; baseline -0.001 -17"><span class='ocrx_word' id='word_1_516' title='bbox 169 2981 423 3022; x_wconf 71' lang='lat' dir='ltr'>administro</span> <span class='ocrx_word' id='word_1_517' title='bbox 446 2982 558 3034; x_wconf 72' lang='lat' dir='ltr'>haec,</span> <span class='ocrx_word' id='word_1_518' title='bbox 579 2988 750 3036; x_wconf 73' lang='lat' dir='ltr'>praeter</span> <span class='ocrx_word' id='word_1_519' title='bbox 772 2984 873 3035; x_wconf 76' lang='lat' dir='ltr'>alia,</span> <span class='ocrx_word' id='word_1_520' title='bbox 898 2985 1092 3038; x_wconf 74' lang='lat' dir='ltr'>scripsit:</span> <span class='ocrx_word' id='word_1_521' title='bbox 1118 2984 1209 3036; x_wconf 83' lang='lat' dir='ltr'>„Ne</span> <span class='ocrx_word' id='word_1_522' title='bbox 1229 2984 1305 3037; x_wconf 79' lang='lat' dir='ltr'>fra</span> <span class='ocrx_word' id='word_1_523' title='bbox 1335 2989 1450 3025; x_wconf 75' lang='lat' dir='ltr'>tanto</span> <span class='ocrx_word' id='word_1_524' title='bbox 1472 2985 1635 3026; x_wconf 63' lang='lat' dir='ltr'>restare)</span> <span class='ocrx_word' id='word_1_525' title='bbox 1659 2984 1704 3024; x_wconf 58' lang='lat' dir='ltr'>da·</span> <span class='ocrx_word' id='word_1_526' title='bbox 1730 2981 1937 3036; x_wconf 67' lang='lat' dir='ltr'>publicat-²</span> 
     </span>
     <span class='ocr_line' id='line_1_50' title="bbox 167 3045 1937 3103; baseline 0 -17"><span class='ocrx_word' id='word_1_527' title='bbox 167 3046 394 3099; x_wconf 68' lang='lat' dir='ltr'>yl&#39;orclim&#39;,</span> <span class='ocrx_word' id='word_1_528' title='bbox 437 3047 507 3088; x_wconf 78' lang='lat' dir='ltr'>che</span> <span class='ocrx_word' id='word_1_529' title='bbox 540 3048 594 3087; x_wconf 81' lang='lat' dir='ltr'>m’</span> <span class='ocrx_word' id='word_1_530' title='bbox 616 3048 671 3088; x_wconf 76' lang='lat' dir='ltr'>lza</span> <span class='ocrx_word' id='word_1_531' title='bbox 711 3049 870 3090; x_wconf 56' lang='lat' dir='ltr'>inuia-eti</span> <span class='ocrx_word' id='word_1_532' title='bbox 903 3050 970 3090; x_wconf 81' lang='lat' dir='ltr'>del</span> <span class='ocrx_word' id='word_1_533' title='bbox 1003 3063 1140 3090; x_wconf 79' lang='lat' dir='ltr'>mcouo</span> <span class='ocrx_word' id='word_1_534' title='bbox 1176 3049 1351 3103; x_wconf 68' lang='lat' dir='ltr'>Colleqio</span> <span class='ocrx_word' id='word_1_535' title='bbox 1386 3049 1652 3100; x_wconf 71' lang='lat' dir='ltr'>Germanico,</span> <span class='ocrx_word' id='word_1_536' title='bbox 1696 3049 1719 3087; x_wconf 76' lang='grc' dir='ltr'><em>ἀ</em></span> <span class='ocrx_word' id='word_1_537' title='bbox 1751 3046 1835 3100; x_wconf 78' lang='lat' dir='ltr'>fine</span> <span class='ocrx_word' id='word_1_538' title='bbox 1867 3045 1937 3086; x_wconf 79' lang='lat' dir='ltr'>che</span> 
     </span>
     <span class='ocr_line' id='line_1_51' title="bbox 169 3110 1936 3168; baseline -0.001 -17"><span class='ocrx_word' id='word_1_539' title='bbox 169 3112 343 3152; x_wconf 72' lang='lat' dir='ltr'>secondo</span> <span class='ocrx_word' id='word_1_540' title='bbox 379 3113 406 3152; x_wconf 79' lang='lat' dir='ltr'>il</span> <span class='ocrx_word' id='word_1_541' title='bbox 438 3112 607 3167; x_wconf 68' lang='lat' dir='ltr'>dlseqno</span> <span class='ocrx_word' id='word_1_542' title='bbox 642 3114 688 3153; x_wconf 73' lang='lat' dir='ltr'>cli</span> <span class='ocrx_word' id='word_1_543' title='bbox 720 3114 762 3156; x_wconf 82' lang='lat' dir='ltr'>S.</span> <span class='ocrx_word' id='word_1_544' title='bbox 788 3114 958 3156; x_wconf 70' lang='lat' dir='ltr'>Santitc‘t</span> <span class='ocrx_word' id='word_1_545' title='bbox 990 3115 1215 3156; x_wconf 68' lang='lat' dir='ltr'>s’lndrizzi</span> <span class='ocrx_word' id='word_1_546' title='bbox 1248 3115 1273 3154; x_wconf 78' lang='grc' dir='ltr'><em>ἀ</em></span> <span class='ocrx_word' id='word_1_547' title='bbox 1306 3115 1443 3168; x_wconf 75' lang='lat' dir='ltr'>quella</span> <span class='ocrx_word' id='word_1_548' title='bbox 1479 3115 1591 3155; x_wconf 65' lang='lat' dir='ltr'>uoltu</span> <span class='ocrx_word' id='word_1_549' title='bbox 1625 3114 1646 3153; x_wconf 81' lang='grc' dir='ltr'><strong><em>ὸ</em></strong></span> <span class='ocrx_word' id='word_1_550' title='bbox 1672 3116 1810 3167; x_wconf 77' lang='lat' dir='ltr'>parte,</span> <span class='ocrx_word' id='word_1_551' title='bbox 1853 3112 1874 3151; x_wconf 82' lang='grc' dir='ltr'><strong><em>ὁ</em></strong></span> <span class='ocrx_word' id='word_1_552' title='bbox 1907 3110 1936 3150; x_wconf 81' lang='lat' dir='ltr'>il</span> 
     </span>
     <span class='ocr_line' id='line_1_52' title="bbox 172 3176 1934 3233; baseline 0 -17"><span class='ocrx_word' id='word_1_553' title='bbox 172 3190 343 3217; x_wconf 76' lang='lat' dir='ltr'>numero</span> <span class='ocrx_word' id='word_1_554' title='bbox 381 3178 556 3231; x_wconf 56' lang='lat' dir='ltr'>prefisso</span> <span class='ocrx_word' id='word_1_555' title='bbox 598 3178 644 3218; x_wconf 78' lang='lat' dir='ltr'>di</span> <span class='ocrx_word' id='word_1_556' title='bbox 674 3179 875 3232; x_wconf 72' lang='lat' dir='ltr'>yiouam&#39;:</span> <span class='ocrx_word' id='word_1_557' title='bbox 920 3185 953 3220; x_wconf 77' lang='lat' dir='ltr'>et</span> <span class='ocrx_word' id='word_1_558' title='bbox 982 3180 1130 3233; x_wconf 76' lang='lat' dir='ltr'>perche</span> <span class='ocrx_word' id='word_1_559' title='bbox 1163 3180 1178 3220; x_wconf 85' lang='lat' dir='ltr'><em>i</em></span> <span class='ocrx_word' id='word_1_560' title='bbox 1210 3179 1351 3221; x_wconf 62' lang='lat' dir='ltr'>Pam-2·</span> <span class='ocrx_word' id='word_1_561' title='bbox 1380 3179 1578 3228; x_wconf 67' lang='lat' dir='ltr'>Jesuitlzi,</span> <span class='ocrx_word' id='word_1_562' title='bbox 1621 3178 1796 3219; x_wconf 75' lang='lat' dir='ltr'>secondo</span> <span class='ocrx_word' id='word_1_563' title='bbox 1828 3176 1934 3217; x_wconf 79' lang='lat' dir='ltr'>l’au-</span> 
     </span>
    </p>
   </div>
  </div>
 </body>
</html>
