2051 3433
194 153 249 193 44
644 145 746 180 1797.
778 146 816 180 P.
838 144 1044 190 Alphonsus
1073 143 1258 178 Salmeron
1285 143 1443 178 Canisio.

196 267 390 309 modeste
424 265 628 319 loquaris,
663 267 793 317 teque
826 264 869 305 in
899 263 1032 305 oculis
1059 261 1145 304 tuis
1168 264 1392 310 extenues,
1426 273 1686 313 prorsusque
1710 259 1962 314 vilipendas.

197 332 459 374 Benedictus
491 331 623 381 Deus,
668 330 739 383 qui
780 332 837 379 te,
882 342 959 382 pro
993 342 1071 369 sua
1112 325 1439 380 incomparabili
1471 325 1679 374 bonitate,
1723 327 1767 366 et
1800 325 1965 366 Beatae

194 397 423 452 Deiparae,
466 398 511 438 et
552 395 699 448 magni
731 393 904 436 Domini
947 392 1242 447 praecursoris
1284 405 1386 433 rara
1428 390 1613 443 quadam
1648 392 1691 431 et
1724 389 1966 432 admirabili

195 462 441 504 humilitate
474 460 806 515 praestantium,
841 458 1105 500 imitatorem
1136 456 1253 510 prius
1277 455 1476 506 reddidit,
1512 469 1640 508 quam
1664 468 1810 496 eorum
1834 455 1965 496 verbo

201 530 245 570 et
279 527 474 569 oratione
507 528 888 580 propugnatorem.

315 593 541 634 Postremo
576 589 735 631 videris
769 603 836 630 me
869 588 1090 642 impellere
1122 587 1176 629 ad
1211 586 1464 629 excitandos
1497 599 1583 635 eos,
1619 585 1691 639 qui
1724 599 1779 627 ex
1808 584 1968 628 nostris

195 657 418 707 fratribus,
462 656 532 697 vel
574 654 741 696 dicendi
784 654 899 707 stylo
935 653 1095 702 valent,
1141 652 1209 693 vel
1249 651 1472 694 doctrinae
1516 651 1668 705 opibus
1709 652 1880 701 florent,
1920 653 1969 692 vt
2030 652 2033 678 ἵ

196 736 319 764 arma
360 736 437 776 pro
471 720 550 762 Dei
583 719 779 762 Ecclesia
821 718 862 759 in
903 718 1043 760 Gallia
1077 720 1121 759 et
1155 717 1387 759 Germania
1421 716 1701 758 vehementer
1741 715 1970 757 laborante

197 788 384 841 capiant,
429 787 682 838 calamoque
724 784 920 826 districto
965 785 1117 825 contra
1158 785 1225 824 tot
1265 782 1511 824 saeuientes
1553 781 1780 823 haeresum
1823 782 1970 835 pestes

200 852 417 894 dimicent.
483 850 603 900 Quod
649 863 754 891 sane
787 848 1010 891 consilium
1045 849 1135 890 zelo
1174 848 1339 901 gloriae
1373 846 1543 897 Christi,
1587 849 1717 900 atque
1751 846 1842 888 eius
1874 846 1970 887 doc-

196 918 339 961 trinae
386 915 673 958 vindicandae
721 929 747 957 a
793 917 838 957 te
887 914 1145 968 praestitum
1191 927 1287 955 esse
1327 927 1412 954 non
1455 912 1616 954 dubito.
1681 911 1843 953 Verum
1886 924 1971 952 non

197 982 385 1036 ignoras,
421 981 488 1023 vir
521 980 868 1035 prudentissime,
904 982 1068 1033 quanta
1091 979 1148 1021 sit
1169 978 1283 1021 inter
1304 993 1382 1020 nos
1407 980 1450 1020 et
1482 978 1579 1019 illos
1612 977 1802 1019 locorum
1835 976 1971 1018 inter-

199 1048 374 1102 capedo,
417 1049 467 1089 vt
500 1060 610 1100 quae
643 1046 756 1100 apud
798 1045 895 1086 illos
936 1047 1159 1098 gerantur,
1204 1043 1279 1085 vix
1313 1043 1449 1086 nostri
1484 1056 1746 1096 cognoscere
1789 1042 1969 1096 possint,

201 1118 277 1155 aut
309 1111 447 1154 serius
481 1125 608 1165 quam
644 1125 750 1165 opus
785 1113 914 1160 esset,
950 1112 994 1151 et
1027 1112 1273 1164 opportuna
1305 1108 1526 1163 pugnandi
1559 1108 1670 1150 ratio
1704 1107 1969 1162 postularet:

201 1192 312 1231 quae
339 1178 542 1219 haereses
565 1175 835 1230 potissimum
860 1178 1050 1229 serpant,
1087 1188 1198 1228 quae
1221 1174 1505 1216 sectariorum
1529 1173 1750 1228 opiniones
1772 1175 1971 1226 regnent,

200 1242 270 1296 qui
312 1242 410 1283 libri
452 1241 496 1283 in
529 1241 687 1294 vulgus
721 1241 1010 1282 seducendum
1054 1242 1331 1294 spargantur,
1376 1252 1500 1281 nemo
1534 1238 1666 1280 nouit.
1732 1237 1811 1279 His
1844 1236 1970 1287 enim,

200 1311 276 1350 aut
309 1321 484 1362 prorsus
516 1306 743 1359 ignoratis,
790 1308 865 1348 aut
897 1304 1065 1347 tardius
1098 1304 1284 1357 cognitis
1316 1307 1449 1358 atque
1482 1302 1734 1358 perspectiS,
1769 1302 1871 1356 quid
1904 1316 1972 1344 so-

200 1373 347 1424 lidum,
390 1374 466 1414 aut
500 1372 599 1425 quid
634 1371 858 1424 egregium
892 1372 936 1412 et
968 1370 1185 1412 laudabile
1228 1369 1356 1412 scribi
1388 1369 1538 1424 possit,
1582 1368 1660 1411 tibi
1694 1368 1971 1422 cogitandum

200 1438 412 1492 relinquo.
459 1437 498 1479 A
522 1436 671 1491 paucis
703 1439 821 1479 retro
853 1435 991 1485 annis,
1027 1450 1154 1488 quam
1179 1435 1311 1478 arctis
1344 1435 1513 1489 legibus
1543 1434 1585 1475 in
1609 1434 1737 1476 Italia
1759 1433 1972 1483 viuamus,

200 1504 404 1557 ignorare
436 1517 521 1544 non
563 1506 710 1557 potes:
755 1516 882 1555 quam
917 1501 1104 1543 difficilis
1137 1501 1454 1544 haereticorum
1489 1500 1632 1542 aditus
1672 1499 1715 1541 in
1757 1499 1835 1541 has
1869 1499 1973 1541 Pro-

202 1569 362 1612 uintias
396 1567 581 1615 existam
618 1581 745 1620 quam
779 1566 1013 1609 interdicta
1046 1580 1255 1608 nouorum
1289 1566 1495 1608 librorum
1528 1565 1570 1607 in
1595 1579 1669 1607 eas
1698 1564 1972 1619 importati0;

203 1638 367 1688 quanta
410 1633 667 1676 difficultate
718 1632 889 1686 legendi
932 1632 1251 1674 haereticorum
1295 1631 1428 1673 libros
1473 1631 1661 1673 facultas
1701 1630 1972 1685 impetretur,

202 1700 332 1742 etiam
368 1699 421 1742 ab
455 1699 530 1750 eis,
570 1698 642 1752 qui
676 1712 770 1740 cum
804 1697 963 1740 Christi
1002 1697 1142 1751 gloria
1176 1700 1220 1740 et
1252 1696 1475 1739 Ecclesiae
1516 1697 1662 1739 fructu
1693 1696 1791 1738 illos
1828 1696 1974 1749 legere

201 1766 395 1820 possunt,
431 1763 652 1816 ambigere
686 1777 770 1805 non
803 1763 966 1806 vales1.
1020 1763 1069 1804 In
1102 1777 1234 1804 causa
1266 1762 1400 1816 igitur
1432 1762 1539 1804 haec
1569 1775 1663 1804 esse
1697 1762 1891 1816 possunt,
1928 1765 1975 1803 vt

203 1829 451 1884 paucissimi
485 1828 692 1879 existant,
728 1827 800 1881 qui
833 1828 924 1870 eius
956 1827 1018 1870 rei
1051 1827 1325 1870 solicitudine
1356 1830 1399 1869 et
1423 1841 1526 1869 cura
1560 1829 1820 1880 tangantur;
1856 1829 1900 1868 et
1931 1825 1976 1867 in

202 1895 245 1936 id
277 1894 417 1948 magis
447 1893 630 1937 studiosi
653 1907 801 1936 omnes
833 1893 1119 1948 propendent,
1156 1893 1268 1947 quod
1301 1892 1469 1946 legibus
1493 1891 1807 1946 quodammodo
1831 1890 1976 1933 caueri

202 1963 247 2003 et
288 1965 400 2002 nona
432 1958 574 2002 vetari
613 1958 893 2014 perspiciunt.
958 1958 1049 2008 Quo
1090 1959 1139 2001 fit
1182 1961 1231 2001 vt
1272 1972 1434 2012 paucos
1468 1957 1596 2000 Italia
1637 1957 1865 1999 haeresum
1898 1970 1974 1998 ex-

207 2028 474 2080 pugnatores
506 2025 679 2068 habeat.
732 2024 793 2067 Vt
825 2027 970 2067 autem
995 2024 1048 2066 ad
1083 2023 1241 2066 fortem
1263 2023 1444 2066 militem
1468 2025 1651 2077 spectat,
1687 2022 1786 2064 dum
1818 2021 1862 2063 in
1886 2022 1978 2064 acie

205 2093 420 2142 versatur,
467 2105 621 2132 manus
664 2104 759 2132 cum
804 2090 929 2132 hoste
972 2103 1211 2139 conserere,
1257 2088 1405 2142 illique
1446 2088 1621 2130 minime
1662 2101 1855 2142 parcere,
1902 2086 1994 2128 sed'

204 2155 364 2199 caesim
399 2158 444 2198 et
474 2155 668 2211 punctim
693 2154 919 2197 dimicare:
953 2155 1016 2198 ita
1039 2155 1094 2197 ad
1128 2168 1225 2196 eum
1248 2157 1377 2197 extra
1399 2154 1532 2196 aciem
1566 2153 1753 2208 positum
1786 2152 1979 2207 pertinet

204 2221 389 2264 otiosum
436 2235 544 2273 esse,
593 2224 636 2264 et
681 2234 792 2274 quae
837 2220 956 2275 pacis
1000 2223 1102 2262 sunt
1145 2222 1318 2264 tantum
1363 2219 1587 2269 meditari,
1636 2217 1977 2270 consectarique.
2036 2223 2038 2255 ὲ

205 2287 295 2329 Vos
329 2286 475 2340 igitur,
510 2286 582 2340 qui
613 2286 657 2328 in
691 2285 937 2336 Germania,
977 2285 1020 2327 id
1054 2287 1133 2337 est,
1175 2285 1218 2327 in
1253 2285 1441 2327 omnium
1475 2284 1702 2326 haeresum
1737 2282 1978 2325 colluuione
2036 2283 2037 2310 ³

206 2352 351 2406 agitis,
384 2352 427 2394 in
452 2352 543 2394 acie
566 2351 695 2406 positi
720 2351 837 2403 estis,
871 2351 1020 2393 hostes
1044 2350 1283 2393 ceruicibus
1307 2350 1465 2393 vestris
1487 2349 1752 2404 impendent,
1783 2350 1976 2390 vestrum

209 2420 277 2460 est
307 2417 492 2472 impigre
525 2417 765 2468 decertare,
801 2420 845 2459 et
876 2430 1013 2459 nouas
1046 2415 1239 2470 quotidie
1280 2429 1448 2470 pugnas
1482 2415 1715 2469 suscipere,
1750 2417 1794 2457 et
1829 2426 1979 2467 super·
2038 2454 2039 2460 ,

204 2483 305 2525 bum
339 2487 382 2526 et
414 2483 699 2525 ferocientem
732 2481 1013 2534 haereticum,
1055 2484 1100 2524 et
1131 2481 1271 2524 instar
1305 2480 1479 2523 Goliath
1513 2480 1566 2523 ad
1599 2493 1788 2534 pugnam
1821 2492 1979 2533 provo·
2037 2494 2039 2507 2

207 2551 393 2599 cantem,
436 2562 641 2590 mucrone
675 2561 766 2598 suo,
809 2548 890 2589 hoc
923 2550 1002 2599 est,
1046 2547 1179 2589 verbo
1214 2546 1307 2598 Dei,
1351 2546 1463 2600 quod
1497 2546 1552 2588 ab
1585 2546 1657 2587 illo
1699 2559 1777 2600 pro
1818 2543 1980 2587 tuenda

205 2627 284 2655 sua
325 2613 438 2655 falsa
471 2613 671 2667 opinione
703 2612 969 2667 producitur,
1013 2626 1109 2654 eum
1145 2612 1379 2654 confodere
1412 2614 1544 2665 atque
1586 2611 1823 2664 iugulare2.
1889 2609 1979 2651 No·
2038 2601 2039 2630 ³

206 2681 343 2720 strum
376 2692 480 2720 vero
523 2679 603 2729 est,
647 2677 718 2731 qui
763 2678 805 2719 in
847 2691 953 2732 pace
996 2677 1217 2731 degimus,
1261 2676 1506 2719 Catholicos
1547 2676 1590 2718 in
1633 2675 1751 2718 auita
1792 2674 1893 2725 fide,
1936 2679 1981 2716 et

206 2743 384 2786 Patrum
431 2743 629 2786 doctrina
674 2757 947 2794 conseruare,
994 2745 1038 2785 et
1070 2742 1195 2785 vobis
1240 2741 1600 2796 belligerantibus
1646 2741 1793 2783 fausta
1837 2739 1981 2782 omnia

207 2811 338 2862 atque
378 2822 588 2863 prospera
630 2807 910 2862 comprecari,
956 2822 1039 2861 quo
1083 2807 1266 2850 victoria
1306 2809 1448 2862 parta,
1491 2806 1674 2849 solidum
1716 2804 1978 2859 triumphum

207 2874 258 2916 de
291 2873 464 2916 domitis
507 2873 725 2925 hostibus,
767 2875 811 2915 et
850 2873 902 2915 de
940 2873 1110 2916 Christo
1148 2872 1314 2928 pastori
1351 2871 1619 2927 recuperatis
1660 2870 1812 2913 ouibus
1849 2883 1980 2924 agere

206 2938 396 2993 possitis,

329 3027 357 3059 a)
379 3028 415 3052 In
438 3026 463 3051 A
485 3026 536 3050 hoc
556 3033 580 3050 v.
598 3033 758 3057 perperam
780 3029 820 3050 ese
841 3026 988 3051 omissum.

334 3151 345 3171 ²
373 3149 466 3184 Vide
492 3160 602 3194 supra
628 3160 660 3194 p.
683 3148 736 3183 39.
909 3147 922 3168 ²
950 3149 1002 3183 Cf.
1024 3149 1041 3183 1
1070 3147 1127 3192 Rg
1156 3148 1209 3189 17,
1236 3146 1352 3182 8—10
1379 3147 1434 3181 51.
