2051 3433
178 175 264 216 576
719 168 824 204 2072.
853 169 1019 204 Canisius
1046 168 1204 203 Oliverio
1231 168 1432 202 Manareo..

179 287 377 332 Episcopus
396 287 632 329 Augustanus
648 287 667 327 ¹,
693 286 746 320 sic
772 297 867 320 nunc
893 286 1000 320 etiam
1029 284 1251 329 quorundam
1272 295 1429 318 meorum
1449 283 1598 317 Patr-um
1618 283 1792 318 instinctu
1817 266 1953 317 factuni

178 343 235 375 est
269 343 309 374 vt
335 341 461 374 contra
495 339 590 373 hunc
625 340 851 373 contractum
877 338 1052 382 Princeps
1088 336 1266 381 quoddam
1302 336 1511 370 mandatum
1538 347 1607 370 non
1633 337 1724 371 satis
1758 336 1953 381 prudenter

178 393 389 437 euulgaret,
429 392 532 427 cuius
570 404 639 426 non
677 391 790 437 nostrj
829 394 991 432 tantum,
1030 391 1093 425 sed
1131 390 1239 424 etiam
1280 389 1396 424 Aulici
1434 401 1514 424 cum
1550 390 1794 434 indignatione
1832 389 1955 423 dicunt

182 447 392 492 Heyuodum
430 457 509 480 esse
544 448 705 479 autorem
742 456 823 480 cum
859 445 899 479 P.
932 444 1086 484 canisio,
1123 443 1181 487 qui
1218 442 1421 487 huiusmodj
1458 454 1532 477 rem
1563 455 1627 488 per
1662 443 1830 477 Dumium
1866 442 1954 477 Con-

179 500 398 534 cionatorem
427 499 518 544 apud
547 499 751 543 Principem
778 501 979 543 procurent,
1008 497 1100 532 clam
1127 499 1164 530 et
1189 508 1245 531 me
1271 497 1470 540 ignorante.
1520 496 1841 540 Reprehenderunt
1867 497 1955 529 Aca-

179 553 309 587 demici
336 553 403 587 hoc
429 552 657 586 mandatum:
685 563 777 596 quae
804 563 914 587 causa
941 551 1011 585 fuit
1037 563 1100 585 cur
1120 550 1292 594 Princeps
1318 550 1362 584 ad
1389 561 1428 584 se
1446 551 1586 584 vocarit
1609 550 1724 584 solum
1746 549 1956 588 Heiuodum,

179 607 215 640 ni
242 606 348 640 fallor
376 610 415 640 vt
440 605 736 640 Academicorum
764 616 891 639 censor
917 607 1032 639 esset:
1069 603 1222 638 multum
1249 604 1342 637 enim
1370 603 1533 637 Heiuodo
1560 603 1688 638 tribuit
1713 603 1885 647 Princeps
1911 613 1956 636 ex

179 660 412 704 persuasione
438 659 494 693 sui
521 659 793 693 concionatoris.
845 658 936 700 Quid
972 658 1054 691 boni
1081 660 1202 691 autem
1229 656 1427 702 Heyuodus
1461 656 1529 690 hac
1564 657 1601 690 in
1627 668 1666 690 re
1692 656 1849 701 Principi
1876 667 1956 690 con-

180 713 343 747 sulturus
368 713 427 753 sit,
454 714 606 757 quisque
633 713 740 747 huius
760 713 878 746 Patris
905 711 1055 756 spiritus
1080 712 1139 749 sit,
1175 710 1282 744 facile
1309 713 1502 754 cognoscet
1520 710 1559 744 Ρ.
1580 710 1622 744 V.
1643 722 1688 744 ex
1713 710 1839 750 literis,
1867 719 1957 753 quas

180 766 313 800 Rector
330 767 608 806 Monachiensis,
635 766 674 800 P.
694 765 966 800 Ferdinandus2
991 765 1067 798 heri
1095 764 1139 798 ad
1166 764 1349 804 mededit,
1376 775 1538 807 quasque
1562 775 1633 797 vna
1652 774 1733 798 cum
1759 763 1816 797 his
1833 763 1957 796 mitto:

182 820 317 854 videbit
336 820 376 854 P.
398 819 440 854 V.
459 831 566 864 quam
585 819 763 863 religiose,
791 818 940 858 scilicet,
967 818 1136 862 loquatur
1154 818 1197 851 de
1218 817 1386 851 Patribus
1405 817 1600 858 societatis,
1628 817 1742 860 deque
1760 815 1958 850 Resolutio-

180 874 286 907 nibus
314 873 494 915 Romanis,
521 885 702 918 quamque
728 872 830 907 nihili
859 872 970 906 faciat
989 871 1304 915 congregationem
1332 870 1550 914 generalem,
1577 870 1640 904 sed
1658 873 1757 904 recta
1776 870 1819 903 ad
1840 869 1959 903 Ponti-

181 927 284 961 ficem
314 927 398 971 (quo
434 939 514 961 cum
551 927 657 961 etiam
687 925 853 960 Canisius
880 926 982 960 nobis
1009 926 1166 959 minatus
1193 924 1264 967 est)
1301 935 1367 958 sua
1404 924 1595 958 deuoluere
1624 923 1720 958 velit.
1773 923 1840 956 Hic
1866 933 1960 957 nunc

181 981 268 1014 mihi
287 981 488 1014 sudandum
508 983 564 1014 est
581 983 621 1014 vt
639 980 764 1014 horum
793 982 935 1024 patrum
963 979 1131 1013 honorem
1152 978 1245 1022 apud
1266 977 1468 1022 Principem
1495 982 1610 1019 tuear,
1639 979 1674 1011 et
1691 976 1799 1011 simul
1818 976 1959 1010 illorum

182 1034 472 1068 indiscretionem
500 1034 711 1079 impediam:
738 1035 921 1077 vtrunque
947 1032 1054 1067 simul
1073 1032 1176 1066 video
1203 1043 1283 1065 esse
1310 1030 1531 1076 impossibile
1549 1031 1580 1064 si
1607 1030 1760 1065 alterum
1789 1029 1959 1073 consequi

183 1087 311 1122 velim:
347 1088 478 1122 faciam
517 1088 646 1122 saltem
682 1087 750 1121 hoc
786 1090 827 1121 vt
853 1086 1024 1120 Romanis
1050 1085 1220 1120 Patribus
1255 1086 1396 1119 constet
1432 1084 1619 1125 autoritas,
1657 1084 1687 1118 si
1714 1084 1875 1118 Heiuodo
1903 1083 1960 1116 ab·

182 1141 289 1176 surde
324 1142 520 1175 indiscreto
554 1153 658 1175 suum
694 1140 865 1174 honorem
901 1140 1093 1174 defendere
1119 1151 1189 1173 non
1225 1141 1358 1183 potero,
1396 1138 1456 1182 qui
1485 1138 1594 1172 etiam
1621 1137 1812 1172 Societatis
1838 1136 1962 1171 honori

182 1195 271 1229 adeo
297 1207 366 1228 non
394 1194 560 1229 consulit.
605 1195 764 1228 Primum
792 1194 904 1238 igitur
931 1205 950 1227 a
978 1193 1017 1228 P.
1038 1194 1081 1227 V.
1101 1195 1184 1238 peto
1210 1196 1251 1226 vt
1269 1192 1307 1226 P.
1329 1191 1511 1226 Canisium
1538 1191 1662 1225 mittat
1688 1191 1732 1225 ad
1757 1190 1961 1224 Rhenum⁸:

184 1247 294 1282 Doleo
321 1248 414 1292 quod
441 1248 507 1283 hoc
534 1250 617 1281 ante
640 1248 890 1292 impediuerim
909 1265 916 1272 ·
936 1247 1049 1281 bonus
1069 1246 1129 1280 ille
1146 1246 1203 1280 vir
1229 1248 1294 1286 est,
1322 1248 1359 1279 et
1384 1245 1476 1279 bona
1503 1245 1701 1278 intentione
1724 1244 1839 1278 multa
1864 1243 1963 1283 facit,

184 1301 249 1335 sed
275 1312 367 1345 quae
393 1301 496 1336 nobis
529 1301 731 1346 periculosa
757 1305 850 1342 sunt,
888 1302 924 1334 et
949 1300 1183 1334 vehementer
1217 1299 1393 1333 hactenus
1419 1309 1535 1332 meam
1570 1298 1866 1341 gubernationem
1902 1296 1964 1329 irn-

187 1354 410 1399 pediuerunt,
438 1359 478 1388 vt
504 1367 570 1399 ego
597 1355 674 1389 eius
700 1355 824 1388 modos
850 1354 945 1388 ferre
964 1353 1118 1398 amplius
1141 1365 1209 1386 non
1237 1352 1392 1397 possim:
1419 1353 1472 1385 Ac
1490 1351 1554 1385 vix
1580 1351 1683 1396 pauci
1703 1350 1811 1384 suntb
1837 1350 1871 1384 in
1897 1349 1965 1383 hac

187 1408 374 1442 Prouintia
399 1408 538 1448 Patres,
575 1408 635 1452 qui
670 1407 738 1442 hoc
774 1408 1038 1452 improbabunt.
1089 1406 1252 1440 Secundo
1288 1407 1369 1450 peto
1395 1407 1437 1439 vt
1463 1405 1501 1439 P.
1521 1404 1564 1439 V.
1587 1404 1752 1448 quaesita
1778 1403 1965 1437 occasione

188 1464 293 1496 vocet
313 1461 353 1496 P.
373 1461 569 1506 Caspai-um
591 1461 792 1495 Heiuodum
819 1460 878 1495 vel
905 1461 949 1495 ad
976 1460 1141 1494 Rhenum
1169 1459 1227 1493 vel
1261 1459 1296 1492 in
1325 1458 1509 1493 Poloniam
1530 1458 1587 1492 vel
1608 1457 1804 1499 Austriam,
1832 1468 1875 1490 ne
1901 1468 1966 1490 suo

187 1515 380 1549 indiscreto
406 1515 483 1549 zelo
518 1515 621 1549 nobis
646 1515 777 1549 bonum
805 1514 1006 1559 Principem
1044 1513 1187 1548 tandem
1215 1524 1362 1557 prorsus
1398 1511 1573 1546 infatuet:
1610 1511 1745 1545 insanit
1772 1510 1830 1543 hic
1856 1510 1966 1544 Pater

187 1573 312 1603 contra
345 1572 570 1603 contractum
603 1569 825 1613 praedictum
839 1577 861 1601 ⁰.
915 1567 1001 1601 Eius
1027 1568 1104 1602 loco
1131 1566 1266 1600 remitti
1301 1568 1424 1611 posset
1451 1565 1489 1599 P.
1508 1564 1680 1599 Nicolaus
1707 1563 1931 1606 Lemburgus
1943 1564 1966 1598 ³.

188 1623 309 1657 Tertio
345 1634 425 1656 cum
453 1634 581 1656 verear
610 1634 654 1656 ne
682 1622 865 1656 Heiuodus
900 1621 1014 1655 multa
1040 1621 1174 1655 insulta
1200 1620 1337 1654 scribat
1362 1631 1425 1664 per
1451 1619 1656 1663 Principem
1683 1618 1727 1652 ad
1756 1617 1967 1651 Pontificem

188 1677 232 1711 de
258 1678 446 1710 contractu
473 1676 688 1719 germanico,
714 1687 801 1718 rogo
828 1678 869 1709 vt
895 1675 934 1710 P.
955 1675 996 1709 V.
1018 1674 1125 1708 isthic
1152 1673 1326 1713 attendat,
1359 1675 1395 1706 et
1421 1672 1557 1706 efficiat
1583 1683 1628 1705 ne
1654 1671 1738 1715 quid
1766 1671 1833 1704 hac
1859 1671 1902 1704 de
1929 1682 1967 1704 re

188 1730 295 1764 isthic
331 1730 556 1771 decernatur,
591 1730 703 1763 donec
738 1729 867 1763 Patres
903 1729 1022 1763 isthuc
1059 1740 1102 1762 ex
1138 1727 1205 1761 hac
1242 1726 1424 1760 Prouintia
1459 1737 1540 1760 cum
1575 1725 1683 1770 plena
1717 1724 1967 1758 informatione

188 1784 357 1817 veniant“
399 1784 461 1827 (ex
488 1782 722 1827 autographo,
758 1782 853 1826 quod
880 1787 936 1816 est
963 1782 1096 1815 Romae
1123 1781 1156 1815 in
1185 1780 1333 1814 archivo
1358 1779 1461 1822 regni
1488 1778 1612 1820 italici,
1643 1778 1772 1821 „Arch.
1800 1777 1856 1811 dei
1884 1777 1966 1811 Ges.

190 1837 345 1871 Lettere.
393 1836 681 1879 1576—1583“).

309 1890 443 1924 Iterum
472 1891 647 1933 Hoffaens
672 1889 884 1923 Manareum
920 1888 1087 1922 >*monuit
1122 1899 1184 1932 per
1213 1887 1355 1921 litteras
1383 1884 1604 1924 Ingolstadio
1630 1885 1662 1918 4.
1683 1883 1850 1918 Octobris
1879 1883 1969 1919 1580

188 1944 314 1978 datas:
357 1944 513 1988 „Repeto
540 1955 632 1987 quae
659 1946 742 1977 ante
769 1943 916 1977 biduum
943 1943 1072 1987 scripsi
1084 1944 1107 1983 ⁴,
1133 1941 1311 1975 Nimirum
1339 1951 1418 1974 esse
1445 1939 1618 1983 quosdam
1647 1938 1775 1972 Patres
1801 1937 1969 1971 nimirum

189 1997 228 2032 P.
251 1998 396 2032 Petrum
425 1997 608 2031 Canisium
635 2000 672 2030 et
699 1997 736 2030 P.
758 1996 956 2041 Casparum
984 1996 1186 2029 Heiuodum
1213 1993 1371 2036 Anglum
1399 1993 1486 2037 quid
1513 1994 1552 2025 vt
1579 1992 1648 2025 fide
1675 1991 1772 2034 digni
1798 1991 1970 2032 fatentur,

189 2051 257 2085 etsi
284 2051 324 2086 P.
354 2051 520 2086 Canisius
556 2051 690 2084 factum
719 2053 838 2092 neget,
874 2061 937 2094 per
972 2049 1109 2083 medias
1145 2058 1317 2093 personas
1346 2048 1477 2089 vrgent
1512 2045 1643 2079 bonum
1670 2044 1872 2089 Principem
1900 2043 1970 2078 Gu-

190 2103 349 2139 lielmum
383 2106 424 2138 vt
458 2103 630 2147 euulgato
665 2104 834 2137 mandato
870 2103 1043 2148 procedat
1077 2105 1202 2136 contra
1237 2103 1462 2135 contractum
1503 2099 1546 2132 de
1576 2099 1608 2132 5.
1639 2110 1702 2143 pro
1738 2100 1842 2131 cento
1876 2097 1971 2131 sicut

190 2158 384 2202 aliquando
419 2159 557 2192 frustra
593 2157 679 2191 fecit
706 2156 907 2202 Episcopus
934 2157 1172 2199 Augustanus
1205 2155 1394 2188 defunctus
1422 2153 1545 2187 eodem
1573 2151 1735 2185 Heiuodo
1762 2151 1970 2194 instigante.

190 2211 342 2246 Accedit
376 2212 469 2255 quod
498 2211 683 2245 Heiuodus
719 2213 854 2244 temere
881 2210 1029 2244 damnat
1056 2208 1307 2243 Resolutiones
1334 2219 1425 2251 quae
1452 2207 1492 2240 lt.
1512 2206 1555 2240 V.
1576 2205 1615 2239 P.
1634 2205 1861 2250 praesidente
1890 2207 1972 2249 post

190 2265 356 2299 Vltimam
393 2265 597 2308 generalem
635 2264 950 2307 congregationem
988 2262 1096 2296 isthic
1122 2273 1230 2306 super
1265 2261 1333 2295 hoc
1359 2262 1546 2294 contractu
1573 2259 1693 2292 factae
1719 2260 1814 2298 sunt,
1850 2257 1971 2301 aitque

191 2319 365 2353 Rectores
392 2318 546 2363 pessime
574 2319 704 2359 facere,
731 2318 793 2361 qui
819 2316 1024 2361 huiusmodj
1044 2314 1295 2349 Resolutiones
1317 2327 1334 2348 e
1353 2313 1455 2348 libris
1481 2324 1550 2346 non
1571 2312 1741 2345 continuo
1759 2310 1919 2345 lacerent
1937 2313 1972 2344 et

191 2372 437 2406 comburant-³⁵.
481 2371 642 2415 Jdeoque
669 2375 792 2416 aperte
819 2371 1005 2415 professus
1033 2372 1087 2403 est
1114 2380 1183 2403 non
1209 2380 1249 2403 se
1275 2368 1318 2402 de
1344 2367 1411 2401 hoe
1429 2369 1616 2400 contractu
1635 2368 1798 2399 acturum
1818 2363 1972 2409 amplius

191 2426 285 2471 apud
314 2425 442 2460 Patres
468 2425 531 2460 sed
558 2425 652 2469 apud
671 2424 905 2459 Pontificem:
933 2435 1086 2467 cumque
1113 2424 1241 2456 nactus
1259 2422 1308 2456 sit
1326 2420 1484 2464 aliquam
1504 2419 1705 2464 opinionem
1725 2418 1817 2463 apud
1836 2417 1971 2451 Ducem

192 2481 233 2514 ac
259 2479 366 2514 simul
399 2479 621 2513 occasionem
658 2480 790 2523 aptam,
828 2477 989 2511 decreuit
1024 2488 1125 2510 suam
1161 2475 1390 2520 phantasiam
1424 2473 1515 2507 bono
1543 2472 1701 2517 Principi
1726 2471 1906 2506 inculcare
1933 2472 1973 2504 vt

315 2560 344 2593 a)
368 2561 499 2592 Quinque
522 2570 561 2585 rr.
582 2568 640 2592 sqq.
661 2561 697 2584 ab
718 2561 841 2591 Hoffaeo
862 2560 893 2584 in¹
915 2559 1047 2590 maryine
1068 2559 1172 2583 addita
1192 2561 1268 2582 sunt.
1355 2555 1385 2587 b)
1408 2557 1455 2581 Sic
1476 2557 1512 2580 H.
1535 2556 1594 2587 ipse
1615 2555 1743 2580 correxit
1766 2562 1802 2579 ea·
1820 2552 1874 2578 vix
1893 2551 1973 2577 vllus

192 2604 248 2629 est.
335 2603 361 2634 c)
383 2602 561 2627 Senwntiwn
581 2602 750 2633 proximam
771 2602 809 2627 H.
830 2601 860 2626 in
882 2601 1016 2632 maryine
1037 2600 1163 2624 addidit.
1250 2598 1280 2630 d)
1310 2599 1400 2623 Verba
1421 2606 1489 2629 sqq..
1511 2605 1598 2628 usqne
1619 2597 1657 2621 ad
1679 2595 1772 2628 neget
1790 2596 1866 2625 incl„
1887 2595 1922 2619 ab
1937 2595 1973 2619 H·

192 2646 222 2669 in
245 2645 377 2677 maraine
397 2645 502 2669 addita
522 2647 599 2668 sunt.

320 2738 329 2758 ¹
356 2738 508 2772 Ioannes
535 2737 723 2782 Egolphus
750 2749 770 2771 a
797 2736 1027 2780 Knoringen;
1056 2748 1088 2770 v.
1108 2746 1218 2779 supra
1244 2746 1275 2779 p.
1297 2734 1361 2768 341
1379 2734 1402 2768 ⁴².

314 2791 328 2811 ²
354 2792 475 2825 Alber.
623 2793 635 2812 ³
662 2791 714 2825 De
741 2791 781 2825 P.
799 2789 947 2824 Nicolao
975 2789 1181 2832 Limburgio
1208 2800 1244 2822 v.
1261 2798 1372 2832 supra
1398 2798 1430 2831 p.
1449 2786 1543 2820 457¹
1573 2787 1609 2819 et
1636 2784 1716 2819 480.

317 2846 329 2864 ⁴¹
357 2844 412 2878 Ex
448 2844 505 2878 his
531 2844 652 2878 verbis
689 2843 926 2887 intellegitur,
962 2842 1028 2876 has
1063 2842 1216 2882 litteras,
1253 2840 1321 2875 etsi
1348 2840 1519 2874 Hoffaeus
1555 2839 1650 2872 diem
1677 2838 1708 2872 6.
1728 2836 1895 2872 Octobris
1931 2835 1975 2870 iis

195 2897 372 2941 ascripsit,
412 2897 631 2940 ingolstadio
657 2898 690 2932 4.
720 2896 887 2931 Octobris
922 2896 1027 2930 datas
1058 2906 1157 2934 esse;
1194 2893 1344 2935 accedit,
1381 2893 1474 2937 quod
1510 2891 1603 2926 aliae
1640 2892 1788 2925 exstant
1822 2889 1974 2930 litterae,

196 2961 286 2994 quas
310 2950 483 2984 Holfaeus
506 2950 651 2994 Dilinga
681 2951 712 2984 6.
738 2949 906 2984 Octobris
933 2949 1022 2983 1580
1049 2959 1070 2982 a
1096 2959 1134 2982 se
1161 2947 1265 2981 datas
1292 2958 1371 2980 esse
1397 2957 1463 2980 sua
1489 2956 1596 2978 manu
1624 2944 1774 2978 notavit.

316 3004 328 3022 ⁶
358 3004 396 3036 ln
423 3002 580 3037 *Codice
616 3003 757 3046 collegii
785 3002 978 3036 Societatis
1013 3001 1198 3043 dilingani,
1234 3000 1270 3033 in
1301 3011 1407 3044 quem
1434 2998 1500 3033 sub
1527 2998 1566 3031 P.
1586 2996 1806 3031 Theodorico
1833 2994 1975 3029 Canisio

196 3058 334 3090 rectore
361 3056 679 3099 congregationum
708 3055 1066 3100 praepositorumque
1093 3052 1314 3097 generalium
1341 3052 1497 3092 decreta,
1523 3061 1697 3095 responsa
1723 3052 1790 3083 etc.
1809 3049 1844 3082 in
1870 3058 1974 3082 usum

197 3110 377 3142 rectorum
415 3109 766 3149 transcribebantur,
806 3108 873 3143 hae
916 3106 1207 3151 „Resolutiones“
1247 3117 1361 3149 usque
1397 3105 1514 3139 adhuc
1552 3105 1710 3143 exstant,
1749 3113 1864 3145 neque
1902 3100 1975 3134 ulla

197 3162 336 3196 ratione
363 3162 591 3196 oblitteratae
618 3162 687 3203 vel,
715 3162 808 3206 quod
835 3164 936 3195 ratae
962 3172 1032 3194 non
1059 3162 1189 3200 essent,
1216 3162 1361 3192 notatae
1388 3160 1473 3192 sunt
1493 3156 1594 3200 (Cod.
1618 3155 1666 3199 ⁷‚C
1687 3156 1725 3189 1⁸
1753 3167 1786 3200 p.
1808 3154 1974 3197 10—11).
