2062 3443
657 161 857 206 Oeniponte
883 161 939 195 26.
958 160 1050 194 Iunii
1080 160 1182 195 1575.
1717 164 1798 205 301

28 283 242 337 desperet.
292 281 436 323 Nolim
470 295 552 334 ego
585 294 703 330 sane,
737 282 786 322 ut
817 293 914 321 mea
937 293 1068 321 causa
1091 280 1159 321 uel
1182 279 1343 321 inuitus
1366 282 1554 330 maneat,
1589 280 1657 321 uel
1681 281 1801 322 uale-

29 348 222 391 tudinem
256 346 448 389 offendat
480 347 521 387 in
555 350 739 399 utroque
771 345 956 387 homine.

146 419 296 462 Dicam
317 422 360 461 et
378 418 430 460 de
446 418 492 461 P.
509 416 776 466 Prouintiali,
796 416 1142 470 quandoquidem
1161 416 1400 471 Consiliarij
1421 431 1574 459 munus
1591 417 1634 458 id
1652 417 1803 470 exigit,

28 484 102 537 qui
135 497 264 538 egere
296 483 469 525 uidetur
500 485 618 525 certo
644 482 814 531 comite,
849 484 892 523 et
915 481 1171 535 praesertim
1195 482 1560 535 peregrinationis
1584 496 1634 524 ac
1657 482 1805 525 uisita-

26 549 158 592 tionis
175 552 384 602 tempore,
410 561 460 589 ac
483 548 562 589 tali
583 547 753 601 quidem
773 546 942 596 comite,
968 545 1040 599 qui
1062 546 1129 587 ius
1151 546 1312 588 habeat
1335 547 1376 588 in
1399 547 1478 598 his,
1503 561 1613 601 quae
1632 548 1686 589 ad
1710 561 1805 588 cor-

26 629 107 670 pus
129 617 174 656 et
191 614 353 656 uictum
376 616 590 667 spectant.
627 613 847 655 Hactenus
867 611 1144 654 Consultores
1168 612 1349 654 adhibiti
1372 627 1455 653 non
1479 615 1594 662 sunt,
1619 616 1668 654 ut
1690 613 1806 655 circa

26 693 256 735 personam
280 679 371 720 eius
395 681 440 720 et
456 692 672 731 expensas
691 677 958 719 necessarias
975 676 1036 717 illi
1056 676 1371 730 prouideretur.
1406 677 1660 720 Prouectior
1682 681 1806 720 aetas

26 750 73 788 et
96 744 283 787 canicies
306 743 457 796 exigit,
492 746 540 785 ut
572 757 650 797 per
682 743 867 796 aliquem
898 741 1037 783 maior
1069 742 1160 783 eius
1198 742 1422 785 habeatur⁴
1445 757 1561 791 cura,
1595 757 1690 785 cum
1725 743 1806 785 sibi

25 810 223 865 asperior
263 823 313 850 ac
346 808 493 850 durior
525 822 620 850 esse
662 808 876 850 uideatur.
940 807 1034 860 Ego
1074 807 1178 848 nihil
1213 808 1439 850 obseruaui
1474 812 1670 862 ternpore
1703 808 1806 850 uisi-

25 875 220 925 tationis,
254 875 366 928 quod
399 874 442 915 in
475 873 547 916 illo
580 872 978 927 reprehendendum
1013 874 1185 926 putem:
1220 873 1406 926 optarim
1440 876 1584 915 tamen
1619 887 1672 915 ex
1696 873 1806 915 Con-

25 940 262 983 sultoribus
295 953 425 981 unum
460 941 504 981 et
527 938 722 989 eundem,
757 938 792 979 si
826 938 917 979 fiori
951 940 1112 992 posset,
1147 938 1207 979 illi
1239 952 1317 992 per
1348 941 1488 981 totam
1512 939 1806 982 uisitationem

26 1005 217 1058 adiungi,
260 1007 309 1047 ut
345 1004 460 1046 illius
502 1004 626 1046 labor
667 1018 762 1045 cum
808 1003 971 1045 maiore
1003 1006 1252 1045 nostrorum
1286 1004 1432 1046 fructu
1464 1004 1806 1047 imminueretur.

26 1071 133 1113 Cum
166 1070 239 1112 ille
272 1069 550 1112 Consultores
594 1072 736 1122 rogat,
780 1082 864 1110 non
903 1068 1011 1110 satis
1045 1069 1237 1122 explicat
1270 1083 1460 1119 causam,
1495 1070 1548 1111 de
1581 1084 1666 1123 qua
1697 1070 1807 1111 iudi-

27 1136 142 1178 cium
175 1135 299 1190 petit,
333 1135 417 1177 etsi
449 1135 529 1176 hoc
563 1134 694 1177 etiam
728 1148 812 1176 non
845 1134 909 1176 ita
942 1134 1194 1187 frequenter
1227 1135 1376 1177 faciat.
1430 1135 1664 1188 Speramus
1686 1135 1807 1177 illum

27 1201 133 1243 nulli
166 1200 400 1243 cathedrae
433 1203 533 1254 post
564 1200 645 1241 hac
678 1199 944 1252 alligandum
963 1201 990 1249 1,
1025 1202 1073 1241 ut
1105 1213 1152 1241 se
1183 1200 1428 1253 prouintiae
1460 1200 1638 1242 liberius
1669 1200 1808 1254 possit

27 1266 300 1321 impendere,
347 1279 511 1319 suoque
553 1279 730 1307 munere
774 1264 991 1319 perfungi.
1054 1264 1293 1308 Conseruet
1333 1265 1455 1307 illum
1497 1265 1694 1308 Christus
1736 1265 1808 1307 diu

33 1331 156 1374 nobis
189 1334 234 1374 et
267 1330 538 1373 Germaniae.

147 1403 374 1446 Postremo
408 1405 456 1445 ut
488 1403 540 1444 de
573 1416 641 1444 me
664 1401 880 1454 attingam
904 1401 1080 1456 aliquid',
1113 1401 1278 1444 iudicat
1311 1402 1358 1445 P.
1381 1402 1558 1445 Natalis
1590 1417 1674 1444 non
1698 1402 1807 1445 satis

28 1468 275 1519 conuenire,
309 1471 358 1510 ut
391 1468 464 1521 qui
496 1467 722 1522 scriptoris
756 1467 896 1509 officio
931 1480 1089 1509 uacare
1113 1467 1254 1518 debet,
1290 1467 1508 1509 ordinario
1532 1467 1809 1510 contionandi

29 1534 180 1576 labore
203 1537 425 1586 grauetur,
460 1547 587 1586 quem
611 1546 692 1587 ego
715 1533 823 1575 satis
847 1546 1027 1586 grauem
1050 1532 1271 1585 hucusque
1294 1532 1434 1575 sentio
1449 1534 1477 1575 2.
1527 1532 1612 1575 Sed
1636 1533 1808 1586 quando

28 1599 92 1642 ita
124 1599 418 1654 superioribus
456 1598 597 1640 uisum
639 1600 719 1649 est,
753 1598 891 1640 feram
931 1611 1101 1640 crucem
1134 1598 1286 1649 libens,
1331 1601 1374 1640 et
1416 1598 1468 1640 de
1501 1599 1699 1640 manibus
1733 1598 1808 1640 do-

28 1665 133 1707 mini
164 1664 374 1719 accipiam
408 1664 563 1711 omnia.
597 1664 680 1705 nisi
713 1663 827 1717 quod
860 1664 1028 1706 doieam
1062 1677 1131 1705 me
1162 1663 1207 1705 in
1239 1663 1454 1705 scribendi
1485 1663 1708 1706 functione
1739 1677 1808 1705 re-

27 1730 210 1781 tardari,
244 1734 288 1773 et
320 1730 528 1772 bonorum
562 1729 657 1771 falli
680 1729 1045 1783 expectationem.
1094 1730 1201 1771 Oret
1232 1743 1309 1783 pro
1343 1743 1411 1771 me
1435 1729 1654 1771 dominum
1688 1729 1733 1772 P.
1759 1729 1808 1772 T.

26 1798 78 1838 ut
108 1795 152 1838 in
183 1798 338 1837 sancta
379 1795 470 1837 eius
502 1795 730 1837 uoluntate
763 1794 1051 1848 acquiescam,
1096 1797 1140 1836 et
1178 1795 1361 1848 posthac
1393 1794 1557 1836 rectius
1589 1794 1808 1836 uocationi

28 1875 152 1904 meae
184 1860 470 1903 satisfaciam.
534 1860 765 1915 Oeniponti
799 1862 852 1902 26
886 1860 1018 1914 Junij.

828 1932 874 1974 P.
909 1931 957 1974 T·
1010 1990 1226 2044 Jndignus
1258 1991 1371 2032 filius
1403 1991 1449 2033 P.
1475 1990 1685 2033 Canisius.

150 2073 205 2116 Al
246 2075 381 2116 molto
414 2074 671 2116 Reuerendo
708 2073 751 2115 in
784 2073 954 2116 Christo
987 2074 1127 2116 Padre
1160 2074 1324 2116 Nostro
1357 2073 1404 2117 P.
1437 2073 1660 2115 Euerardo
1694 2073 1809 2115 Mer-

31 2139 212 2181 curiano
247 2139 473 2194 Preposito
508 2139 721 2181 Generale
754 2139 869 2181 della
900 2140 1167 2193 Compagnia
1206 2140 1247 2180 di
1281 2139 1423 2181 Giesu.
1549 2139 1698 2182 Roma.

150 2232 358 2266 Posset-inus
384 2232 576 2267 Societatis
610 2232 830 2266 secretarius
864 2232 1053 2277 posteriori
1085 2232 1212 2266 harum
1248 2232 1451 2266 litterarum
1487 2232 1580 2276 parti
1619 2231 1707 2265 haec
1733 2231 1809 2265 fere

32 2284 136 2328 (fere,
162 2285 327 2329 iuquam3
358 2297 440 2319 nam
460 2286 645 2320 obscurius
673 2286 835 2330 scripsit)
863 2297 928 2320 sua
955 2297 1063 2319 manu
1090 2285 1295 2319 adnotavit:
1326 2285 1538 2319 Prouintiali
1567 2285 1808 2328 [scribendum

30 2341 88 2373 est
124 2339 167 2372 de
194 2339 384 2374 salvatore
420 2339 515 2383 illo:]
552 2340 597 2373 Et
632 2339 690 2373 hic
726 2343 805 2372 erat
839 2339 963 2374 bonus.
1015 2339 1191 2384 Dispiciet
1229 2337 1275 2382 [2³]
1304 2342 1372 2373 etc.
1400 2337 1459 2382 [9].
1511 2338 1743 2373 Prouintialis
1778 2338 1810 2373 si

30 2393 194 2437 ineptum
220 2393 318 2426 uidet
346 2395 382 2426 et
408 2393 544 2427 iudicat
570 2404 650 2427 cum
680 2392 717 2426 P.
737 2392 890 2426 Rectore
917 2396 952 2426 et
982 2392 1124 2426 Canisio
1152 2395 1218 2426 etc.
1242 2391 1289 2436 [1²]
1316 2392 1473 2425 nondum
1500 2393 1556 2425 est
1582 2395 1685 2425 extra
1711 2393 1808 2426 noui·

26 2445 171 2480 tiatum.
221 2445 258 2481 Si
286 2446 369 2490 quid
397 2446 470 2480 tale
497 2446 643 2480 offendit
673 2445 719 2489 [2²]
748 2446 842 2489 qnod
869 2458 938 2479 non
966 2446 1176 2484 aedificarit,
1214 2446 1346 2490 poterit
1372 2445 1430 2479 uel
1457 2444 1566 2479 isthic
1592 2445 1725 2479 dimitti
1751 2446 1810 2480 uel

31 2499 67 2532 in
95 2496 256 2533 Jtalial'n.
284 2519 328 2522 —
356 2499 569 2533 Prouintiali
596 2503 661 2533 etc.
685 2499 729 2542 [2²]
759 2511 823 2533 nos
850 2500 1054 2543 intelligere
1080 2511 1186 2542 cgere
1212 2499 1302 2533 bono
1337 2499 1465 2533 comite
1493 2510 1573 2532 cum
1600 2499 1628 2532 it
1665 2500 1698 2532 in
1726 2499 1810 2533 visi-

29 2552 228 2587 tationibus
263 2553 324 2596 qui
360 2553 475 2597 quoad
502 2564 605 2587 suam
632 2564 820 2597 personam
848 2552 1009 2586 laborum
1040 2553 1088 2596 (5>]
1117 2564 1238 2586 curam
1267 2552 1416 2585 haberet
1441 2555 1509 2586 etc.
1536 2555 1573 2585 et
1607 2552 1741 2595 cogitet
1771 2564 1810 2587 se

30 2606 222 2640 seruitium
261 2607 521 2650 praestiturum
549 2606 622 2639 Deo
649 2606 679 2640 si
706 2606 782 2648 regi
819 2618 858 2640 se
884 2606 981 2640 sinat.
1007 2609 1074 2640 etc.
1102 2606 1207 2639 Forte
1234 2605 1404 2639 Rotarius
1438 2605 1538 2639 erit.“
1556 2606 1568 2624 ³
1618 2606 1672 2639 Ita
1699 2606 1811 2649 igitur

31 2658 180 2693 Hoffaeo
200 2671 245 2693 ex
265 2659 400 2693 Canisii
419 2660 599 2693 sententia
619 2660 731 2693 Roma
750 2660 806 2694 23.
826 2659 906 2693 Iulii
927 2660 1017 2694 1:375
1044 2659 1219 2703 scriptum
1239 2662 1314 2699 est;
1342 2670 1375 2692 v.
1395 2659 1501 2700 infra,
1530 2661 1611 2703 post
1629 2671 1683 2703 ep.
1706 2660 1809 2694 1932.

32 2713 209 2755 Hoffaeus
246 2724 343 2755 vero,
383 2713 538 2747 fortasse
577 2713 712 2757 aliquid
750 2712 875 2746 horum
912 2713 1141 2747 consiliorum
1179 2713 1367 2753 odoratus,
1407 2713 1478 2745 iam
1516 2713 1569 2746 ll.
1600 2712 1680 2746 Iulii
1720 2713 1809 2748 1575

30 2765 198 2809 Augusta
225 2766 491 2800 Mercurialium
526 2766 711 2800 *monuit:
755 2766 928 2808 „Videtur
954 2767 988 2799 in
1008 2766 1158 2800 Domino
1186 2765 1355 2810 expedire
1383 2767 1423 2799 vt
1448 2766 1594 2799 tametsi
1624 2766 1658 2800 P.
1679 2766 1809 2801 Petrus

32 2817 200 2853 Canisius
225 2819 274 2853 sit
299 2831 401 2853 meus
427 2822 464 2853 et
490 2820 653 2854 Rectoris
672 2820 918 2859 Consiliarius‚
947 2820 977 2853 ei
998 2823 1118 2853 tamen
1138 2819 1327 2863 prohibeat
1353 2819 1392 2852 P.
1412 2818 1455 2853 V.
1476 2822 1516 2853 vt
1543 2819 1631 2853 nihil
1651 2831 1809 2863 vnquam

31 2871 90 2906 vel
115 2872 151 2906 iu
177 2872 302 2907 vrbem
329 2872 387 2907 vel
414 2873 458 2906 ad
484 2884 541 2907 me
567 2872 626 2906 vel
653 2873 696 2907 ad
725 2873 814 2907 alios
840 2873 975 2907 scribat
1001 2873 1044 2906 de
1075 2876 1174 2906 statu
1203 2872 1408 2906 Prouintiae
1435 2875 1471 2906 et
1498 2872 1647 2918 Collegij
1676 2885 1739 2907 seu
1766 2873 1808 2907 de

153 3002 164 3022 ¹
190 3001 362 3037 Hoffaeus
389 3002 568 3037 Monachii
596 3002 754 3037 officium
782 3003 1052 3045 contionatoris,
1089 3002 1172 3046 quia
1198 3002 1290 3037 alius
1316 2997 1465 3048 praesto
1487 3015 1556 3038 non
1584 3005 1672 3045 erat,
1708 3003 1743 3037 in
1771 3013 1809 3037 se

33 3058 266 3100 susceperat;
292 3067 328 3089 v.
347 3055 452 3097 infra,
478 3067 634 3091 monum.
657 3057 759 3091 1169.

151 3108 164 3128 2
192 3107 358 3143 Canisius
385 3109 584 3153 Oeniponte
611 3110 892 3144 continuatorem
920 3109 1111 3154 parochiae
1138 3109 1288 3151 agebat3
1315 3121 1351 3144 v.
1370 3109 1475 3151 infra,
1503 3122 1660 3145 monum.
1682 3110 1784 3144 1169.

152 3161 165 3182 ⁸
190 3161 231 3196 P.
251 3162 428 3205 Georgius
455 3163 645 3204 Rotarius;
673 3164 716 3197 de
743 3175 812 3207 quo
839 3165 927 3197 Can.
946 3163 996 3197 VI
1023 3162 1090 3197 307
1119 3162 1187 3197 626
1214 3165 1250 3196 et
1275 3174 1384 3208 supra
1410 3176 1442 3208 p.
1463 3163 1510 3198 8²
1537 3164 1594 3198 57.
