2051 3433
224 152 308 192 790
998 149 1093 184 Mon.
1122 150 1225 184 1227.

221 267 337 301 cotale
364 267 546 312 petitione,
573 278 612 300 se
638 278 706 300 non
735 269 752 299 e
780 266 1045 300 diversamente
1072 266 1266 301 informato
1293 270 1330 301 et
1356 267 1538 303 instrutto.
1582 268 1716 310 Questo
1743 281 1812 303 non
1837 271 1869 303 si
1895 270 1932 304 fa
1957 281 1997 304 se

221 332 290 354 non
318 320 362 354 da
390 320 494 354 buoni
523 320 668 364 pastori,
695 322 731 353 et
749 319 813 353 tali
841 331 909 353 non
937 331 1090 364 possono
1116 319 1259 360 hauere,
1286 331 1325 354 se
1343 332 1412 354 non
1431 321 1461 354 si
1489 322 1643 356 concede
1669 322 1744 356 loro
1768 334 1831 367 per
1857 323 1996 368 dispen-

220 373 359 407 satione
385 373 582 417 apostolica
608 372 944 406 d'administrarla‘*
977 373 1154 416 (Hansen,
1181 372 1290 407 Nuut.
1312 374 1324 406 l
1352 373 1451 417 240).
1496 375 1675 419 Imprimis
1701 378 1821 409 autem
1850 375 1997 410 Guiliel-

220 438 301 460 mus
327 426 483 466 volebat,
511 431 550 460 ut
577 426 728 460 loannes
747 425 962 460 Guilielmus
988 426 1085 459 filius
1110 437 1198 460 suus
1225 427 1260 460 in
1287 427 1402 471 prima.
1429 429 1676 462 communione
1703 440 1842 463 sacram
1869 429 1996 464 eucha-

221 481 358 515 ristiam
395 480 461 514 sub
496 483 648 523 utraque
683 479 803 524 specie
845 482 1004 513 sumeret
1050 479 1197 522 (Lossen
1232 479 1253 514 l.
1279 492 1307 514 c.
1344 481 1517 517 247‘407
1553 482 1770 526 591—592).
1831 482 1998 517 Ceterum

226 535 438 567 Guilielmus
472 536 649 567 terrarum
684 544 831 566 suarum
867 533 1045 567 nobilitati
1073 535 1109 566 et
1134 532 1282 567 urbibus
1313 533 1464 568 liberum
1492 535 1736 569 Confessionis
1762 535 1998 579 Augustanae

221 587 300 621 sive
319 586 585 621 Lutheranismi
612 586 836 627 exercitium,
863 587 955 630 quod
979 599 1009 620 a.
1032 586 1120 620 1577
1148 587 1182 620 in
1211 587 1365 621 comitiis
1385 588 1505 622 verbis
1531 587 1626 622 haud
1653 589 1816 624 obscuris
1842 589 1998 634 postula-

222 642 361 681 verant,
389 640 583 674 concedere
610 639 725 673 noluit
753 640 895 682 (Ludw.
915 641 1048 682 Keller,
1076 639 1140 673 Die
1169 639 1528 683 Gegenreiormation
1555 642 1590 675 in
1611 641 1816 676 WVestfalen
1843 643 1913 677 und
1941 654 1999 677 am

221 692 456 727 Niederrhein
484 693 517 729 I.
557 693 702 737 Leipzig
730 693 840 733 1881,
869 693 957 736 253;
996 694 1129 726 Lossen
1155 693 1177 726 l.
1204 705 1233 727 c.
1261 694 1487 737 591-592);
1523 695 1559 728 in
1595 695 1743 729 eandem
1780 696 1999 730 sententiam

222 747 366 780 Portiae
393 747 534 780 locutus
560 749 626 787 est,
653 751 690 780 et
713 746 886 790 Gregorio
906 746 1000 779 XIII.
1033 757 1099 788 „ex
1125 757 1207 780 arce
1234 746 1440 781 Hambach“
1471 747 1528 782 28.
1549 748 1705 782 Ianuarii
1726 749 1817 783 1578
1843 749 1999 794 scripsit,

222 811 260 834 se
293 812 351 842 „eo
380 800 497 834 animo
523 812 665 845 semper
699 801 822 839 fuisse,
858 803 892 833 et
920 800 1035 833 adhuc
1062 811 1152 841 esse,
1188 811 1259 844 quo
1285 811 1388 834 sacra
1415 800 1624 835 Orthodoxa
1652 801 1839 837 Catholica
1872 803 2000 846 religio

222 865 291 887 non
310 865 425 894 secus,
452 865 495 888 ac
513 865 576 898 per
594 856 737 887 nostros
762 853 918 898 majores
944 853 1083 887 foelicis
1110 854 1303 887 memoriae
1330 854 1476 896 factum,
1504 855 1706 899 promoveri
1733 867 1775 890 ac
1793 856 2000 890 conservari

222 907 347 950 possit.
397 906 522 951 Neque
558 907 669 941 ullam
705 906 910 941 libertatem
943 906 1001 940 vel
1038 907 1274 940 mutationem
1301 906 1510 942 Catholicae
1545 907 1710 952 religioni
1745 909 1998 943 adversantem

222 960 483 1004 permittemus,
510 960 623 994 multo
650 961 769 994 minus
796 960 904 994 etiam
932 971 1088 1004 unquam
1108 971 1129 994 a
1147 959 1249 994 filiali
1276 960 1396 994 debita
1423 961 1625 995 obedientia
1652 973 1738 1005 erga
1761 961 1885 996 Sedem
1907 965 1998 1008 Apo-

222 1013 388 1047 stolicam
425 1014 662 1054 discedemus,
698 1014 997 1057 quemadmodum
1033 1013 1237 1057 hujusmodi
1264 1013 1464 1048 voluntatis
1499 1019 1644 1048 nostrae
1680 1027 1744 1049 nos
1774 1015 1809 1049 in
1837 1015 2001 1050 Comitiis

224 1066 430 1110 Principum
458 1066 673 1101 Germaniae
700 1067 984 1101 declaravimus“
1020 1067 1203 1111 (leeiner‚
1230 1068 1321 1101 Ann.
1350 1066 1383 1100 II
1409 1067 1444 1101 in
1471 1079 1503 1102 a.
1533 1068 1634 1108 1578,
1664 1080 1698 1102 n.
1725 1068 1821 1112 xm).
1872 1069 1999 1113 Singu-

222 1119 333 1153 larem
373 1123 492 1154 autem
532 1123 568 1154 et
605 1121 766 1165 pontifici
805 1124 841 1154 et
879 1120 960 1154 duci
999 1120 1249 1154 difficultatem
1295 1120 1447 1165 parabat
1488 1121 1672 1164 negotium
1715 1122 2000 1157 monasteriense

225 1172 406 1216 (Miinster
432 1174 467 1207 in
483 1174 717 1216 W'estfalen).
756 1176 859 1208 Anno
889 1174 978 1208 1573
1007 1173 1204 1217 Gregorius
1223 1174 1319 1207 XIII.
1349 1174 1516 1208 Ioannem
1544 1174 1788 1215 Guilielmum‚
1817 1175 2001 1210 Guilielmi

221 1226 333 1260 filium
362 1229 449 1261 natu
475 1228 646 1261 minorem
677 1229 801 1269 (natus
820 1231 898 1261 erat
915 1239 945 1261 a.
968 1227 1087 1270 1562),
1114 1239 1195 1261 cum
1222 1227 1489 1262 condicionibus
1516 1227 1696 1272 aliquibus
1723 1229 2002 1264 confirmaverat

223 1280 466 1314 coadiutorem
493 1281 636 1314 Ioannis
661 1281 705 1316 ab
725 1280 829 1325 Hoya
856 1281 1014 1325 episcopi
1041 1280 1214 1325 principis
1241 1281 1546 1315 monasteriensis.
1587 1281 1663 1323 Quo
1690 1293 1721 1317 a.
1743 1282 1834 1316 1574
1860 1286 2001 1317 mortuo

223 1333 421 1378 capitulum
448 1334 616 1368 Ioannem
638 1333 870 1368 Guilielmum
894 1334 1132 1379 „postulavit“
1165 1334 1370 1379 episcopum
1398 1334 1459 1376 ita,
1486 1336 1528 1368 ut
1553 1334 1624 1374 ille,
1651 1335 1769 1379 quoad
1796 1336 1840 1369 ad
1867 1337 2000 1370 iustam

223 1387 452 1431 pervenisset
477 1390 645 1428 aetatem,
673 1388 901 1432 episcopatus
928 1387 1254 1421 administratorem
1284 1390 1420 1432 ageret.
1460 1387 1594 1422 Verum
1613 1388 1747 1422 Romae
1770 1390 2002 1434 Conqreyatio

223 1441 458 1475 cardinalium
487 1441 702 1475 Germaniae
737 1441 844 1475 rebus
879 1441 1048 1475 iuvandis
1083 1441 1280 1475 constituta
1316 1443 1347 1476 5.
1374 1441 1455 1475 Iulii
1485 1442 1574 1476 1576
1601 1442 1653 1475 sic
1689 1444 1850 1477 censuit:
1891 1442 2002 1484 „Quia

223 1494 420 1528 timendum
449 1497 514 1535 est,
550 1507 594 1529 ne
630 1495 927 1529 Monasteriensis
963 1494 1115 1529 ecclesia
1151 1494 1235 1528 data
1270 1494 1342 1528 filio
1379 1494 1481 1529 ducis
1516 1495 1697 1529 Clivensis
1732 1495 2002 1530 confirmatione

224 1547 466 1582 haereditaria
492 1549 555 1582 fiat
582 1551 618 1582 et
643 1549 863 1592 adiungatur
888 1548 954 1583 hoc
981 1547 1084 1582 modo
1110 1548 1234 1582 ditioni
1261 1548 1461 1593 temporali,
1496 1548 1642 1593 placuit,
1678 1561 1747 1583 non
1774 1549 1851 1583 dari
1877 1550 2001 1584 confir-

224 1601 429 1642 mationem,
465 1603 528 1636 sed
555 1603 760 1636 conservari
788 1603 823 1636 in
850 1603 926 1636 iure
953 1601 1207 1646 postulationis
1233 1604 1375 1635 tantum
1401 1604 1437 1636 et
1463 1604 1590 1646 postea
1616 1606 1816 1647 opportuno
1841 1606 2002 1648 tempore

223 1655 367 1695 tentari,
398 1667 443 1689 an
470 1656 667 1700 capitulum
695 1656 784 1689 veIIt
811 1656 854 1689 ad
884 1649 1018 1689 bonam¹
1038 1655 1248 1689 electionem
1276 1655 1400 1689 venire
1426 1658 1463 1689 et
1489 1655 1663 1690 ecclesiae
1689 1656 1898 1690 necessitati
1923 1669 2001 1701 pro-

223 1708 366 1742 videre‘
399 1710 548 1751 (Lossen
567 1709 588 1742 l.
609 1721 638 1743 c.
658 1710 726 1743 245
754 1710 842 1749 254;
871 1710 1042 1744 Schwar:
1059 1709 1081 1743 1.
1101 1720 1130 1743 c.
1152 1708 1247 1750 118).
1287 1708 1504 1743 Guilielmus
1530 1712 1649 1743 autem
1669 1709 1742 1743 dux
1768 1709 1838 1743 iam
1857 1721 1888 1743 a.
1911 1710 2001 1744 1575

223 1761 371 1806 capituli
408 1762 627 1797 cathedralis
662 1763 852 1797 canonicos
888 1764 1060 1797 certiores
1094 1762 1309 1803 reddiderat,
1345 1773 1395 1803 se,
1431 1763 1462 1796 si
1496 1763 1564 1807 ipsi
1602 1763 1793 1797 Ernestum
1826 1763 2002 1797 Bavariae

224 1815 326 1850 ducis
351 1815 465 1849 filium
491 1827 669 1860 suumque
694 1819 862 1861 nepotem
898 1817 1081 1861 postulare
1107 1815 1246 1849 vellent
1281 1815 1499 1860 episcopum,
1536 1816 1758 1856 effecturum,
1786 1820 1824 1850 ut
1850 1816 2002 1850 Ioannes

225 1869 440 1904 Guilielmus
466 1869 563 1904 filius
589 1870 666 1904 iure
701 1870 956 1914 postulationis
991 1870 1154 1910 cederet3
1191 1872 1301 1913 atque
1336 1869 1430 1903 idem
1466 1869 1630 1914 pontifex
1666 1881 1808 1913 quoque
1843 1869 2001 1915 optabat.

224 1924 273 1956 At
306 1923 420 1957 maior
455 1923 706 1957 canonicorum
742 1935 827 1968 pars
862 1923 1048 1968 postulare
1085 1922 1215 1957 statuit
1254 1922 1448 1957 Hem-icum
1489 1923 1615 1957 ducem
1652 1923 2002 1967 Lauenburgenwm,

224 1976 403 2010 hominem
439 1988 480 2010 eo
515 1977 633 2011 officio
668 1989 816 2022 prorsus
852 1977 1058 2020 indignum;
1096 1988 1246 2021 quorum
1284 1976 1358 2010 dux
1393 1978 1472 2010 erat
1506 1976 1693 2010 Conradus
1720 1988 1740 2010 a
1767 1976 2002 2018 WVesterholt,

225 2030 418 2064 canonicus
443 2030 684 2064 scholasticus
711 2034 747 2064 et
773 2031 1004 2075 episcopatus
1024 2031 1060 2064 in
1078 2030 1186 2064 rebus
1204 2030 1248 2063 ad
1268 2029 1375 2063 civile
1395 2029 1585 2074 imperium
1611 2029 1877 2074 pertinentibus
1903 2041 2003 2074 prae-

225 2084 344 2117 fectus
383 2083 696 2126 („Statthalter“).
748 2082 827 2125 Qua
854 2096 891 2118 re
927 2084 1073 2127 cognita
1108 2082 1306 2126 Gregorius
1332 2082 1429 2116 XIII.
1466 2082 1623 2127 capitulo
1659 2094 1690 2117 a.
1721 2083 1813 2117 1576
1846 2083 2003 2128 scripsit,

224 2147 407 2180 nunquam
427 2136 622 2171 Henricum
650 2137 750 2170 illum
779 2149 799 2171 a
818 2149 857 2171 se
883 2137 1132 2171 confirmatum
1160 2137 1214 2170 iri.
1250 2135 1535 2170 Westerhostius
1561 2147 1647 2170 vero
1668 2135 1810 2170 libellos
1829 2136 2005 2179 vulgabat

226 2191 393 2231 famosos,
421 2190 598 2235 imprimis
616 2190 778 2225 libellum
801 2189 1289 2233 „Assecurations-Schrift“,
1318 2190 1378 2233 qui
1397 2191 1475 2223 erat
1498 2189 1574 2231 „un’
1590 2189 1821 2223 acerbissimo
1843 2190 2003 2229 scritto“,

225 2246 266 2277 ut
293 2243 415 2277 Portia
440 2247 574 2285 narrat,
611 2247 646 2278 et
674 2245 709 2277 in
745 2244 952 2288 pontificem
987 2243 1268 2278 contumeliosus
1294 2254 1337 2276 ac
1373 2253 1486 2287 paene
1521 2241 1735 2276 haereticus.
1792 2243 2005 2276 Guilielmus

225 2300 345 2330 autem
374 2296 512 2331 Cliviae
547 2299 621 2331 dux
656 2298 855 2341 aegerrime
891 2298 980 2332 haec
1015 2298 1135 2331 ferens
1170 2295 1330 2341 pontifici
1367 2307 1431 2340 per
1458 2296 1617 2330 Portiam
1653 2296 1928 2335 commendavit,
1964 2297 2005 2329 ut

225 2349 509 2385 VVesterholtius
536 2351 685 2384 Romam
713 2354 886 2385 evocatus
913 2363 934 2385 a
960 2350 1134 2395 praefecti
1161 2349 1280 2383 officio
1311 2351 1570 2389 removeretur,
1597 2348 1656 2383 vel
1682 2351 1731 2389 ut,
1767 2349 1797 2382 si
1824 2348 1860 2382 id
1886 2349 2004 2383 visum

225 2415 294 2437 non
314 2406 411 2438 esset
436 2404 651 2445 consultum,
679 2404 910 2449 episcopatus
930 2404 1196 2438 administratio
1220 2404 1260 2445 „a
1279 2401 1504 2447 beneplacito
1523 2402 1618 2436 della
1637 2401 1778 2436 Santita
1797 2401 1888 2435 Sua“
1911 2413 2003 2435 com-

226 2457 431 2491 mitteretur
457 2458 580 2492 Ioanni
605 2457 797 2492 Guilielmo
823 2457 897 2491 filio
923 2469 999 2496 suo,
1027 2469 1091 2501 per
1117 2468 1221 2501 quem
1243 2455 1527 2490 Westerholtius
1553 2455 1629 2489 loco
1656 2455 1792 2489 moveri
1819 2458 1928 2499 atque
1954 2456 2005 2489 ita

228 2510 371 2545 Ernesti
398 2511 525 2545 electio
552 2510 691 2545 facilior
717 2511 817 2545 reddi
845 2513 969 2554 posset
999 2512 1147 2554 (Lossen
1174 2510 1196 2544 l.
1218 2521 1246 2544 c.
1267 2508 1453 2544 280—281
1484 2508 1672 2544 330—332
1699 2508 1768 2543 372
1794 2508 2004 2548 594-595;

230 2565 384 2606 Hansen,
413 2564 521 2598 Nunt,
553 2564 564 2597 I
591 2564 783 2598 233—234
809 2564 908 2607 241).
1570 2574 1577 2581 ·

350 2629 583 2672 Conyrefflltio
606 2631 814 2673 yermanica
841 2630 1030 2671 constitnit,
1061 2632 1096 2661 nt
1119 2628 1288 2661 Canisiecs
1314 2638 1389 2660 cum
1418 2628 1504 2660 «lewe
1530 2628 1674 2659 divensi
1699 2628 1740 2660 de
1766 2627 1874 2659 calice
1899 2626 2004 2659 laico-

229 2694 307 2715 rum
335 2687 364 2715 et
390 2683 494 2716 rebus
518 2683 855 2716 monaster-sensibus
882 2686 975 2725 afflat.
1019 2682 1151 2714 Brevia
1178 2683 1253 2714 eins
1278 2682 1334 2714 rel
1357 2682 1479 2723 yratia
1507 2682 1718 2722 conset-'Pta-

348 2749 506 2790 Romae
540 2749 814 2803 Congyrequtz'o
858 2748 1150 2789 cardinalium
1192 2748 1439 2801 qermanica
1485 2748 1526 2787 in
1561 2759 1753 2787 consessu
1786 2747 1825 2787 5.
1851 2745 2006 2787 Martii

233 2817 282 2854 ,13
295 2816 346 2855 ἰδ’
377 2814 519 2855 habito
551 2814 665 2866 haee,
696 2818 870 2868 praeter
902 2815 1006 2865 alia,
1040 2813 1211 2854 statuit:

348 2879 413 2919 De
446 2878 656 2931 petitione
689 2878 809 2920 ducis
842 2877 1055 2920 Clivensis
1087 2889 1218 2930 super
1250 2876 1551 2917 communione
1583 2875 1662 2916 sub
1695 2877 1894 2927 utraque.

351 2942 633 2984 Laudandum
668 2957 763 2984 esse
786 2943 936 2984 ducem
972 2942 1024 2983 de
1047 2940 1294 2983 constantia
1318 2943 1416 2990 etc„
1449 2942 1598 2982 tamen
1631 2940 1683 2981 de
1707 2939 2005 2981 communione
2050 2962 2051 2971 κ

231 3007 335 3049 nihil
368 3007 686 3049 concedendum
721 3011 766 3050 et
799 3006 1118 3062 expectandum
1151 3004 1365 3047 hominem
1401 3005 1534 3055 ducis,
1570 3005 1641 3046 vel
1672 3004 1817 3058 potius
1849 3017 2004 3046 curan-

231 3072 343 3121 dam,
379 3074 426 3114 ut
457 3072 712 3114 retrahatur
744 3072 798 3114 ab
821 3071 1067 3114 huiusmodi
1099 3069 1310 3125 petitione
1333 3072 1378 3112 et
1409 3069 1642 3122 intelligat,
1678 3083 1762 3111 non
1785 3068 2004 3122 expedire,

231 3139 279 3178 ut
311 3136 450 3179 detur.
516 3137 573 3178 Et
616 3137 747 3180 Pater
779 3137 976 3178 Canisius
1018 3135 1249 3177 videbatur
1288 3134 1468 3176 idoneus
1510 3134 1566 3176 ad
1607 3133 1663 3184 id,
1704 3136 1749 3176 et
1789 3132 2003 3187 placebat,
2045 3135 2049 3139 '
