<?xml version="1.0" encoding="UTF-8"?>
<!DOCTYPE html PUBLIC "-//W3C//DTD XHTML 1.0 Transitional//EN"
    "http://www.w3.org/TR/xhtml1/DTD/xhtml1-transitional.dtd">
<html xmlns="http://www.w3.org/1999/xhtml" xml:lang="en" lang="en">
 <head>
  <title>
</title>
<meta http-equiv="Content-Type" content="text/html;charset=utf-8" />
  <meta name='ocr-system' content='tesseract 3.04.00' />
  <meta name='ocr-capabilities' content='ocr_page ocr_carea ocr_par ocr_line ocrx_word'/>
</head>
<body>
  <div class='ocr_page' id='page_1' title='image "beatipetricanisi07cani_0694.png"; bbox 0 0 2051 3433; ppageno 0'>
   <div class='ocr_carea' id='block_1_1' title="bbox 179 174 1457 219">
    <p class='ocr_par' dir='ltr' id='par_1_1' title="bbox 179 174 1457 219">
     <span class='ocr_line' id='line_1_1' title="bbox 179 174 1457 219; baseline 0.004 -12"><span class='ocrx_word' id='word_1_1' title='bbox 179 177 264 219; x_wconf 83' lang='lat'>600</span> <span class='ocrx_word' id='word_1_2' title='bbox 673 174 776 209; x_wconf 81' lang='lat'>2082.</span> <span class='ocrx_word' id='word_1_3' title='bbox 805 175 971 210; x_wconf 83' lang='lat' dir='ltr'>Canisius</span> <span class='ocrx_word' id='word_1_4' title='bbox 1000 177 1037 211; x_wconf 84' lang='lat' dir='ltr'>P.</span> <span class='ocrx_word' id='word_1_5' title='bbox 1058 176 1170 210; x_wconf 86' lang='lat' dir='ltr'>Paulo</span> <span class='ocrx_word' id='word_1_6' title='bbox 1197 176 1345 211; x_wconf 81' lang='lat' dir='ltr'>Hoffaeo</span> <span class='ocrx_word' id='word_1_7' title='bbox 1366 177 1401 212; x_wconf 89' lang='lat' dir='ltr'>S.</span> <span class='ocrx_word' id='word_1_8' title='bbox 1423 178 1457 212; x_wconf 92' lang='lat' dir='ltr'>J.</span> 
     </span>
    </p>
   </div>
   <div class='ocr_carea' id='block_1_2' title="bbox 172 292 1958 2503">
    <p class='ocr_par' dir='ltr' id='par_1_2' title="bbox 179 292 1956 400">
     <span class='ocr_line' id='line_1_2' title="bbox 179 292 1956 352; baseline 0.003 -18"><span class='ocrx_word' id='word_1_9' title='bbox 179 292 249 345; x_wconf 93' lang='lat' dir='ltr'>qui</span> <span class='ocrx_word' id='word_1_10' title='bbox 284 295 329 335; x_wconf 90' lang='lat' dir='ltr'>et</span> <span class='ocrx_word' id='word_1_11' title='bbox 361 306 438 334; x_wconf 88' lang='lat' dir='ltr'>nos</span> <span class='ocrx_word' id='word_1_12' title='bbox 470 307 652 346; x_wconf 89' lang='lat' dir='ltr'>syncere</span> <span class='ocrx_word' id='word_1_13' title='bbox 686 297 849 344; x_wconf 87' lang='lat' dir='ltr'>amant,</span> <span class='ocrx_word' id='word_1_14' title='bbox 884 297 928 336; x_wconf 88' lang='lat' dir='ltr'>et</span> <span class='ocrx_word' id='word_1_15' title='bbox 961 295 1012 336; x_wconf 86' lang='lat' dir='ltr'>de</span> <span class='ocrx_word' id='word_1_16' title='bbox 1045 294 1111 336; x_wconf 92' lang='lat' dir='ltr'>his</span> <span class='ocrx_word' id='word_1_17' title='bbox 1143 294 1273 336; x_wconf 90' lang='lat' dir='ltr'>rebus</span> <span class='ocrx_word' id='word_1_18' title='bbox 1306 295 1468 349; x_wconf 91' lang='lat' dir='ltr'>optime</span> <span class='ocrx_word' id='word_1_19' title='bbox 1502 300 1692 347; x_wconf 90' lang='lat' dir='ltr'>censent,</span> <span class='ocrx_word' id='word_1_20' title='bbox 1729 298 1956 352; x_wconf 88' lang='lat' dir='ltr'>minusque</span> 
     </span>
     <span class='ocr_line' id='line_1_3' title="bbox 182 352 742 400; baseline 0 0"><span class='ocrx_word' id='word_1_21' title='bbox 182 358 346 400; x_wconf 85' lang='lat' dir='ltr'>facturn</span> <span class='ocrx_word' id='word_1_22' title='bbox 382 358 623 400; x_wconf 87' lang='lat' dir='ltr'>mirabitur.</span> <span class='ocrx_word' id='word_1_23' title='bbox 739 352 742 355; x_wconf 58' lang='grc'><strong>’</strong></span> 
     </span>
    </p>

    <p class='ocr_par' dir='ltr' id='par_1_3' title="bbox 172 423 1958 2503">
     <span class='ocr_line' id='line_1_4' title="bbox 297 423 1958 479; baseline 0.004 -15"><span class='ocrx_word' id='word_1_24' title='bbox 297 424 398 465; x_wconf 90' lang='lat' dir='ltr'>Cum</span> <span class='ocrx_word' id='word_1_25' title='bbox 424 426 569 465; x_wconf 85' lang='lat' dir='ltr'>autern</span> <span class='ocrx_word' id='word_1_26' title='bbox 603 423 685 464; x_wconf 90' lang='lat' dir='ltr'>huc</span> <span class='ocrx_word' id='word_1_27' title='bbox 709 423 757 465; x_wconf 82' lang='lat' dir='ltr'>R.</span> <span class='ocrx_word' id='word_1_28' title='bbox 780 424 826 465; x_wconf 88' lang='lat' dir='ltr'>T.</span> <span class='ocrx_word' id='word_1_29' title='bbox 854 424 1036 473; x_wconf 85' lang='lat' dir='ltr'>uenerit,</span> <span class='ocrx_word' id='word_1_30' title='bbox 1072 424 1243 466; x_wconf 80' lang='lat' dir='ltr'>facilem</span> <span class='ocrx_word' id='word_1_31' title='bbox 1279 427 1327 467; x_wconf 91' lang='lat' dir='ltr'>ut</span> <span class='ocrx_word' id='word_1_32' title='bbox 1349 439 1490 479; x_wconf 89' lang='lat' dir='ltr'>spero,</span> <span class='ocrx_word' id='word_1_33' title='bbox 1524 426 1737 469; x_wconf 88' lang='lat' dir='ltr'>rationem</span> <span class='ocrx_word' id='word_1_34' title='bbox 1763 428 1958 471; x_wconf 89' lang='lat' dir='ltr'>inueniet</span> 
     </span>
     <span class='ocr_line' id='line_1_5' title="bbox 177 488 1956 544; baseline 0.003 -15"><span class='ocrx_word' id='word_1_35' title='bbox 177 488 308 530; x_wconf 89' lang='lat' dir='ltr'>aedes</span> <span class='ocrx_word' id='word_1_36' title='bbox 326 488 534 540; x_wconf 88' lang='lat' dir='ltr'>quasdam</span> <span class='ocrx_word' id='word_1_37' title='bbox 554 488 596 529; x_wconf 92' lang='lat' dir='ltr'>in</span> <span class='ocrx_word' id='word_1_38' title='bbox 617 503 741 529; x_wconf 87' lang='lat' dir='ltr'>usum</span> <span class='ocrx_word' id='word_1_39' title='bbox 762 489 958 542; x_wconf 75' lang='lat' dir='ltr'>collegija</span> <span class='ocrx_word' id='word_1_40' title='bbox 975 491 1319 531; x_wconf 78' lang='lat' dir='ltr'>conuertendasb</span> <span class='ocrx_word' id='word_1_41' title='bbox 1333 489 1394 544; x_wconf 67' lang='lat' dir='ltr'>[P]</span> <span class='ocrx_word' id='word_1_42' title='bbox 1408 497 1433 540; x_wconf 79' lang='lat'>⁰,</span> <span class='ocrx_word' id='word_1_43' title='bbox 1453 491 1566 534; x_wconf 86' lang='lat' dir='ltr'>sicut</span> <span class='ocrx_word' id='word_1_44' title='bbox 1581 492 1766 534; x_wconf 85' lang='lat' dir='ltr'>Senatus</span> <span class='ocrx_word' id='word_1_45' title='bbox 1785 493 1956 536; x_wconf 90' lang='lat' dir='ltr'>omnino</span> 
     </span>
     <span class='ocr_line' id='line_1_6' title="bbox 178 553 1954 609; baseline 0.003 -14"><span class='ocrx_word' id='word_1_46' title='bbox 178 553 383 596; x_wconf 88' lang='lat' dir='ltr'>decreuit.</span> <span class='ocrx_word' id='word_1_47' title='bbox 430 554 536 595; x_wconf 87' lang='lat' dir='ltr'>Tum</span> <span class='ocrx_word' id='word_1_48' title='bbox 582 553 729 596; x_wconf 88' lang='lat' dir='ltr'>licebit</span> <span class='ocrx_word' id='word_1_49' title='bbox 761 568 855 595; x_wconf 89' lang='lat' dir='ltr'>cum</span> <span class='ocrx_word' id='word_1_50' title='bbox 896 555 1079 608; x_wconf 87' lang='lat' dir='ltr'>primum</span> <span class='ocrx_word' id='word_1_51' title='bbox 1123 555 1401 606; x_wconf 84' lang='lat' dir='ltr'>uoluerimus,</span> <span class='ocrx_word' id='word_1_52' title='bbox 1446 556 1633 609; x_wconf 88' lang='lat' dir='ltr'>quinque</span> <span class='ocrx_word' id='word_1_53' title='bbox 1665 559 1734 599; x_wconf 92' lang='lat' dir='ltr'>uel</span> <span class='ocrx_word' id='word_1_54' title='bbox 1768 572 1845 600; x_wconf 85' lang='lat' dir='ltr'>sex</span> <span class='ocrx_word' id='word_1_55' title='bbox 1879 573 1954 601; x_wconf 91' lang='lat' dir='ltr'>no-</span> 
     </span>
     <span class='ocr_line' id='line_1_7' title="bbox 177 618 1957 677; baseline 0.004 -18"><span class='ocrx_word' id='word_1_56' title='bbox 177 621 365 660; x_wconf 85' lang='lat' dir='ltr'>strorum</span> <span class='ocrx_word' id='word_1_57' title='bbox 398 618 467 660; x_wconf 90' lang='lat' dir='ltr'>hic</span> <span class='ocrx_word' id='word_1_58' title='bbox 499 619 629 669; x_wconf 89' lang='lat' dir='ltr'>alere,</span> <span class='ocrx_word' id='word_1_59' title='bbox 665 633 718 660; x_wconf 86' lang='lat' dir='ltr'>ex</span> <span class='ocrx_word' id='word_1_60' title='bbox 753 619 907 671; x_wconf 90' lang='lat' dir='ltr'>quibus</span> <span class='ocrx_word' id='word_1_61' title='bbox 940 620 1125 674; x_wconf 89' lang='lat' dir='ltr'>optarim</span> <span class='ocrx_word' id='word_1_62' title='bbox 1160 634 1291 661; x_wconf 89' lang='lat' dir='ltr'>vnum</span> <span class='ocrx_word' id='word_1_63' title='bbox 1328 634 1423 662; x_wconf 89' lang='lat' dir='ltr'>esse</span> <span class='ocrx_word' id='word_1_64' title='bbox 1457 622 1528 673; x_wconf 89' lang='lat' dir='ltr'>qui</span> <span class='ocrx_word' id='word_1_65' title='bbox 1552 636 1633 664; x_wconf 89' lang='lat' dir='ltr'>non</span> <span class='ocrx_word' id='word_1_66' title='bbox 1660 624 1806 677; x_wconf 87' lang='lat' dir='ltr'>procul</span> <span class='ocrx_word' id='word_1_67' title='bbox 1831 624 1957 666; x_wconf 91' lang='lat' dir='ltr'>abest</span> 
     </span>
     <span class='ocr_line' id='line_1_8' title="bbox 176 683 1955 740; baseline 0.004 -16"><span class='ocrx_word' id='word_1_68' title='bbox 176 683 218 724; x_wconf 91' lang='lat' dir='ltr'>in</span> <span class='ocrx_word' id='word_1_69' title='bbox 243 683 424 736; x_wconf 89' lang='lat' dir='ltr'>collegio</span> <span class='ocrx_word' id='word_1_70' title='bbox 443 683 787 725; x_wconf 87' lang='lat' dir='ltr'>Camberiacensi</span> <span class='ocrx_word' id='word_1_71' title='bbox 812 684 1068 733; x_wconf 83' lang='lat' dir='ltr'>Sabaudiae,</span> <span class='ocrx_word' id='word_1_72' title='bbox 1093 685 1237 739; x_wconf 86' lang='lat' dir='ltr'>patria</span> <span class='ocrx_word' id='word_1_73' title='bbox 1256 685 1592 740; x_wconf 88' lang='lat' dir='ltr'>Friburgensem</span> <span class='ocrx_word' id='word_1_74' title='bbox 1616 691 1661 730; x_wconf 89' lang='lat' dir='ltr'>et</span> <span class='ocrx_word' id='word_1_75' title='bbox 1682 689 1955 731; x_wconf 80' lang='lat' dir='ltr'>sacerdotem</span> 
     </span>
     <span class='ocr_line' id='line_1_9' title="bbox 176 748 1958 804; baseline 0.003 -14"><span class='ocrx_word' id='word_1_76' title='bbox 176 762 199 790; x_wconf 92' lang='lat' dir='ltr'>e</span> <span class='ocrx_word' id='word_1_77' title='bbox 231 748 393 789; x_wconf 87' lang='lat' dir='ltr'>nostris</span> <span class='ocrx_word' id='word_1_78' title='bbox 425 748 528 789; x_wconf 90' lang='lat' dir='ltr'>mihi</span> <span class='ocrx_word' id='word_1_79' title='bbox 562 749 922 799; x_wconf 85' lang='lat' dir='ltr'>commendatum,</span> <span class='ocrx_word' id='word_1_80' title='bbox 959 750 1011 791; x_wconf 90' lang='lat' dir='ltr'>de</span> <span class='ocrx_word' id='word_1_81' title='bbox 1034 764 1117 802; x_wconf 91' lang='lat' dir='ltr'>quo</span> <span class='ocrx_word' id='word_1_82' title='bbox 1140 750 1269 792; x_wconf 82' lang='lat' dir='ltr'>isthic</span> <span class='ocrx_word' id='word_1_83' title='bbox 1292 751 1365 803; x_wconf 87' lang='lat' dir='ltr'>agi</span> <span class='ocrx_word' id='word_1_84' title='bbox 1390 752 1550 804; x_wconf 85' lang='lat' dir='ltr'>poterit</span> <span class='ocrx_word' id='word_1_85' title='bbox 1573 766 1665 794; x_wconf 89' lang='lat' dir='ltr'>cum</span> <span class='ocrx_word' id='word_1_86' title='bbox 1692 753 1958 796; x_wconf 88' lang='lat' dir='ltr'>Prouintiale</span> 
     </span>
     <span class='ocr_line' id='line_1_10' title="bbox 176 813 1955 872; baseline 0.004 -18"><span class='ocrx_word' id='word_1_87' title='bbox 176 813 301 855; x_wconf 90' lang='lat' dir='ltr'>simul</span> <span class='ocrx_word' id='word_1_88' title='bbox 335 816 380 855; x_wconf 91' lang='lat' dir='ltr'>et</span> <span class='ocrx_word' id='word_1_89' title='bbox 414 813 626 856; x_wconf 87' lang='lat' dir='ltr'>Generale</span> <span class='ocrx_word' id='word_1_90' title='bbox 665 814 811 856; x_wconf 85' lang='lat' dir='ltr'>futuro</span> <span class='ocrx_word' id='word_1_91' title='bbox 828 817 853 856; x_wconf 91' lang='lat'>¹.</span> <span class='ocrx_word' id='word_1_92' title='bbox 908 815 1100 868; x_wconf 85' lang='lat' dir='ltr'>Egemus</span> <span class='ocrx_word' id='word_1_93' title='bbox 1142 818 1289 857; x_wconf 88' lang='lat' dir='ltr'>autem</span> <span class='ocrx_word' id='word_1_94' title='bbox 1332 816 1528 870; x_wconf 84' lang='lat' dir='ltr'>inprimis</span> <span class='ocrx_word' id='word_1_95' title='bbox 1570 817 1680 859; x_wconf 91' lang='lat' dir='ltr'>bono</span> <span class='ocrx_word' id='word_1_96' title='bbox 1722 823 1766 861; x_wconf 87' lang='lat' dir='ltr'>et</span> <span class='ocrx_word' id='word_1_97' title='bbox 1807 819 1955 872; x_wconf 81' lang='lat' dir='ltr'>sagaci</span> 
     </span>
     <span class='ocr_line' id='line_1_11' title="bbox 176 878 1957 938; baseline 0.003 -17"><span class='ocrx_word' id='word_1_98' title='bbox 176 878 440 929; x_wconf 86' lang='lat' dir='ltr'>coadiutore,</span> <span class='ocrx_word' id='word_1_99' title='bbox 476 879 548 931; x_wconf 91' lang='lat' dir='ltr'>qui</span> <span class='ocrx_word' id='word_1_100' title='bbox 581 879 695 921; x_wconf 90' lang='lat' dir='ltr'>domi</span> <span class='ocrx_word' id='word_1_101' title='bbox 730 882 774 922; x_wconf 91' lang='lat' dir='ltr'>et</span> <span class='ocrx_word' id='word_1_102' title='bbox 806 879 912 921; x_wconf 88' lang='lat' dir='ltr'>foris</span> <span class='ocrx_word' id='word_1_103' title='bbox 945 881 1068 922; x_wconf 89' lang='lat' dir='ltr'>nobis</span> <span class='ocrx_word' id='word_1_104' title='bbox 1101 881 1288 923; x_wconf 85' lang='lat' dir='ltr'>seruiat:</span> <span class='ocrx_word' id='word_1_105' title='bbox 1322 896 1526 935; x_wconf 84' lang='lat' dir='ltr'>magnam</span> <span class='ocrx_word' id='word_1_106' title='bbox 1555 883 1726 926; x_wconf 80' lang='lat' dir='ltr'>interim</span> <span class='ocrx_word' id='word_1_107' title='bbox 1761 885 1957 938; x_wconf 80' lang='lat' dir='ltr'>capimus</span> 
     </span>
     <span class='ocr_line' id='line_1_12' title="bbox 176 944 1954 1002; baseline 0.003 -17"><span class='ocrx_word' id='word_1_108' title='bbox 176 944 420 986; x_wconf 76' lang='lat' dir='ltr'>molestiam</span> <span class='ocrx_word' id='word_1_109' title='bbox 453 958 509 985; x_wconf 78' lang='lat' dir='ltr'>ex</span> <span class='ocrx_word' id='word_1_110' title='bbox 541 944 739 987; x_wconf 87' lang='lat' dir='ltr'>ministro</span> <span class='ocrx_word' id='word_1_111' title='bbox 773 958 919 987; x_wconf 89' lang='lat' dir='ltr'>crasso</span> <span class='ocrx_word' id='word_1_112' title='bbox 953 951 997 987; x_wconf 87' lang='lat' dir='ltr'>et</span> <span class='ocrx_word' id='word_1_113' title='bbox 1029 946 1228 997; x_wconf 84' lang='lat' dir='ltr'>seculari,</span> <span class='ocrx_word' id='word_1_114' title='bbox 1262 960 1388 1000; x_wconf 88' lang='lat' dir='ltr'>quem</span> <span class='ocrx_word' id='word_1_115' title='bbox 1420 947 1535 989; x_wconf 89' lang='lat' dir='ltr'>ferre</span> <span class='ocrx_word' id='word_1_116' title='bbox 1569 948 1762 1002; x_wconf 84' lang='lat' dir='ltr'>cogimur</span> <span class='ocrx_word' id='word_1_117' title='bbox 1794 950 1847 991; x_wconf 92' lang='lat' dir='ltr'>ob</span> <span class='ocrx_word' id='word_1_118' title='bbox 1880 963 1954 991; x_wconf 93' lang='lat' dir='ltr'>ne-</span> 
     </span>
     <span class='ocr_line' id='line_1_13' title="bbox 176 1009 1956 1066; baseline 0.003 -16"><span class='ocrx_word' id='word_1_119' title='bbox 176 1009 448 1060; x_wconf 88' lang='lat' dir='ltr'>cessitatem,</span> <span class='ocrx_word' id='word_1_120' title='bbox 491 1010 741 1062; x_wconf 89' lang='lat' dir='ltr'>nullumque</span> <span class='ocrx_word' id='word_1_121' title='bbox 782 1010 1039 1064; x_wconf 83' lang='lat' dir='ltr'>scriptorem</span> <span class='ocrx_word' id='word_1_122' title='bbox 1072 1026 1303 1065; x_wconf 88' lang='lat' dir='ltr'>possumus</span> <span class='ocrx_word' id='word_1_123' title='bbox 1345 1013 1550 1066; x_wconf 87' lang='lat' dir='ltr'>reperire.</span> <span class='ocrx_word' id='word_1_124' title='bbox 1615 1015 1798 1056; x_wconf 90' lang='lat' dir='ltr'>Domum</span> <span class='ocrx_word' id='word_1_125' title='bbox 1833 1014 1956 1056; x_wconf 86' lang='lat' dir='ltr'>nobis</span> 
     </span>
     <span class='ocr_line' id='line_1_14' title="bbox 175 1075 1953 1133; baseline 0.003 -18"><span class='ocrx_word' id='word_1_126' title='bbox 175 1075 459 1127; x_wconf 87' lang='lat' dir='ltr'>assignarunt</span> <span class='ocrx_word' id='word_1_127' title='bbox 481 1075 684 1129; x_wconf 84' lang='lat' dir='ltr'>amplam,</span> <span class='ocrx_word' id='word_1_128' title='bbox 714 1089 824 1127; x_wconf 90' lang='lat' dir='ltr'>quae</span> <span class='ocrx_word' id='word_1_129' title='bbox 847 1076 950 1117; x_wconf 79' lang='lat' dir='ltr'>sexd</span> <span class='ocrx_word' id='word_1_130' title='bbox 983 1076 1145 1118; x_wconf 88' lang='lat' dir='ltr'>nostris</span> <span class='ocrx_word' id='word_1_131' title='bbox 1169 1077 1370 1119; x_wconf 87' lang='lat' dir='ltr'>sufficere</span> <span class='ocrx_word' id='word_1_132' title='bbox 1394 1078 1582 1132; x_wconf 83' lang='lat' dir='ltr'>possit2:</span> <span class='ocrx_word' id='word_1_133' title='bbox 1617 1082 1785 1133; x_wconf 88' lang='lat' dir='ltr'>partem</span> <span class='ocrx_word' id='word_1_134' title='bbox 1809 1080 1953 1133; x_wconf 91' lang='lat' dir='ltr'>supel-</span> 
     </span>
     <span class='ocr_line' id='line_1_15' title="bbox 175 1139 1953 1196; baseline 0.003 -15"><span class='ocrx_word' id='word_1_135' title='bbox 175 1139 335 1182; x_wconf 89' lang='lat' dir='ltr'>lectilis</span> <span class='ocrx_word' id='word_1_136' title='bbox 368 1154 399 1181; x_wconf 89' lang='lat' dir='ltr'>e·</span> <span class='ocrx_word' id='word_1_137' title='bbox 423 1140 688 1182; x_wconf 87' lang='lat' dir='ltr'>monasterio</span> <span class='ocrx_word' id='word_1_138' title='bbox 721 1141 979 1194; x_wconf 88' lang='lat' dir='ltr'>accepimus,</span> <span class='ocrx_word' id='word_1_139' title='bbox 1014 1155 1207 1183; x_wconf 89' lang='lat' dir='ltr'>mensam</span> <span class='ocrx_word' id='word_1_140' title='bbox 1244 1144 1426 1196; x_wconf 86' lang='lat' dir='ltr'>praebet</span> <span class='ocrx_word' id='word_1_141' title='bbox 1460 1143 1601 1186; x_wconf 90' lang='lat' dir='ltr'>uicina</span> <span class='ocrx_word' id='word_1_142' title='bbox 1635 1144 1786 1185; x_wconf 87' lang='lat' dir='ltr'>domus</span> <span class='ocrx_word' id='word_1_143' title='bbox 1824 1145 1953 1186; x_wconf 85' lang='lat' dir='ltr'>Paro-</span> 
     </span>
     <span class='ocr_line' id='line_1_16' title="bbox 175 1205 1953 1261; baseline 0.003 -15"><span class='ocrx_word' id='word_1_144' title='bbox 175 1205 284 1248; x_wconf 59' lang='lat' dir='ltr'>chiss.</span> <span class='ocrx_word' id='word_1_145' title='bbox 349 1206 405 1247; x_wconf 81' lang='lat' dir='ltr'>Jn</span> <span class='ocrx_word' id='word_1_146' title='bbox 448 1206 610 1247; x_wconf 87' lang='lat' dir='ltr'>maiore</span> <span class='ocrx_word' id='word_1_147' title='bbox 655 1206 849 1259; x_wconf 76' lang='lat' dir='ltr'>templo4</span> <span class='ocrx_word' id='word_1_148' title='bbox 888 1207 1001 1259; x_wconf 90' lang='lat' dir='ltr'>quod</span> <span class='ocrx_word' id='word_1_149' title='bbox 1044 1210 1111 1249; x_wconf 91' lang='lat' dir='ltr'>est</span> <span class='ocrx_word' id='word_1_150' title='bbox 1143 1208 1387 1261; x_wconf 86' lang='lat' dir='ltr'>proximum</span> <span class='ocrx_word' id='word_1_151' title='bbox 1424 1209 1751 1260; x_wconf 80' lang='lat' dir='ltr'>concionamur,</span> <span class='ocrx_word' id='word_1_152' title='bbox 1785 1214 1831 1251; x_wconf 90' lang='lat' dir='ltr'>et</span> <span class='ocrx_word' id='word_1_153' title='bbox 1874 1210 1953 1252; x_wconf 92' lang='lat' dir='ltr'>Dei</span> 
     </span>
     <span class='ocr_line' id='line_1_17' title="bbox 174 1270 1950 1324; baseline 0.003 -12"><span class='ocrx_word' id='word_1_154' title='bbox 174 1270 320 1324; x_wconf 86' lang='lat' dir='ltr'>gratia</span> <span class='ocrx_word' id='word_1_155' title='bbox 358 1271 518 1313; x_wconf 87' lang='lat' dir='ltr'>satisfit</span> <span class='ocrx_word' id='word_1_156' title='bbox 562 1270 855 1313; x_wconf 81' lang='lat' dir='ltr'>auditoribus:</span> <span class='ocrx_word' id='word_1_157' title='bbox 900 1272 1020 1313; x_wconf 90' lang='lat' dir='ltr'>breui</span> <span class='ocrx_word' id='word_1_158' title='bbox 1053 1273 1258 1315; x_wconf 86' lang='lat' dir='ltr'>succedet</span> <span class='ocrx_word' id='word_1_159' title='bbox 1292 1273 1555 1317; x_wconf 88' lang='lat' dir='ltr'>Catechista.</span> <span class='ocrx_word' id='word_1_160' title='bbox 1621 1274 1950 1317; x_wconf 89' lang='lat' dir='ltr'>Humanitatem</span> 
     </span>
     <span class='ocr_line' id='line_1_18' title="bbox 175 1334 1953 1393; baseline 0.003 -16"><span class='ocrx_word' id='word_1_161' title='bbox 175 1334 439 1388; x_wconf 83' lang='lat' dir='ltr'>singularem</span> <span class='ocrx_word' id='word_1_162' title='bbox 473 1336 623 1378; x_wconf 86' lang='lat' dir='ltr'>Clerus</span> <span class='ocrx_word' id='word_1_163' title='bbox 658 1339 703 1378; x_wconf 88' lang='lat' dir='ltr'>et</span> <span class='ocrx_word' id='word_1_164' title='bbox 735 1337 919 1390; x_wconf 90' lang='lat' dir='ltr'>populus</span> <span class='ocrx_word' id='word_1_165' title='bbox 958 1337 1080 1378; x_wconf 87' lang='lat' dir='ltr'>nobis</span> <span class='ocrx_word' id='word_1_166' title='bbox 1121 1338 1324 1380; x_wconf 79' lang='lat' dir='ltr'>exhibet:</span> <span class='ocrx_word' id='word_1_167' title='bbox 1358 1353 1408 1380; x_wconf 92' lang='lat' dir='ltr'>ac</span> <span class='ocrx_word' id='word_1_168' title='bbox 1442 1354 1619 1393; x_wconf 89' lang='lat' dir='ltr'>prorsus</span> <span class='ocrx_word' id='word_1_169' title='bbox 1652 1339 1867 1390; x_wconf 82' lang='lat' dir='ltr'>existimo,</span> <span class='ocrx_word' id='word_1_170' title='bbox 1909 1340 1953 1382; x_wconf 89' lang='lat' dir='ltr'>in</span> 
     </span>
     <span class='ocr_line' id='line_1_19' title="bbox 175 1400 1953 1455; baseline 0.002 -12"><span class='ocrx_word' id='word_1_171' title='bbox 175 1400 398 1443; x_wconf 88' lang='lat' dir='ltr'>Catholica</span> <span class='ocrx_word' id='word_1_172' title='bbox 429 1401 637 1443; x_wconf 89' lang='lat' dir='ltr'>Heluetia</span> <span class='ocrx_word' id='word_1_173' title='bbox 674 1401 781 1443; x_wconf 89' lang='lat' dir='ltr'>nihil</span> <span class='ocrx_word' id='word_1_174' title='bbox 822 1416 918 1444; x_wconf 88' lang='lat' dir='ltr'>esse</span> <span class='ocrx_word' id='word_1_175' title='bbox 959 1402 1130 1452; x_wconf 89' lang='lat' dir='ltr'>cultius,</span> <span class='ocrx_word' id='word_1_176' title='bbox 1174 1403 1278 1444; x_wconf 91' lang='lat' dir='ltr'>nihil</span> <span class='ocrx_word' id='word_1_177' title='bbox 1314 1403 1515 1455; x_wconf 85' lang='lat' dir='ltr'>fertilius,</span> <span class='ocrx_word' id='word_1_178' title='bbox 1558 1405 1662 1446; x_wconf 89' lang='lat' dir='ltr'>nihil</span> <span class='ocrx_word' id='word_1_179' title='bbox 1696 1406 1804 1447; x_wconf 91' lang='lat' dir='ltr'>coeli</span> <span class='ocrx_word' id='word_1_180' title='bbox 1836 1406 1953 1447; x_wconf 89' lang='lat' dir='ltr'>salu-</span> 
     </span>
     <span class='ocr_line' id='line_1_20' title="bbox 174 1466 1952 1524; baseline 0.003 -17"><span class='ocrx_word' id='word_1_181' title='bbox 174 1466 349 1516; x_wconf 87' lang='lat' dir='ltr'>britate,</span> <span class='ocrx_word' id='word_1_182' title='bbox 394 1466 482 1508; x_wconf 90' lang='lat' dir='ltr'>vini</span> <span class='ocrx_word' id='word_1_183' title='bbox 514 1469 728 1520; x_wconf 91' lang='lat' dir='ltr'>prouentu</span> <span class='ocrx_word' id='word_1_184' title='bbox 768 1470 813 1509; x_wconf 88' lang='lat' dir='ltr'>et</span> <span class='ocrx_word' id='word_1_185' title='bbox 850 1468 992 1510; x_wconf 88' lang='lat' dir='ltr'>uictus</span> <span class='ocrx_word' id='word_1_186' title='bbox 1033 1467 1248 1511; x_wconf 82' lang='lat' dir='ltr'>facilitate</span> <span class='ocrx_word' id='word_1_187' title='bbox 1282 1470 1581 1523; x_wconf 86' lang='lat' dir='ltr'>praestantius</span> <span class='ocrx_word' id='word_1_188' title='bbox 1612 1471 1693 1512; x_wconf 91' lang='lat' dir='ltr'>hoc</span> <span class='ocrx_word' id='word_1_189' title='bbox 1726 1471 1952 1524; x_wconf 88' lang='lat' dir='ltr'>Friburgo,</span> 
     </span>
     <span class='ocr_line' id='line_1_21' title="bbox 175 1531 1953 1588; baseline 0.003 -15"><span class='ocrx_word' id='word_1_190' title='bbox 175 1531 345 1573; x_wconf 83' lang='lat' dir='ltr'>Bernae</span> <span class='ocrx_word' id='word_1_191' title='bbox 386 1532 557 1585; x_wconf 89' lang='lat' dir='ltr'>quidem</span> <span class='ocrx_word' id='word_1_192' title='bbox 592 1532 887 1582; x_wconf 86' lang='lat' dir='ltr'>aemulatrice,</span> <span class='ocrx_word' id='word_1_193' title='bbox 916 1532 1027 1574; x_wconf 56' lang='lat' dir='ltr'>‘sede</span> <span class='ocrx_word' id='word_1_194' title='bbox 1059 1532 1264 1588; x_wconf 61' lang='lat' dir='ltr'>superff]</span> <span class='ocrx_word' id='word_1_195' title='bbox 1302 1549 1450 1577; x_wconf 89' lang='lat' dir='ltr'>omnes</span> <span class='ocrx_word' id='word_1_196' title='bbox 1482 1535 1574 1577; x_wconf 84' lang='lat' dir='ltr'>fere</span> <span class='ocrx_word' id='word_1_197' title='bbox 1618 1536 1792 1578; x_wconf 88' lang='lat' dir='ltr'>ditionis</span> <span class='ocrx_word' id='word_1_198' title='bbox 1826 1536 1953 1578; x_wconf 90' lang='lat' dir='ltr'>huius</span> 
     </span>
     <span class='ocr_line' id='line_1_22' title="bbox 175 1596 1954 1655; baseline 0.003 -17"><span class='ocrx_word' id='word_1_199' title='bbox 175 1596 377 1639; x_wconf 88' lang='lat' dir='ltr'>ciuitates</span> <span class='ocrx_word' id='word_1_200' title='bbox 424 1597 668 1651; x_wconf 87' lang='lat' dir='ltr'>superiore,</span> <span class='ocrx_word' id='word_1_201' title='bbox 717 1597 753 1640; x_wconf 91' lang='lat' dir='ltr'>si</span> <span class='ocrx_word' id='word_1_202' title='bbox 799 1598 995 1640; x_wconf 86' lang='lat' dir='ltr'>innatam</span> <span class='ocrx_word' id='word_1_203' title='bbox 1044 1598 1200 1641; x_wconf 86' lang='lat' dir='ltr'>ciuium</span> <span class='ocrx_word' id='word_1_204' title='bbox 1252 1600 1501 1643; x_wconf 87' lang='lat' dir='ltr'>comitatem</span> <span class='ocrx_word' id='word_1_205' title='bbox 1550 1601 1954 1655; x_wconf 86' lang='lat' dir='ltr'>humanitatemque</span> 
     </span>
     <span class='ocr_line' id='line_1_23' title="bbox 174 1662 1951 1717; baseline 0.003 -14"><span class='ocrx_word' id='word_1_206' title='bbox 174 1665 434 1717; x_wconf 61' lang='lat' dir='ltr'>spectemus</span> <span class='ocrx_word' id='word_1_207' title='bbox 488 1662 546 1705; x_wconf 88' lang='lat' dir='ltr'>Et</span> <span class='ocrx_word' id='word_1_208' title='bbox 578 1663 780 1716; x_wconf 89' lang='lat' dir='ltr'>quoniam</span> <span class='ocrx_word' id='word_1_209' title='bbox 813 1663 856 1705; x_wconf 90' lang='lat' dir='ltr'>in</span> <span class='ocrx_word' id='word_1_210' title='bbox 889 1663 1030 1706; x_wconf 90' lang='lat' dir='ltr'>medio</span> <span class='ocrx_word' id='word_1_211' title='bbox 1054 1664 1371 1707; x_wconf 85' lang='lat' dir='ltr'>haereticorum</span> <span class='ocrx_word' id='word_1_212' title='bbox 1395 1665 1748 1708; x_wconf 89' lang='lat' dir='ltr'>saeuissimorum</span> <span class='ocrx_word' id='word_1_213' title='bbox 1781 1667 1951 1709; x_wconf 89' lang='lat' dir='ltr'>laudem</span> 
     </span>
     <span class='ocr_line' id='line_1_24' title="bbox 175 1728 1952 1784; baseline 0.003 -15"><span class='ocrx_word' id='word_1_214' title='bbox 175 1731 460 1770; x_wconf 86' lang='lat' dir='ltr'>conseruatae</span> <span class='ocrx_word' id='word_1_215' title='bbox 501 1728 679 1782; x_wconf 87' lang='lat' dir='ltr'>pietatis</span> <span class='ocrx_word' id='word_1_216' title='bbox 724 1732 958 1772; x_wconf 90' lang='lat' dir='ltr'>conseruat</span> <span class='ocrx_word' id='word_1_217' title='bbox 998 1729 1234 1781; x_wconf 90' lang='lat' dir='ltr'>hactenus,</span> <span class='ocrx_word' id='word_1_218' title='bbox 1277 1731 1318 1771; x_wconf 90' lang='lat' dir='ltr'>id</span> <span class='ocrx_word' id='word_1_219' title='bbox 1361 1732 1473 1784; x_wconf 88' lang='lat' dir='ltr'>quod</span> <span class='ocrx_word' id='word_1_220' title='bbox 1515 1732 1724 1774; x_wconf 85' lang='lat' dir='ltr'>miraculo</span> <span class='ocrx_word' id='word_1_221' title='bbox 1765 1732 1952 1774; x_wconf 88' lang='lat' dir='ltr'>adscribi</span> 
     </span>
     <span class='ocr_line' id='line_1_25' title="bbox 173 1795 1952 1850; baseline 0.003 -16"><span class='ocrx_word' id='word_1_222' title='bbox 173 1795 332 1847; x_wconf 86' lang='lat' dir='ltr'>potest,</span> <span class='ocrx_word' id='word_1_223' title='bbox 373 1807 619 1846; x_wconf 86' lang='lat' dir='ltr'>magnoque</span> <span class='ocrx_word' id='word_1_224' title='bbox 652 1808 865 1836; x_wconf 89' lang='lat' dir='ltr'>consensu</span> <span class='ocrx_word' id='word_1_225' title='bbox 898 1795 1037 1836; x_wconf 90' lang='lat' dir='ltr'>clerus</span> <span class='ocrx_word' id='word_1_226' title='bbox 1071 1798 1115 1838; x_wconf 93' lang='lat' dir='ltr'>et</span> <span class='ocrx_word' id='word_1_227' title='bbox 1146 1796 1330 1850; x_wconf 89' lang='lat' dir='ltr'>populus</span> <span class='ocrx_word' id='word_1_228' title='bbox 1362 1797 1585 1850; x_wconf 83' lang='lat' dir='ltr'>religionis</span> <span class='ocrx_word' id='word_1_229' title='bbox 1616 1797 1711 1840; x_wconf 83' lang='lat' dir='ltr'>iura</span> <span class='ocrx_word' id='word_1_230' title='bbox 1744 1797 1952 1848; x_wconf 83' lang='lat' dir='ltr'>defendit,</span> 
     </span>
     <span class='ocr_line' id='line_1_26' title="bbox 174 1858 1954 1915; baseline 0.003 -16"><span class='ocrx_word' id='word_1_231' title='bbox 174 1858 429 1912; x_wconf 83' lang='lat' dir='ltr'>dignissima</span> <span class='ocrx_word' id='word_1_232' title='bbox 470 1861 589 1901; x_wconf 87' lang='lat' dir='ltr'>certe</span> <span class='ocrx_word' id='word_1_233' title='bbox 630 1859 733 1901; x_wconf 89' lang='lat' dir='ltr'>mihi</span> <span class='ocrx_word' id='word_1_234' title='bbox 775 1860 948 1902; x_wconf 89' lang='lat' dir='ltr'>uidetur</span> <span class='ocrx_word' id='word_1_235' title='bbox 991 1860 1098 1902; x_wconf 90' lang='lat' dir='ltr'>haec</span> <span class='ocrx_word' id='word_1_236' title='bbox 1140 1861 1271 1915; x_wconf 76' lang='lat' dir='ltr'>Resp.</span> <span class='ocrx_word' id='word_1_237' title='bbox 1314 1862 1380 1903; x_wconf 88' lang='lat' dir='ltr'>cui</span> <span class='ocrx_word' id='word_1_238' title='bbox 1415 1863 1539 1905; x_wconf 88' lang='lat' dir='ltr'>Pont.</span> <span class='ocrx_word' id='word_1_239' title='bbox 1573 1863 1690 1906; x_wconf 84' lang='lat' dir='ltr'>Max.</span> <span class='ocrx_word' id='word_1_240' title='bbox 1735 1877 1818 1904; x_wconf 91' lang='lat' dir='ltr'>non</span> <span class='ocrx_word' id='word_1_241' title='bbox 1861 1863 1954 1905; x_wconf 84' lang='lat' dir='ltr'>sine</span> 
     </span>
     <span class='ocr_line' id='line_1_27' title="bbox 174 1924 1951 1982; baseline 0.003 -17"><span class='ocrx_word' id='word_1_242' title='bbox 174 1924 318 1966; x_wconf 89' lang='lat' dir='ltr'>diuino</span> <span class='ocrx_word' id='word_1_243' title='bbox 341 1927 449 1966; x_wconf 92' lang='lat' dir='ltr'>nutu</span> <span class='ocrx_word' id='word_1_244' title='bbox 472 1927 704 1979; x_wconf 82' lang='lat' dir='ltr'>tantopere</span> <span class='ocrx_word' id='word_1_245' title='bbox 727 1925 889 1975; x_wconf 83' lang='lat' dir='ltr'>faueat,</span> <span class='ocrx_word' id='word_1_246' title='bbox 924 1929 969 1968; x_wconf 88' lang='lat' dir='ltr'>et</span> <span class='ocrx_word' id='word_1_247' title='bbox 991 1926 1110 1968; x_wconf 89' lang='lat' dir='ltr'>cuius</span> <span class='ocrx_word' id='word_1_248' title='bbox 1134 1926 1406 1969; x_wconf 88' lang='lat' dir='ltr'>adiuuandae</span> <span class='ocrx_word' id='word_1_249' title='bbox 1439 1941 1585 1970; x_wconf 88' lang='lat' dir='ltr'>curam</span> <span class='ocrx_word' id='word_1_250' title='bbox 1610 1931 1654 1970; x_wconf 86' lang='lat' dir='ltr'>et</span> <span class='ocrx_word' id='word_1_251' title='bbox 1677 1942 1850 1982; x_wconf 85' lang='lat' dir='ltr'>operam</span> <span class='ocrx_word' id='word_1_252' title='bbox 1885 1942 1951 1970; x_wconf 89' lang='lat' dir='ltr'>se-</span> 
     </span>
     <span class='ocr_line' id='line_1_28' title="bbox 173 1988 1952 2047; baseline 0.003 -17"><span class='ocrx_word' id='word_1_253' title='bbox 173 1988 283 2031; x_wconf 90' lang='lat' dir='ltr'>riam</span> <span class='ocrx_word' id='word_1_254' title='bbox 316 1989 525 2043; x_wconf 89' lang='lat' dir='ltr'>suscipiat</span> <span class='ocrx_word' id='word_1_255' title='bbox 559 1990 753 2033; x_wconf 79' lang='lat' dir='ltr'>Societas</span> <span class='ocrx_word' id='word_1_256' title='bbox 794 1993 958 2033; x_wconf 88' lang='lat' dir='ltr'>nostra.</span> <span class='ocrx_word' id='word_1_257' title='bbox 1022 1991 1121 2033; x_wconf 92' lang='lat' dir='ltr'>Non</span> <span class='ocrx_word' id='word_1_258' title='bbox 1164 1995 1232 2034; x_wconf 88' lang='lat' dir='ltr'>est</span> <span class='ocrx_word' id='word_1_259' title='bbox 1266 2007 1342 2034; x_wconf 89' lang='lat' dir='ltr'>cur</span> <span class='ocrx_word' id='word_1_260' title='bbox 1383 1995 1552 2036; x_wconf 87' lang='lat' dir='ltr'>metuat</span> <span class='ocrx_word' id='word_1_261' title='bbox 1584 1993 1633 2036; x_wconf 84' lang='lat' dir='ltr'>R.</span> <span class='ocrx_word' id='word_1_262' title='bbox 1659 1994 1705 2036; x_wconf 84' lang='lat' dir='ltr'>T.</span> <span class='ocrx_word' id='word_1_263' title='bbox 1742 1994 1794 2035; x_wconf 91' lang='lat' dir='ltr'>de</span> <span class='ocrx_word' id='word_1_264' title='bbox 1826 2007 1952 2047; x_wconf 84' lang='lat' dir='ltr'>prae-</span> 
     </span>
     <span class='ocr_line' id='line_1_29' title="bbox 173 2054 1954 2113; baseline 0.002 -16"><span class='ocrx_word' id='word_1_265' title='bbox 173 2054 411 2097; x_wconf 89' lang='lat' dir='ltr'>scribendis</span> <span class='ocrx_word' id='word_1_266' title='bbox 434 2055 764 2106; x_wconf 89' lang='lat' dir='ltr'>conditionibus,</span> <span class='ocrx_word' id='word_1_267' title='bbox 800 2056 852 2097; x_wconf 92' lang='lat' dir='ltr'>de</span> <span class='ocrx_word' id='word_1_268' title='bbox 882 2058 1002 2098; x_wconf 85' lang='lat' dir='ltr'>certo</span> <span class='ocrx_word' id='word_1_269' title='bbox 1035 2071 1216 2099; x_wconf 89' lang='lat' dir='ltr'>numero</span> <span class='ocrx_word' id='word_1_270' title='bbox 1240 2058 1507 2109; x_wconf 86' lang='lat' dir='ltr'>alendorum,</span> <span class='ocrx_word' id='word_1_271' title='bbox 1542 2059 1594 2100; x_wconf 91' lang='lat' dir='ltr'>de</span> <span class='ocrx_word' id='word_1_272' title='bbox 1626 2059 1788 2101; x_wconf 86' lang='lat' dir='ltr'>nostris</span> <span class='ocrx_word' id='word_1_273' title='bbox 1819 2058 1954 2113; x_wconf 86' lang='lat' dir='ltr'>priui-</span> 
     </span>
     <span class='ocr_line' id='line_1_30' title="bbox 173 2119 1952 2177; baseline 0.002 -16"><span class='ocrx_word' id='word_1_274' title='bbox 173 2121 300 2175; x_wconf 84' lang='lat' dir='ltr'>legijs</span> <span class='ocrx_word' id='word_1_275' title='bbox 333 2119 663 2163; x_wconf 79' lang='lat' dir='ltr'>labefactandis.</span> <span class='ocrx_word' id='word_1_276' title='bbox 709 2121 898 2163; x_wconf 84' lang='lat' dir='ltr'>Tantum</span> <span class='ocrx_word' id='word_1_277' title='bbox 931 2121 1016 2163; x_wconf 90' lang='lat' dir='ltr'>illis</span> <span class='ocrx_word' id='word_1_278' title='bbox 1050 2122 1103 2164; x_wconf 88' lang='lat' dir='ltr'>ab</span> <span class='ocrx_word' id='word_1_279' title='bbox 1137 2122 1260 2165; x_wconf 91' lang='lat' dir='ltr'>initio</span> <span class='ocrx_word' id='word_1_280' title='bbox 1284 2127 1450 2177; x_wconf 89' lang='lat' dir='ltr'>parcat,</span> <span class='ocrx_word' id='word_1_281' title='bbox 1486 2137 1625 2177; x_wconf 88' lang='lat' dir='ltr'>neque</span> <span class='ocrx_word' id='word_1_282' title='bbox 1657 2124 1796 2167; x_wconf 90' lang='lat' dir='ltr'>multa</span> <span class='ocrx_word' id='word_1_283' title='bbox 1827 2124 1952 2166; x_wconf 89' lang='lat' dir='ltr'>simul</span> 
     </span>
     <span class='ocr_line' id='line_1_31' title="bbox 173 2185 1952 2243; baseline 0.002 -16"><span class='ocrx_word' id='word_1_284' title='bbox 173 2186 366 2240; x_wconf 89' lang='lat' dir='ltr'>postulet</span> <span class='ocrx_word' id='word_1_285' title='bbox 410 2185 610 2239; x_wconf 71' lang='lat' dir='ltr'>quaesof,</span> <span class='ocrx_word' id='word_1_286' title='bbox 656 2186 814 2240; x_wconf 88' lang='lat' dir='ltr'>partim</span> <span class='ocrx_word' id='word_1_287' title='bbox 863 2201 917 2228; x_wconf 90' lang='lat' dir='ltr'>ne</span> <span class='ocrx_word' id='word_1_288' title='bbox 965 2201 1142 2241; x_wconf 89' lang='lat' dir='ltr'>prorsus</span> <span class='ocrx_word' id='word_1_289' title='bbox 1187 2187 1402 2243; x_wconf 87' lang='lat' dir='ltr'>Episcopo</span> <span class='ocrx_word' id='word_1_290' title='bbox 1449 2190 1691 2231; x_wconf 88' lang='lat' dir='ltr'>reclamare</span> <span class='ocrx_word' id='word_1_291' title='bbox 1738 2189 1952 2238; x_wconf 86' lang='lat' dir='ltr'>uideatur,</span> 
     </span>
     <span class='ocr_line' id='line_1_32' title="bbox 172 2250 1953 2308; baseline 0.002 -15"><span class='ocrx_word' id='word_1_292' title='bbox 172 2250 333 2305; x_wconf 87' lang='lat' dir='ltr'>partim</span> <span class='ocrx_word' id='word_1_293' title='bbox 366 2264 420 2292; x_wconf 90' lang='lat' dir='ltr'>ne</span> <span class='ocrx_word' id='word_1_294' title='bbox 451 2250 624 2292; x_wconf 92' lang='lat' dir='ltr'>illorum</span> <span class='ocrx_word' id='word_1_295' title='bbox 658 2252 884 2294; x_wconf 87' lang='lat' dir='ltr'>confirmet</span> <span class='ocrx_word' id='word_1_296' title='bbox 916 2252 1174 2306; x_wconf 81' lang='lat' dir='ltr'>opinionem,</span> <span class='ocrx_word' id='word_1_297' title='bbox 1219 2253 1290 2306; x_wconf 89' lang='lat' dir='ltr'>qui</span> <span class='ocrx_word' id='word_1_298' title='bbox 1324 2254 1548 2296; x_wconf 89' lang='lat' dir='ltr'>Lucernae</span> <span class='ocrx_word' id='word_1_299' title='bbox 1590 2257 1634 2296; x_wconf 90' lang='lat' dir='ltr'>et</span> <span class='ocrx_word' id='word_1_300' title='bbox 1665 2254 1867 2308; x_wconf 89' lang='lat' dir='ltr'>Friburgi</span> <span class='ocrx_word' id='word_1_301' title='bbox 1901 2254 1953 2296; x_wconf 91' lang='lat' dir='ltr'>de</span> 
     </span>
     <span class='ocr_line' id='line_1_33' title="bbox 172 2316 1954 2372; baseline 0.002 -14"><span class='ocrx_word' id='word_1_302' title='bbox 172 2316 440 2359; x_wconf 84' lang='lat' dir='ltr'>Jesuitarum</span> <span class='ocrx_word' id='word_1_303' title='bbox 473 2316 821 2368; x_wconf 86' lang='lat' dir='ltr'>insatiabilitate,</span> <span class='ocrx_word' id='word_1_304' title='bbox 865 2320 914 2360; x_wconf 91' lang='lat' dir='ltr'>vt</span> <span class='ocrx_word' id='word_1_305' title='bbox 945 2321 1127 2368; x_wconf 87' lang='lat' dir='ltr'>vocant,</span> <span class='ocrx_word' id='word_1_306' title='bbox 1162 2318 1375 2361; x_wconf 88' lang='lat' dir='ltr'>inuidiose</span> <span class='ocrx_word' id='word_1_307' title='bbox 1407 2320 1654 2372; x_wconf 86' lang='lat' dir='ltr'>loquuntur.</span> <span class='ocrx_word' id='word_1_308' title='bbox 1720 2320 1837 2362; x_wconf 87' lang='lat' dir='ltr'>Satis</span> <span class='ocrx_word' id='word_1_309' title='bbox 1870 2319 1954 2362; x_wconf 87' lang='lat' dir='ltr'>erit</span> 
     </span>
     <span class='ocr_line' id='line_1_34' title="bbox 172 2381 1953 2439; baseline 0.001 -16"><span class='ocrx_word' id='word_1_310' title='bbox 172 2381 271 2432; x_wconf 90' lang='lat' dir='ltr'>illis,</span> <span class='ocrx_word' id='word_1_311' title='bbox 305 2396 434 2423; x_wconf 88' lang='lat' dir='ltr'>unam</span> <span class='ocrx_word' id='word_1_312' title='bbox 469 2384 545 2424; x_wconf 89' lang='lat' dir='ltr'>aut</span> <span class='ocrx_word' id='word_1_313' title='bbox 577 2381 762 2424; x_wconf 89' lang='lat' dir='ltr'>alteram</span> <span class='ocrx_word' id='word_1_314' title='bbox 796 2382 978 2424; x_wconf 85' lang='lat' dir='ltr'>classem</span> <span class='ocrx_word' id='word_1_315' title='bbox 1013 2382 1091 2424; x_wconf 89' lang='lat' dir='ltr'>hoc</span> <span class='ocrx_word' id='word_1_316' title='bbox 1124 2383 1217 2425; x_wconf 91' lang='lat' dir='ltr'>loco</span> <span class='ocrx_word' id='word_1_317' title='bbox 1247 2384 1430 2434; x_wconf 88' lang='lat' dir='ltr'>institui,</span> <span class='ocrx_word' id='word_1_318' title='bbox 1465 2399 1595 2438; x_wconf 91' lang='lat' dir='ltr'>quum</span> <span class='ocrx_word' id='word_1_319' title='bbox 1629 2385 1798 2439; x_wconf 85' lang='lat' dir='ltr'>collegij</span> <span class='ocrx_word' id='word_1_320' title='bbox 1833 2384 1953 2425; x_wconf 90' lang='lat' dir='ltr'>locus</span> 
     </span>
     <span class='ocr_line' id='line_1_35' title="bbox 173 2446 1950 2503; baseline 0 -14"><span class='ocrx_word' id='word_1_321' title='bbox 173 2450 391 2499; x_wconf 89' lang='lat' dir='ltr'>utcunque</span> <span class='ocrx_word' id='word_1_322' title='bbox 434 2449 613 2500; x_wconf 88' lang='lat' dir='ltr'>paratus</span> <span class='ocrx_word' id='word_1_323' title='bbox 654 2446 799 2490; x_wconf 88' lang='lat' dir='ltr'>fuerit.</span> <span class='ocrx_word' id='word_1_324' title='bbox 864 2447 1023 2489; x_wconf 84' lang='lat' dir='ltr'>Postea</span> <span class='ocrx_word' id='word_1_325' title='bbox 1067 2447 1286 2491; x_wconf 85' lang='lat' dir='ltr'>dimidium</span> <span class='ocrx_word' id='word_1_326' title='bbox 1333 2450 1562 2503; x_wconf 87' lang='lat' dir='ltr'>collegium</span> <span class='ocrx_word' id='word_1_327' title='bbox 1605 2463 1660 2491; x_wconf 81' lang='lat' dir='ltr'>ex</span> <span class='ocrx_word' id='word_1_328' title='bbox 1698 2448 1950 2502; x_wconf 86' lang='lat' dir='ltr'>monasterij</span> 
     </span>
    </p>
   </div>
   <div class='ocr_carea' id='block_1_3' title="bbox 172 2538 1953 2737">
    <p class='ocr_par' dir='ltr' id='par_1_4' title="bbox 172 2538 1953 2737">
     <span class='ocr_line' id='line_1_36' title="bbox 292 2538 1952 2572; baseline 0.001 -9"><span class='ocrx_word' id='word_1_329' title='bbox 292 2540 320 2566; x_wconf 70' lang='lat' dir='ltr'>al</span> <span class='ocrx_word' id='word_1_330' title='bbox 342 2540 480 2571; x_wconf 70' lang='lat' dir='ltr'>Sequitur</span> <span class='ocrx_word' id='word_1_331' title='bbox 500 2538 597 2569; x_wconf 81' lang='lat' dir='ltr'>facile,</span> <span class='ocrx_word' id='word_1_332' title='bbox 618 2540 707 2564; x_wconf 61' lang='lat' dir='ltr'>oblim.</span> <span class='ocrx_word' id='word_1_333' title='bbox 794 2538 824 2570; x_wconf 83' lang='lat' dir='ltr'>b)</span> <span class='ocrx_word' id='word_1_334' title='bbox 845 2540 909 2570; x_wconf 72' lang='lat' dir='ltr'>Si‹·,·</span> <span class='ocrx_word' id='word_1_335' title='bbox 929 2543 979 2564; x_wconf 74' lang='lat' dir='ltr'>aut</span> <span class='ocrx_word' id='word_1_336' title='bbox 1000 2541 1205 2572; x_wconf 71' lang='lat' dir='ltr'>corriyendum</span> <span class='ocrx_word' id='word_1_337' title='bbox 1229 2550 1290 2565; x_wconf 64' lang='lat' dir='ltr'>esse</span> <span class='ocrx_word' id='word_1_338' title='bbox 1311 2542 1525 2569; x_wconf 71' lang='lat' dir='ltr'>conuertendi.</span> <span class='ocrx_word' id='word_1_339' title='bbox 1551 2546 1601 2566; x_wconf 72' lang='lat' dir='ltr'>aa!</span> <span class='ocrx_word' id='word_1_340' title='bbox 1623 2546 1689 2566; x_wconf 73' lang='lat' dir='ltr'>ante</span> <span class='ocrx_word' id='word_1_341' title='bbox 1712 2550 1734 2567; x_wconf 89' lang='grc' dir='ltr'>ι·.</span> <span class='ocrx_word' id='word_1_342' title='bbox 1756 2541 1848 2567; x_wconf 77' lang='lat' dir='ltr'>aedes</span> <span class='ocrx_word' id='word_1_343' title='bbox 1871 2550 1893 2566; x_wconf 76' lang='lat' dir='ltr'>v.</span> <span class='ocrx_word' id='word_1_344' title='bbox 1914 2539 1952 2565; x_wconf 83' lang='lat' dir='ltr'>ad</span> 
     </span>
     <span class='ocr_line' id='line_1_37' title="bbox 172 2581 1953 2615; baseline 0.001 -9"><span class='ocrx_word' id='word_1_345' title='bbox 172 2582 367 2613; x_wconf 68' lang='lat' dir='ltr'>supplendum</span> <span class='ocrx_word' id='word_1_346' title='bbox 387 2589 447 2605; x_wconf 73' lang='lat' dir='ltr'>esse</span> <span class='ocrx_word' id='word_1_347' title='bbox 469 2582 594 2605; x_wconf 71' lang='lat' dir='ltr'>videtur.</span> <span class='ocrx_word' id='word_1_348' title='bbox 674 2588 700 2608; x_wconf 83' lang='lat' dir='ltr'>c)</span> <span class='ocrx_word' id='word_1_349' title='bbox 722 2583 891 2613; x_wconf 71' lang='lat' dir='ltr'>Sequuntur</span> <span class='ocrx_word' id='word_1_350' title='bbox 912 2590 952 2606; x_wconf 71' lang='grc' dir='ltr'>ιὐ.</span> <span class='ocrx_word' id='word_1_351' title='bbox 973 2582 1004 2607; x_wconf 79' lang='lat' dir='ltr'>et</span> <span class='ocrx_word' id='word_1_352' title='bbox 1024 2582 1049 2607; x_wconf 79' lang='lat' dir='ltr'>si</span> <span class='ocrx_word' id='word_1_353' title='bbox 1070 2581 1153 2611; x_wconf 78' lang='lat' dir='ltr'>uelit,</span> <span class='ocrx_word' id='word_1_354' title='bbox 1174 2589 1226 2613; x_wconf 84' lang='lat' dir='ltr'>vn,</span> <span class='ocrx_word' id='word_1_355' title='bbox 1246 2585 1336 2608; x_wconf 71' lang='lat' dir='ltr'>amm.</span> <span class='ocrx_word' id='word_1_356' title='bbox 1424 2583 1454 2613; x_wconf 87' lang='lat' dir='ltr'>d)</span> <span class='ocrx_word' id='word_1_357' title='bbox 1477 2586 1616 2615; x_wconf 69' lang='lat' dir='ltr'>Sequitur</span> <span class='ocrx_word' id='word_1_358' title='bbox 1636 2591 1661 2611; x_wconf 81' lang='lat' dir='ltr'>e,</span> <span class='ocrx_word' id='word_1_359' title='bbox 1682 2584 1771 2608; x_wconf 66' lang='lat' dir='ltr'>oblim.</span> <span class='ocrx_word' id='word_1_360' title='bbox 1856 2588 1883 2608; x_wconf 71' lang='lat' dir='ltr'>e!</span> <span class='ocrx_word' id='word_1_361' title='bbox 1905 2584 1953 2607; x_wconf 81' lang='lat' dir='ltr'>Se-</span> 
     </span>
     <span class='ocr_line' id='line_1_38' title="bbox 173 2624 1953 2657; baseline 0.001 -11"><span class='ocrx_word' id='word_1_362' title='bbox 173 2626 303 2653; x_wconf 74' lang='lat' dir='ltr'>quuntur</span> <span class='ocrx_word' id='word_1_363' title='bbox 322 2626 339 2647; x_wconf 72' lang='lat' dir='ltr'>:l</span> <span class='ocrx_word' id='word_1_364' title='bbox 359 2631 402 2647; x_wconf 72' lang='lat' dir='ltr'>vn.</span> <span class='ocrx_word' id='word_1_365' title='bbox 422 2624 479 2651; x_wconf 75' lang='lat' dir='ltr'>(rel</span> <span class='ocrx_word' id='word_1_366' title='bbox 502 2625 515 2647; x_wconf 93' lang='lat'><em>1</em></span> <span class='ocrx_word' id='word_1_367' title='bbox 539 2631 560 2647; x_wconf 87' lang='grc' dir='ltr'>ι·.</span> <span class='ocrx_word' id='word_1_368' title='bbox 575 2624 608 2652; x_wconf 65' lang='lat'>12),</span> <span class='ocrx_word' id='word_1_369' title='bbox 634 2631 706 2654; x_wconf 72' lang='lat' dir='ltr'>quae</span> <span class='ocrx_word' id='word_1_370' title='bbox 734 2624 775 2647; x_wconf 79' lang='lat' dir='ltr'>ila</span> <span class='ocrx_word' id='word_1_371' title='bbox 802 2624 969 2648; x_wconf 72' lang='lat' dir='ltr'>oblitterata</span> <span class='ocrx_word' id='word_1_372' title='bbox 995 2627 1079 2654; x_wconf 75' lang='lat' dir='ltr'>sunt,</span> <span class='ocrx_word' id='word_1_373' title='bbox 1108 2628 1137 2649; x_wconf 77' lang='lat' dir='ltr'>nt</span> <span class='ocrx_word' id='word_1_374' title='bbox 1159 2625 1216 2649; x_wconf 79' lang='lat' dir='ltr'>iam</span> <span class='ocrx_word' id='word_1_375' title='bbox 1245 2626 1302 2657; x_wconf 67' lang='lat' dir='ltr'>legs?</span> <span class='ocrx_word' id='word_1_376' title='bbox 1329 2634 1383 2649; x_wconf 77' lang='lat' dir='ltr'>non</span> <span class='ocrx_word' id='word_1_377' title='bbox 1408 2626 1532 2656; x_wconf 66' lang='lat' dir='ltr'>possint.</span> <span class='ocrx_word' id='word_1_378' title='bbox 1573 2628 1723 2650; x_wconf 69' lang='lat' dir='ltr'>Caeterum</span> <span class='ocrx_word' id='word_1_379' title='bbox 1751 2628 1802 2649; x_wconf 74' lang='lat' dir='ltr'>aut</span> <span class='ocrx_word' id='word_1_380' title='bbox 1823 2625 1953 2649; x_wconf 73' lang='lat' dir='ltr'>hocloco</span> 
     </span>
     <span class='ocr_line' id='line_1_39' title="bbox 173 2664 1952 2697; baseline 0.001 -9"><span class='ocrx_word' id='word_1_381' title='bbox 173 2670 266 2695; x_wconf 86' lang='lat' dir='ltr'>super</span> <span class='ocrx_word' id='word_1_382' title='bbox 284 2665 492 2695; x_wconf 73' lang='lat' dir='ltr'>supplendum,</span> <span class='ocrx_word' id='word_1_383' title='bbox 511 2667 561 2688; x_wconf 72' lang='lat' dir='ltr'>ant</span> <span class='ocrx_word' id='word_1_384' title='bbox 580 2665 717 2695; x_wconf 60' lang='lat' dir='ltr'>pros-ime</span> <span class='ocrx_word' id='word_1_385' title='bbox 737 2673 773 2689; x_wconf 65' lang='lat' dir='ltr'>ea·</span> <span class='ocrx_word' id='word_1_386' title='bbox 793 2671 899 2689; x_wconf 82' lang='lat' dir='ltr'>omnes</span> <span class='ocrx_word' id='word_1_387' title='bbox 919 2668 946 2689; x_wconf 79' lang='lat' dir='ltr'>et</span> <span class='ocrx_word' id='word_1_388' title='bbox 966 2664 1107 2690; x_wconf 76' lang='lat' dir='ltr'>ciuitates</span> <span class='ocrx_word' id='word_1_389' title='bbox 1128 2666 1410 2697; x_wconf 61' lang='lat' dir='ltr'>‹·0›·›·1‘9e›1‹11‹me.sse</span> <span class='ocrx_word' id='word_1_390' title='bbox 1427 2667 1543 2690; x_wconf 68' lang='lat' dir='ltr'>ridetur</span> <span class='ocrx_word' id='word_1_391' title='bbox 1556 2665 1698 2691; x_wconf 77' lang='lat' dir='ltr'>omnibus</span> <span class='ocrx_word' id='word_1_392' title='bbox 1719 2670 1744 2690; x_wconf 75' lang='lat' dir='ltr'>et</span> <span class='ocrx_word' id='word_1_393' title='bbox 1766 2664 1952 2690; x_wconf 78' lang='lat' dir='ltr'>ciuitatibus.</span> 
     </span>
     <span class='ocr_line' id='line_1_40' title="bbox 173 2703 808 2737; baseline 0.003 -9"><span class='ocrx_word' id='word_1_394' title='bbox 173 2703 196 2735; x_wconf 81' lang='lat' dir='ltr'>f)</span> <span class='ocrx_word' id='word_1_395' title='bbox 219 2706 278 2729; x_wconf 76' lang='lat' dir='ltr'>Hoc</span> <span class='ocrx_word' id='word_1_396' title='bbox 300 2713 321 2729; x_wconf 76' lang='lat' dir='ltr'>r.</span> <span class='ocrx_word' id='word_1_397' title='bbox 342 2713 434 2736; x_wconf 72' lang='lat' dir='ltr'>supra</span> <span class='ocrx_word' id='word_1_398' title='bbox 456 2713 571 2729; x_wconf 70' lang='lat' dir='ltr'>versum</span> <span class='ocrx_word' id='word_1_399' title='bbox 593 2707 734 2737; x_wconf 60' lang='lat' dir='ltr'>scriplum</span> <span class='ocrx_word' id='word_1_400' title='bbox 757 2710 808 2732; x_wconf 74' lang='lat' dir='ltr'>est.</span> 
     </span>
    </p>
   </div>
   <div class='ocr_carea' id='block_1_4' title="bbox 173 2805 1953 3218">
    <p class='ocr_par' dir='ltr' id='par_1_5' title="bbox 173 2805 1953 3012">
     <span class='ocr_line' id='line_1_41' title="bbox 297 2805 1953 2853; baseline 0.002 -15"><span class='ocrx_word' id='word_1_401' title='bbox 297 2805 306 2824; x_wconf 90' lang='lat'><strong>¹</strong></span> <span class='ocrx_word' id='word_1_402' title='bbox 332 2805 534 2847; x_wconf 86' lang='lat' dir='ltr'>Significari</span> <span class='ocrx_word' id='word_1_403' title='bbox 572 2811 658 2851; x_wconf 82' lang='lat' dir='ltr'>puto</span> <span class='ocrx_word' id='word_1_404' title='bbox 685 2807 904 2852; x_wconf 83' lang='lat' dir='ltr'>Stephanum</span> <span class='ocrx_word' id='word_1_405' title='bbox 934 2808 1118 2842; x_wconf 86' lang='lat' dir='ltr'>Bertinum</span> <span class='ocrx_word' id='word_1_406' title='bbox 1148 2807 1372 2853; x_wconf 78' lang='lat' dir='ltr'>(Bertigny),</span> <span class='ocrx_word' id='word_1_407' title='bbox 1410 2808 1452 2842; x_wconf 88' lang='lat' dir='ltr'>de</span> <span class='ocrx_word' id='word_1_408' title='bbox 1480 2819 1549 2852; x_wconf 93' lang='lat' dir='ltr'>quo</span> <span class='ocrx_word' id='word_1_409' title='bbox 1579 2807 1682 2853; x_wconf 86' lang='lat' dir='ltr'>plura</span> <span class='ocrx_word' id='word_1_410' title='bbox 1710 2809 1744 2842; x_wconf 87' lang='lat' dir='ltr'>in</span> <span class='ocrx_word' id='word_1_411' title='bbox 1771 2807 1953 2841; x_wconf 79' lang='lat' dir='ltr'>volumine</span> 
     </span>
     <span class='ocr_line' id='line_1_42' title="bbox 173 2857 1952 2905; baseline 0.002 -15"><span class='ocrx_word' id='word_1_412' title='bbox 173 2857 335 2901; x_wconf 85' lang='lat' dir='ltr'>proximo</span> <span class='ocrx_word' id='word_1_413' title='bbox 356 2858 461 2892; x_wconf 83' lang='lat' dir='ltr'>huius</span> <span class='ocrx_word' id='word_1_414' title='bbox 482 2860 600 2903; x_wconf 86' lang='lat' dir='ltr'>operis</span> <span class='ocrx_word' id='word_1_415' title='bbox 618 2860 793 2894; x_wconf 85' lang='lat' dir='ltr'>dicentur.</span> <span class='ocrx_word' id='word_1_416' title='bbox 833 2860 1031 2904; x_wconf 84' lang='lat' dir='ltr'>Collegium</span> <span class='ocrx_word' id='word_1_417' title='bbox 1060 2861 1350 2895; x_wconf 76' lang='lat' dir='ltr'>camberiaco-nse</span> <span class='ocrx_word' id='word_1_418' title='bbox 1372 2861 1604 2905; x_wconf 76' lang='lat' dir='ltr'>(Chambery,</span> <span class='ocrx_word' id='word_1_419' title='bbox 1630 2861 1717 2895; x_wconf 85' lang='lat' dir='ltr'>urbs</span> <span class='ocrx_word' id='word_1_420' title='bbox 1735 2861 1952 2903; x_wconf 87' lang='lat' dir='ltr'>Sabaudiae)</span> 
     </span>
     <span class='ocr_line' id='line_1_43' title="bbox 173 2909 1952 2959; baseline 0.003 -16"><span class='ocrx_word' id='word_1_421' title='bbox 173 2910 217 2943; x_wconf 86' lang='lat' dir='ltr'>ad</span> <span class='ocrx_word' id='word_1_422' title='bbox 245 2909 434 2944; x_wconf 86' lang='lat' dir='ltr'>Societatis</span> <span class='ocrx_word' id='word_1_423' title='bbox 463 2912 681 2955; x_wconf 85' lang='lat' dir='ltr'>provinciam</span> <span class='ocrx_word' id='word_1_424' title='bbox 711 2912 953 2957; x_wconf 82' lang='lat' dir='ltr'>aquitanicam</span> <span class='ocrx_word' id='word_1_425' title='bbox 981 2913 1195 2957; x_wconf 80' lang='lat' dir='ltr'>pertinebat,</span> <span class='ocrx_word' id='word_1_426' title='bbox 1233 2914 1288 2948; x_wconf 89' lang='lat' dir='ltr'>cui</span> <span class='ocrx_word' id='word_1_427' title='bbox 1323 2918 1489 2959; x_wconf 81' lang='lat' dir='ltr'>praeerat</span> <span class='ocrx_word' id='word_1_428' title='bbox 1517 2914 1731 2948; x_wconf 87' lang='lat' dir='ltr'>Guilielmus</span> <span class='ocrx_word' id='word_1_429' title='bbox 1758 2913 1952 2958; x_wconf 82' lang='lat' dir='ltr'>Greighton</span> 
     </span>
     <span class='ocr_line' id='line_1_44' title="bbox 173 2963 1845 3012; baseline 0.003 -17"><span class='ocrx_word' id='word_1_430' title='bbox 173 2963 499 3007; x_wconf 81' lang='lat' dir='ltr'>viceprovincialis.</span> <span class='ocrx_word' id='word_1_431' title='bbox 550 2965 784 3010; x_wconf 82' lang='lat' dir='ltr'>Praepositus</span> <span class='ocrx_word' id='word_1_432' title='bbox 811 2968 930 3000; x_wconf 85' lang='lat' dir='ltr'>autem</span> <span class='ocrx_word' id='word_1_433' title='bbox 959 2967 1139 3009; x_wconf 82' lang='lat' dir='ltr'>generalis</span> <span class='ocrx_word' id='word_1_434' title='bbox 1166 2968 1311 3001; x_wconf 82' lang='lat' dir='ltr'>futurus</span> <span class='ocrx_word' id='word_1_435' title='bbox 1339 2970 1416 3001; x_wconf 83' lang='lat' dir='ltr'>erat</span> <span class='ocrx_word' id='word_1_436' title='bbox 1443 2967 1615 3002; x_wconf 83' lang='lat' dir='ltr'>Claudius</span> <span class='ocrx_word' id='word_1_437' title='bbox 1642 2967 1845 3012; x_wconf 80' lang='lat' dir='ltr'>Aquaviva.</span> 
     </span>
    </p>

    <p class='ocr_par' dir='ltr' id='par_1_6' title="bbox 294 3016 1666 3062">
     <span class='ocr_line' id='line_1_45' title="bbox 294 3016 1666 3062; baseline 0.004 -13"><span class='ocrx_word' id='word_1_438' title='bbox 294 3016 307 3036; x_wconf 84' lang='lat'><em>²</em></span> <span class='ocrx_word' id='word_1_439' title='bbox 334 3016 484 3051; x_wconf 85' lang='lat' dir='ltr'>Domum</span> <span class='ocrx_word' id='word_1_440' title='bbox 511 3019 673 3053; x_wconf 86' lang='lat' dir='ltr'>canonici</span> <span class='ocrx_word' id='word_1_441' title='bbox 700 3020 859 3054; x_wconf 84' lang='lat' dir='ltr'>cantoris</span> <span class='ocrx_word' id='word_1_442' title='bbox 886 3020 929 3053; x_wconf 87' lang='lat' dir='ltr'>ad</span> <span class='ocrx_word' id='word_1_443' title='bbox 957 3019 991 3054; x_wconf 87' lang='lat' dir='ltr'>S.</span> <span class='ocrx_word' id='word_1_444' title='bbox 1011 3019 1169 3059; x_wconf 85' lang='lat' dir='ltr'>Nicolai;</span> <span class='ocrx_word' id='word_1_445' title='bbox 1198 3032 1230 3054; x_wconf 93' lang='lat' dir='ltr'>v.</span> <span class='ocrx_word' id='word_1_446' title='bbox 1251 3020 1357 3062; x_wconf 84' lang='lat' dir='ltr'>infra,</span> <span class='ocrx_word' id='word_1_447' title='bbox 1384 3032 1541 3054; x_wconf 88' lang='lat' dir='ltr'>monum.</span> <span class='ocrx_word' id='word_1_448' title='bbox 1564 3021 1666 3055; x_wconf 74' lang='lat'>1267.</span> 
     </span>
    </p>

    <p class='ocr_par' dir='ltr' id='par_1_7' title="bbox 294 3068 1197 3117">
     <span class='ocr_line' id='line_1_46' title="bbox 294 3068 1197 3117; baseline 0.006 -15"><span class='ocrx_word' id='word_1_449' title='bbox 294 3070 307 3089; x_wconf 82' lang='lat'>⁸</span> <span class='ocrx_word' id='word_1_450' title='bbox 334 3068 537 3105; x_wconf 75' lang='lat' dir='ltr'>sebastiani</span> <span class='ocrx_word' id='word_1_451' title='bbox 565 3071 721 3113; x_wconf 85' lang='lat' dir='ltr'>Veronii,</span> <span class='ocrx_word' id='word_1_452' title='bbox 749 3072 894 3117; x_wconf 85' lang='lat' dir='ltr'>parochi</span> <span class='ocrx_word' id='word_1_453' title='bbox 922 3073 966 3106; x_wconf 86' lang='lat' dir='ltr'>ad</span> <span class='ocrx_word' id='word_1_454' title='bbox 993 3072 1027 3107; x_wconf 81' lang='lat' dir='ltr'>S.</span> <span class='ocrx_word' id='word_1_455' title='bbox 1047 3073 1197 3107; x_wconf 85' lang='lat' dir='ltr'>Nicolai.</span> 
     </span>
    </p>

    <p class='ocr_par' dir='ltr' id='par_1_8' title="bbox 173 3122 1951 3218">
     <span class='ocr_line' id='line_1_47' title="bbox 294 3122 1951 3171; baseline 0.002 -16"><span class='ocrx_word' id='word_1_456' title='bbox 294 3124 305 3142; x_wconf 79' lang='lat'><strong>⁴</strong></span> <span class='ocrx_word' id='word_1_457' title='bbox 337 3122 410 3157; x_wconf 87' lang='lat' dir='ltr'>Hoc</span> <span class='ocrx_word' id='word_1_458' title='bbox 446 3126 482 3156; x_wconf 86' lang='lat' dir='ltr'>et</span> <span class='ocrx_word' id='word_1_459' title='bbox 514 3127 593 3159; x_wconf 81' lang='lat' dir='ltr'>erat</span> <span class='ocrx_word' id='word_1_460' title='bbox 618 3128 654 3159; x_wconf 87' lang='lat' dir='ltr'>et</span> <span class='ocrx_word' id='word_1_461' title='bbox 681 3128 735 3160; x_wconf 83' lang='lat' dir='ltr'>est</span> <span class='ocrx_word' id='word_1_462' title='bbox 763 3126 934 3170; x_wconf 86' lang='lat' dir='ltr'>templum</span> <span class='ocrx_word' id='word_1_463' title='bbox 962 3126 1149 3170; x_wconf 87' lang='lat' dir='ltr'>collegiale</span> <span class='ocrx_word' id='word_1_464' title='bbox 1177 3130 1211 3160; x_wconf 89' lang='lat' dir='ltr'>et</span> <span class='ocrx_word' id='word_1_465' title='bbox 1248 3126 1456 3171; x_wconf 85' lang='lat' dir='ltr'>parochiale</span> <span class='ocrx_word' id='word_1_466' title='bbox 1483 3127 1517 3162; x_wconf 89' lang='lat' dir='ltr'>S.</span> <span class='ocrx_word' id='word_1_467' title='bbox 1537 3126 1686 3161; x_wconf 88' lang='lat' dir='ltr'>Nicolai.</span> <span class='ocrx_word' id='word_1_468' title='bbox 1738 3126 1790 3160; x_wconf 89' lang='lat' dir='ltr'>De</span> <span class='ocrx_word' id='word_1_469' title='bbox 1817 3125 1951 3160; x_wconf 83' lang='lat' dir='ltr'>Canisii</span> 
     </span>
     <span class='ocr_line' id='line_1_48' title="bbox 173 3175 1018 3218; baseline 0.006 -9"><span class='ocrx_word' id='word_1_470' title='bbox 173 3175 398 3209; x_wconf 85' lang='lat' dir='ltr'>contionibus</span> <span class='ocrx_word' id='word_1_471' title='bbox 427 3188 459 3211; x_wconf 87' lang='lat' dir='ltr'>v.</span> <span class='ocrx_word' id='word_1_472' title='bbox 479 3177 583 3218; x_wconf 87' lang='lat' dir='ltr'>infra,</span> <span class='ocrx_word' id='word_1_473' title='bbox 612 3190 766 3213; x_wconf 84' lang='lat' dir='ltr'>monum.</span> <span class='ocrx_word' id='word_1_474' title='bbox 796 3180 887 3214; x_wconf 82' lang='lat'>1268</span> <span class='ocrx_word' id='word_1_475' title='bbox 917 3180 1018 3215; x_wconf 84' lang='lat'><strong>1269.</strong></span> 
     </span>
    </p>
   </div>
  </div>
 </body>
</html>
