2062 3443
591 156 633 190 ll.
662 155 886 189 Prooemium
915 154 1104 187 voluminis
1130 153 1284 198 septimi.
1697 163 1823 186 xxxin

57 277 188 310 tionem
217 275 347 310 abiecit
373 277 409 308 et
435 286 473 308 se
500 273 638 307 Hofl'aei
666 272 812 306 arbitrio
840 271 942 316 plene
979 270 1141 316 permisit
1170 270 1291 313 (430);
1330 270 1389 314 qui
1417 281 1495 303 eum
1533 270 1566 303 in
1595 269 1825 313 collegiorum

57 329 264 363 visitatione
289 328 463 370 „socium“
490 326 557 362 sibi
585 338 663 360 esse
693 326 805 360 voluit
831 329 866 358 et
895 325 947 359 bis
975 324 1309 369 viceprovincialem
1338 323 1523 358 constituit
1553 322 1636 365 (408
1663 322 1731 356 418
1758 322 1825 356 442

58 382 128 417 463
156 382 252 418 824).

179 453 331 492 Dixeris,
368 451 510 487 sodales
547 462 669 486 omnes
705 450 905 485 huiusmodi
935 451 1049 484 virum
1078 461 1216 483 summo
1252 449 1385 482 honore
1413 451 1447 482 et
1475 459 1594 481 amore
1622 449 1828 491 prosecutos

58 519 147 542 esse.
203 506 333 540 Verum
366 506 462 547 „sine
499 505 596 539 fumo
621 504 765 539 flamma
793 516 859 538 non
888 503 1083 545 ascendit&
1116 503 1230 546 inquit
1263 503 1416 535 Thomas·
1441 514 1461 534 (1
1487 502 1631 544 Kempz's
1659 500 1727 542 (De
1754 500 1827 533 imi-

57 561 192 595 tatione
212 559 344 594 Christi
372 559 392 593 l.
414 559 444 599 3,
471 570 500 594 c,
519 558 576 597 49.
602 570 635 592 n.
655 559 705 601 2).
751 558 882 592 Canisii
912 557 1122 602 patientiam
1151 555 1326 599 imprimis
1353 554 1543 589 exercebat
1570 553 1629 587 ille
1656 554 1741 598 ipse,
1769 553 1827 597 qui

58 614 94 648 in
129 611 361 658 provincialis
396 612 514 646 officio
551 613 580 645 ei
617 613 834 649 sucesserat,
871 611 1005 644 Paulus
1035 610 1213 643 Hoffaeus.
1266 608 1330 642 Vir
1365 608 1421 642 hic
1458 610 1535 641 erat
1562 605 1667 641 valde
1694 606 1825 640 bonus:

61 666 226 701 Canisius
252 668 409 700 testatus
428 668 493 705 est,
520 677 599 700 eum
620 664 732 699 Sociis
752 664 865 698 multa
893 664 1065 697 virtutum
1094 662 1258 707 exempla
1285 661 1466 706 praebere,
1494 660 1687 705 prudenter
1713 671 1820 703 agere

59 720 274 755 auctoritate
301 719 422 753 valere
452 720 488 760 (9
516 720 560 753 55
591 719 654 753 155
681 718 780 760 230),
817 717 1018 751 visitationi
1049 717 1250 760 „ingentem
1287 726 1408 749 curam
1445 716 1553 758 atque
1581 713 1826 757 vigilantiam*

59 773 263 819 impendere
300 772 414 815 (418).
475 771 621 807 Gratias
656 783 806 815 agamus
842 771 935 811 Deo,
971 770 1023 804 ait
1059 769 1269 814 aliquando,
1308 768 1594 802 exhortationem
1630 767 1673 801 ad
1710 766 1831 801 Socios

58 828 205 868 liabens,
233 826 325 870 quod
352 826 461 860 talem
488 826 590 860 nobis
617 824 874 870 provincialem
903 824 964 858 dat
990 826 1026 857 et
1052 824 1252 862 conservat,
1285 822 1342 856 cui
1370 832 1493 855 omnes
1521 820 1628 854 fidere
1654 822 1689 854 et
1716 831 1736 853 a
1763 831 1831 864 quo

64 880 202 923 „omnia
228 879 319 913 bona
345 880 577 924 exspectare*
601 879 778 924 possimus
805 878 921 921 (775).
961 876 1027 911 Sed
1055 877 1167 910 tantis
1187 875 1382 909 virtutibus
1401 874 1490 908 vitia
1516 873 1636 918 aliqua
1664 873 1830 907 adhaere-

59 935 163 975 bant:
200 933 299 968 velut
336 934 429 978 quod
458 933 627 967 Hoffaeus
664 931 890 966 consultores
926 943 946 964 a
982 929 1187 975 praeposito
1223 929 1386 973 generali
1423 928 1490 962 sibi
1527 928 1715 962 adiunctos
1752 938 1831 961 raro

60 987 270 1022 consulebat
306 987 343 1029 (9
378 988 423 1021 55
463 987 529 1021 155
565 987 667 1029 274);
713 986 805 1030 quod
844 984 974 1018 nimius
1013 987 1094 1018 erat
1130 984 1163 1016 in
1200 982 1476 1028 praescribendo
1517 981 1638 1025 (154);
1678 982 1833 1015 maxime
1876 977 1882 984 ’

60 1044 191 1082 autem,
227 1041 321 1085 quod
360 1039 508 1083 rigidior
543 1042 578 1074 et
612 1050 725 1084 paene
760 1039 904 1082 iniquus
939 1040 1015 1072 erat
1046 1040 1082 1070 et
1112 1037 1146 1070 in
1177 1037 1345 1081 seipsum,
1381 1037 1527 1069 nimium
1563 1034 1762 1073 ieiunando.
1799 1037 1833 1068 et

61 1094 254 1130 laborando
283 1094 319 1137 (9
349 1094 414 1128 155
442 1093 540 1136 274),
567 1095 603 1127 et
629 1093 662 1126 in
690 1092 790 1133 alios,
831 1090 1112 1133 „formidabilem
1139 1092 1255 1134 magis
1282 1101 1386 1134 quam
1416 1088 1625 1123 amabilem“
1657 1087 1833 1122 interdum

60 1161 100 1183 se
134 1147 337 1194 praebendo
372 1147 434 1189 (55
463 1147 530 1181 155
557 1146 627 1181 274
653 1146 737 1190 314)
775 1149 811 1180 et
846 1145 952 1179 nimis
989 1144 1077 1179 atris
1113 1144 1291 1179 coloribus
1327 1155 1387 1177 eos
1423 1142 1658 1187 depingendo.
1710 1141 1763 1175 Ita
1800 1141 1834 1174 in

60 1202 192 1237 litteris
227 1201 271 1236 ad
307 1200 571 1235 Mercurianum
608 1200 813 1244 generalem
849 1199 943 1234 datis
977 1198 1168 1242 aliquando
1206 1198 1248 1231 de
1280 1196 1433 1237 Canisio,
1469 1198 1614 1230 auctore
1649 1196 1834 1238 „Summae

61 1255 243 1290 doctrinae
276 1254 528 1295 christianae·‘‚
561 1254 726 1299 scripsit:
758 1253 855 1296 „Non
884 1255 938 1287 est
969 1252 1179 1295 theologus“
1214 1251 1327 1294 (785),
1356 1254 1392 1284 et
1419 1249 1625 1293 Menginum
1654 1248 1835 1284 Guilielmi

61 1309 232 1354 principis
259 1307 516 1343 confessarium
539 1307 658 1352 (quem
678 1318 788 1352 supra.
807 1306 895 1349 dixi)
917 1306 995 1340 ideo
1014 1306 1049 1340 in
1069 1306 1196 1340 melius
1214 1317 1281 1339 non
1306 1304 1502 1350 profecisse
1521 1303 1713 1340 contenditv
1741 1302 1834 1346 quod

62 1362 227 1397 Canisius
253 1361 498 1406 imprudenter
515 1372 554 1395 se
581 1362 776 1405 gessisset;
803 1364 840 1394 at
868 1359 986 1404 paullo
1013 1362 1094 1404 post
1120 1359 1276 1404 oportuit
1303 1370 1383 1392 eum
1403 1358 1520 1397 fateri,
1547 1368 1590 1390 ne
1609 1368 1673 1391 sua
1692 1356 1834 1400 quidem

62 1416 240 1450 industria
259 1415 417 1459 Mengini
436 1426 553 1449 mores
572 1414 780 1449 emendatos
798 1425 877 1448 esse
904 1413 990 1456 (500
1016 1413 1084 1448 825
1111 1413 1215 1452 827);
1243 1413 1328 1446 item
1352 1423 1372 1445 a
1391 1410 1626 1451 MercurianO,
1654 1409 1835 1444 Canisium

62 1469 282 1514 significans,
308 1468 421 1514 petiit,
450 1480 494 1502 ne
514 1468 549 1502 in
568 1468 728 1512 Mengini
754 1479 862 1502 causa
885 1471 958 1511 ,tot
977 1466 1277 1512 provincialibus“
1301 1467 1481 1504 uteretur:
1510 1475 1633 1497 verum
1654 1463 1836 1497 Canisium

63 1534 142 1557 eam
169 1533 315 1557 causam
341 1524 498 1556 tractare
524 1523 600 1567 ipse
627 1521 781 1555 iusserat
801 1520 915 1564 (500).
963 1521 1080 1566 Ipsius
1098 1520 1205 1554 etiam
1224 1518 1441 1553 Mercuriani
1468 1517 1647 1560 generalis
1668 1517 1837 1550 Hoffaeus

63 1587 252 1612 censuram
271 1576 403 1619 agebat
420 1578 494 1609 tam
514 1575 662 1609 liberam
678 1578 714 1609 et
731 1574 908 1616 acerbam,
924 1576 962 1608 ut
982 1573 1222 1618 compluriens
1236 1573 1280 1607 ab
1295 1584 1335 1606 eo
1351 1571 1455 1605 valde
1470 1571 1736 1615 vituperaretur
1753 1570 1837 1611 (500

65 1630 172 1675 577);
199 1631 292 1665 sicut
309 1633 445 1674 postea,
470 1640 549 1663 cum
569 1628 716 1663 Claudio
735 1629 949 1673 Aquavivae
968 1627 1170 1672 praeposito
1189 1625 1348 1670 generali
1367 1625 1473 1659 datus
1492 1627 1587 1659 esset
1609 1624 1837 1667 „assistens“,

65 1687 138 1718 tam
167 1683 407 1718 inverecunde
434 1685 468 1716 et
495 1682 673 1717 obstinate
701 1683 736 1716 in
763 1694 842 1716 eum
869 1694 909 1716 se
934 1681 1060 1725 gessit,
1096 1683 1136 1714 ut
1162 1680 1304 1714 tandem
1333 1679 1451 1714 officio
1477 1690 1515 1712 se
1542 1677 1709 1712 abdicare
1736 1677 1838 1721 quasi

65 1740 265 1781 cogeretur.
317 1736 483 1771 canisius
516 1736 636 1779 igitur,
673 1748 751 1770 cum
789 1748 858 1770 non
894 1735 1009 1770 solum
1044 1734 1193 1769 rectoris
1229 1732 1468 1778 oenipontani,
1504 1731 1566 1765 sed
1594 1731 1701 1765 etiam
1739 1742 1839 1776 prae-

66 1791 172 1837 positi
207 1790 438 1836 provincialis
468 1789 690 1834 „consultor“
722 1792 828 1831 esset,
865 1801 927 1834 pro
954 1788 1111 1823 muneris
1138 1786 1255 1822 officio
1280 1787 1388 1821 statis
1419 1785 1650 1830 temporibus.
1686 1796 1777 1829 quae
1805 1785 1838 1818 in

65 1844 277 1890 provinciali
312 1846 348 1878 et
373 1843 409 1878 in
443 1843 629 1888 provincia
654 1843 811 1878 notanda
837 1843 902 1877 sibi
930 1842 1150 1882 viderentur,
1185 1841 1264 1875 sive
1290 1840 1393 1881 bona,
1429 1839 1506 1874 sive
1533 1839 1637 1878 mala,
1669 1838 1711 1872 ad
1739 1849 1838 1883 prae-

66 1898 221 1943 positum
260 1897 464 1942 generalem
503 1897 614 1932 libere
651 1896 908 1942 perscribebat.
969 1895 1152 1930 Interdum
1187 1894 1276 1928 haec
1312 1893 1432 1927 verbis
1468 1903 1608 1936 quoque
1642 1903 1723 1926 cum
1759 1891 1839 1926 aliis

66 1953 350 1986 communicasse
371 1951 534 1992 videtur;
560 1951 621 1996 qui
647 1951 690 1985 ad
709 1951 799 1985 alios
826 1962 868 1984 ea
893 1949 1206 1989 transmittebant;
1235 1947 1441 1988 accedebat,
1466 1947 1558 1990 quod
1585 1956 1840 1989 nonnunquam

65 2006 201 2050 scripta
235 2016 302 2039 sua
336 2017 381 2039 ex
415 2005 594 2039 oblivione
629 2005 664 2038 in
701 2003 864 2038 conclavi
899 2002 1145 2047 relinquebat;
1182 2013 1273 2046 quae
1310 2001 1436 2035 deinde
1472 2000 1618 2034 inventa
1649 2000 1684 2033 in
1712 2010 1840 2033 manus

66 2059 350 2104 praepositorum
378 2059 569 2093 veniebant
596 2060 632 2093 et
656 2059 710 2099 iis,
738 2070 818 2092 cum
846 2057 968 2102 aliqua
995 2057 1091 2091 facta
1117 2067 1182 2090 sua
1208 2054 1401 2100 improbari
1428 2053 1609 2094 videbant,
1636 2053 1743 2087 bilem
1769 2063 1839 2086 mo-

67 2111 201 2147 vebant
229 2111 351 2156 (429);
379 2114 565 2157 praeterea
593 2112 757 2147 Canisius
784 2112 828 2146 ad
856 2111 965 2145 libros
991 2109 1254 2155 componendos
1279 2108 1455 2143 sodalium
1475 2108 1546 2141 iam
1565 2107 1708 2141 aliunde
1735 2105 1840 2140 valde

67 2168 320 2211 occupatorum
347 2177 454 2211 saepe
481 2178 582 2211 opem
609 2165 815 2210 requirebat
842 2165 927 2203 (785
957 2164 1054 2207 787).
1104 2163 1274 2198 Hoffaeus
1300 2163 1422 2206 itaque
1449 2161 1492 2194 de
1519 2160 1652 2194 Canisii
1684 2160 1840 2202 „morda-

68 2220 198 2255 citate“
220 2231 301 2254 cum
321 2219 480 2263 generali
508 2222 724 2263 conquestus
746 2221 802 2253 est
830 2218 1065 2263 (quamquam
1092 2218 1128 2252 in
1154 2218 1232 2251 eius
1257 2216 1412 2260 scriptis,
1440 2226 1531 2258 quae
1551 2213 1692 2258 quidem
1719 2225 1840 2258 super-

67 2276 162 2316 sunt,
189 2273 252 2307 vix
279 2273 470 2318 quicquam
498 2273 746 2308 mordacitatis
772 2275 937 2318 apparet)
972 2275 1008 2306 et
1035 2271 1078 2306 ab
1105 2283 1146 2305 eo
1172 2269 1286 2315 petiit,
1322 2272 1362 2303 ut
1388 2268 1529 2302 Canisio
1556 2266 1771 2313 prohiberet,
1798 2279 1841 2301 ne

68 2327 112 2362 de
138 2327 344 2372 provinciae
370 2327 477 2361 rebus
503 2328 693 2371 quicquam
722 2326 766 2361 ad
793 2325 998 2370 generalem
1026 2324 1188 2365 referret,
1225 2323 1293 2358 nisi
1320 2325 1416 2357 esset
1443 2322 1685 2364 interrogatus
1720 2320 1840 2363 ‹301)2

69 2384 177 2425 atque
212 2380 320 2414 etiam
357 2380 507 2415 eundem
543 2380 696 2424 rogavit,
732 2383 782 2422 ut,
819 2379 848 2414 si
877 2379 1018 2414 Canisio
1046 2378 1079 2412 in
1116 2377 1288 2412 librorum
1318 2376 1510 2410 latinorum
1537 2375 1730 2419 scriptione
1767 2386 1840 2419 per-

69 2435 306 2468 severandum
335 2437 442 2475 esset,
477 2435 512 2468 in
546 2434 653 2468 aliam
681 2445 761 2468 eum
787 2433 1008 2478 provinciam
1036 2431 1197 2466 mitteret
1224 2429 1338 2473 (785).
1392 2429 1576 2463 Hoffaeum
1604 2428 1734 2462 imitati
1760 2429 1842 2461 sunt

70 2499 116 2522 ex
151 2486 264 2522 Sociis
299 2487 447 2531 aliquot,
483 2487 583 2521 velut
619 2488 658 2522 P.
687 2487 843 2522 Michael
870 2486 1018 2525 Marius,
1059 2485 1118 2529 qui
1155 2484 1197 2518 de
1235 2483 1377 2517 Canisio
1411 2487 1487 2516 tam
1522 2481 1649 2516 acerbe
1684 2480 1842 2524 generali

71 2540 226 2586 scripsit.
257 2543 297 2575 ut
322 2541 366 2575 ab
393 2540 459 2575 hoc
485 2541 605 2575 verbis
631 2541 770 2575 severis
797 2540 1038 2583 castigaretur
1065 2538 1178 2581 (826).
1222 2537 1351 2571 Fateor
1377 2535 1463 2569 mihi
1490 2534 1578 2569 haec
1605 2533 1843 2568 consideranti

71 2595 108 2629 in
134 2595 340 2629 memoriam
368 2595 504 2629 redisse
532 2606 584 2635 ea,
611 2606 702 2639 quae
729 2594 762 2627 in
792 2592 989 2627 novissima
1016 2591 1138 2626 Sancti
1165 2590 1299 2625 Odonis
1326 2589 1575 2624 Cluniacensis
1594 2588 1634 2622 O.
1654 2587 1688 2622 S.
1709 2588 1748 2622 ss.
1768 2587 1844 2621 viia

71 2648 252 2692 legeram:
291 2647 534 2691 „L’austerite
570 2647 661 2681 d’un
696 2646 882 2691 religieux,
919 2657 983 2680 son
1019 2645 1148 2679 ardeur
1174 2656 1263 2689 pour
1289 2643 1322 2678 le
1349 2642 1493 2683 travail,
1529 2653 1586 2677 ses
1612 2641 1844 2686 superiorites

73 2701 350 2736 intellectuelles
385 2703 544 2735 excitent
570 2703 692 2735 contre
727 2699 776 2734 lui
811 2700 864 2734 les
891 2698 1112 2744 antipatliies
1138 2698 1181 2732 de
1216 2700 1296 2731 tous
1323 2708 1414 2731 ceux
1441 2696 1501 2740 qui
1527 2707 1572 2730 ne
1598 2695 1745 2729 veulent
1780 2705 1844 2739 pas

73 2767 119 2843 {u
136 2767 180 2790 ne
198 2757 356 2801 peuvent
380 2766 446 2799 pas
463 2754 497 2789 le
514 2754 636 2789 suivre
655 2754 744 2789 dans
762 2756 857 2789 cette
882 2753 981 2787 voie'‘
1005 2752 1123 2795 (Saint
1141 2750 1254 2792 Odon,
1280 2762 1344 2795 par
1363 2751 1453 2784 Dom
1472 2751 1519 2783 du
1539 2750 1661 2792 Rom-9
1679 2748 1720 2783 O.
1740 2748 1773 2782 S.
1794 2748 1843 2789 B.‚

106 2809 179 2844 aris
207 2809 308 2851 1905,
334 2809 410 2852 42).

194 2885 314 2928 Longe
340 2884 445 2919 aliter
471 2885 514 2919 de
533 2884 675 2919 Canisio
693 2883 874 2919 sentiebat
893 2882 1098 2917 Everardus
1117 2881 1366 2915 Mercurianus
1393 2880 1620 2925 praepositus
1645 2877 1843 2922 generalis:

75 2939 136 2983 qui
171 2939 203 2973 ei
231 2939 285 2974 10.
313 2939 433 2973 Martii
463 2939 552 2973 1576
587 2938 751 2983 scripsit:
792 2936 910 2980 „Legi,
937 2947 1028 2980 quae
1064 2936 1107 2969 ad
1144 2946 1200 2969 me
1225 2934 1404 2979 scripsisti
1430 2933 1472 2968 de
1499 2933 1605 2967 istius
1640 2932 1845 2978 provinciae

76 2992 193 3037 rebus.
244 2991 342 3034 Quae
377 2992 495 3026 omnia
521 2994 606 3026 sunt
632 2991 817 3032 eiusmodi,
845 2994 882 3024 ut
908 3001 1049 3035 sperem
1084 3001 1154 3023 non
1180 2988 1355 3022 inutiliter
1381 2991 1443 3022 aut
1470 2999 1489 3020 a
1515 2989 1551 3021 te
1576 2986 1711 3031 scripta
1738 2990 1800 3019 aut
1826 2996 1847 3018 a

77 3057 133 3080 me
168 3046 312 3089 cognita
343 3057 435 3080 esse.
486 3045 601 3079 Tuum
629 3044 698 3079 erit
723 3055 788 3079 nos
814 3043 1007 3078 identidem
1034 3042 1207 3077 adiuvare
1233 3043 1405 3076 consueta
1431 3039 1609 3075 scribendi
1636 3039 1842 3082 diligentia⁴⁴

80 3099 203 3143 (320);
240 3102 277 3133 et
310 3098 367 3133 20.
395 3098 580 3133 Februarii
608 3098 719 3133 1578:
759 3097 956 3140 „Omnibus
982 3096 1016 3130 in
1044 3095 1152 3130 rebus
1186 3106 1328 3140 semper
1360 3094 1428 3128 erit
1463 3093 1565 3127 nobis
1600 3093 1845 3136 gratissimum

77 3153 108 3186 si
134 3152 176 3186 R.
196 3152 251 3193 V.,
278 3152 447 3197 quicquid
470 3152 514 3186 ad
533 3151 675 3186 Domini
701 3151 853 3195 gloriam
879 3149 1047 3195 expedire
1074 3148 1297 3189 iudicaverit,
1324 3148 1358 3182 id
1386 3147 1429 3182 ad
1457 3158 1520 3180 nos
1547 3146 1663 3181 libere
1684 3146 1843 3180 deferat“

150 3221 275 3248 Braun
285 3221 326 3248 sb
336 3229 426 3255 erge
436 3228 465 3252 r,
486 3221 598 3247 Canisii
618 3220 775 3255 Epistulae
795 3221 827 3258 et
849 3220 933 3246 Acta.
963 3218 1027 3245 VlI.
1543 3223 1561 3245 c
