2062 3513
911 671 961 713 [Ι.

378 755 757 812 PROOEMIUM
796 756 1092 812 VOLUMIN
1099 757 1159 811 IS
1200 757 1482 813 SEPTIMI.

174 877 201 909 l.
236 874 484 917 Epistularum
521 879 551 907 et
587 879 890 907 monumentorum
929 886 1110 909 numerus:
1154 876 1199 908 II.
1236 876 1377 908 Edendi
1415 878 1508 909 ratio
1539 876 1726 919 paululum
1757 877 1820 907 ine-

54 933 198 963 ›nutatm
251 928 320 961 Ill.
358 929 543 971 Epistulas
579 930 641 970 qni
676 940 695 959 a
728 929 871 962 Canis-io
898 931 1093 971 acceperint
1121 934 1150 961 et
1177 930 1224 961 ud
1251 940 1325 961 eum
1353 930 1525 963 dederint.
1576 931 1634 964 JV.
1674 931 1817 963 Summa

52 994 173 1016 rerum
211 982 320 1014 huius
359 982 566 1015 voluminis:
606 985 635 1016 1.
666 982 841 1015 Ecclesiae
879 983 914 1015 in
959 984 1156 1015 Germania
1195 983 1413 1015 calamitates
1451 984 1592 1025 (clerus,
1627 984 1818 1026 principes,

47 1036 234 1080 populus).
270 1037 302 1068 2.
321 1035 549 1068 Remum-atio
568 1035 761 1068 catholica:
788 1036 971 1077 Pontifices
989 1040 1016 1068 et
1036 1037 1159 1069 nuntii
1176 1037 1383 1079 apostolicc';
1409 1039 1562 1080 episcopi
1571 1049 1584 1078 ,·
1610 1037 1821 1076 catec}u›tue,·

52 1089 309 1124 Ferdinandus
335 1089 382 1121 II.
404 1088 604 1128 (1r(·hidu.r,·
631 1089 795 1121 filbertus
822 1089 858 1122 1⁷.
878 1093 906 1121 et
937 1090 1149 1122 Gm'lielmus
1176 1090 1356 1129 1'.dnces;
1391 1091 1457 1123 alii
1477 1092 1660 1133 principes
1685 1095 1713 1123 et
1738 1100 1819 1133 pro-

53 1154 144 1176 ceres
170 1147 254 1182 ete.,·
289 1143 489 1184 scriptores.
540 1145 571 1175 3.
600 1142 667 1174 Res
695 1142 879 1175 sacietatis
906 1143 1005 1175 Iesu:
1039 1143 1169 1175 Libens
1201 1144 1354 1184 fumosi,·
1388 1144 1461 1176 aliu
1490 1145 1735 1187 impedimenta
1763 1156 1821 1176 es-

55 1202 182 1238 terna,·
224 1197 435 1238 confessarii
467 1197 699 1238 principum,-
742 1196 840 1238 5⁰s0,·
883 1197 984 1228 varta
1026 1196 1210 1229 Sociorum
1252 1201 1398 1238 errat‹1,·
1439 1198 1623 1239 suut0res,·
1665 1197 1819 1241 colleyta.

57 1253 77 1284 4
116 1251 184 1284 Res
213 1250 374 1283 Canis-li:
405 1249 624 1284 Consuetudo
652 1261 728 1281 rum
757 1251 893 1282 nuutiis
920 1251 1129 1292 apostolicis,
1158 1251 1337 1293 episcopis,
1362 1252 1611 1294 principibus·;
1644 1253 1820 1285 orationes

54 1315 200 1344 sacram·
227 1305 389 1336 virtutes:
418 1303 579 1346 querelae
590 1315 602 1343 ;
627 1304 772 1344 laudes,·
798 1305 917 1336 missio
941 1304 1190 1345 friburyensls.

174 1381 353 1422 Numeri
385 1380 550 1421 arabici
583 1382 703 1422 uncis
743 1381 908 1431 inclusi,
953 1383 1024 1435 qui
1057 1396 1080 1422 u
1116 1384 1248 1436 eapite
1284 1383 1356 1424 11⁷.
1391 1384 1569 1436 sinqulis
1608 1384 1697 1432 fere
1730 1398 1819 1424 sen-

53 1449 194 1489 tentiis
217 1447 444 1497 addentur,
479 1447 705 1499 ostendent,
742 1448 783 1487 iu
809 1446 958 1501 quibus
990 1447 1091 1488 libri
1120 1449 1291 1502 payinis
1313 1450 1481 1500 simula
1507 1449 1578 1489 illa
1609 1449 1725 1501 facta
1751 1454 1819 1491 etc.

50 1513 316 1568 potissimum
350 1516 730 1553 commemorentur.

174 1588 205 1632 Ι.
249 1588 298 1630 In
333 1588 414 1629 hoc
447 1587 664 1629 volumine
705 1589 807 1629 sunt
839 1587 1123 1642 epistulae
1165 1589 1647 1644 epistularumque
1688 1604 1821 1632 sum-

56 1667 170 1697 mae
203 1655 288 1695 314
321 1652 378 1706 (n.
410 1653 739 1704 1769-2082);
785 1667 839 1694 ex
881 1653 1034 1706 quibus
1077 1656 1179 1697 sunt
1219 1654 1432 1708 epistulae
1471 1657 1549 1697 193
1583 1659 1628 1698 et
1660 1656 1823 1710 epistu-

54 1720 208 1770 larum,
250 1732 360 1772 quae
401 1719 637 1773 perierunt,
681 1733 875 1761 summae
916 1719 1009 1761 sive
1057 1721 1278 1773 „regesta“
1330 1723 1425 1763 121.
1490 1721 1571 1762 His
1612 1722 1824 1764 accedunt

55 1788 156 1828 acta
187 1785 280 1826 sive
312 1788 664 1826 monumenta
696 1784 989 1827 canisiana
1026 1787 1107 1827 182
1143 1786 1201 1837 (n.
1231 1787 1554 1838 1089—1270).

174 1851 243 1892 Ex
275 1850 472 1905 epistulis
504 1849 682 1902 (additis
715 1850 998 1904 epistularum
1032 1851 1228 1904 summis)
1266 1853 1346 1894 172
1380 1867 1405 1894 a
1439 1852 1608 1895 Canisio
1631 1853 1701 1896 vel
1734 1853 1824 1895 eius

56 1917 239 1967 nomine,
278 1919 356 1957 141
393 1916 446 1958 ad
480 1915 695 1958 Canisium
730 1916 858 1958 datae
891 1920 1005 1959 sunt.

175 1982 244 2023 Ex
288 1983 370 2023 193
412 1981 497 2023 illis
538 1981 736 2035 epistulis
778 1981 850 2033 (de
890 1981 1077 2035 regestis
1118 1981 1187 2025 hic
1229 1982 1334 2024 nihil
1376 1983 1488 2036 dico)
1531 1988 1668 2035 erant,
1713 1984 1824 2038 quod

57 2046 254 2100 equidem
286 2046 437 2097 norim,

584 2106 773 2148 nondum
805 2106 923 2161 typis
956 2107 1163 2160 vulgatae
1199 2109 1295 2158 125,

582 2171 754 2225 integre
786 2172 996 2225 vulgatae
1229 2174 1297 2224 28,

584 2250 640 2279 ex
673 2239 799 2291 parte
832 2237 1040 2291 vulgatae
1226 2241 1297 2282 40.

178 2318 473 2373 Epistularum
499 2320 733 2362 earundem
756 2322 858 2363 sunt
885 2321 966 2362 170
988 2320 1166 2372 latinae,
1202 2323 1253 2363 12
1277 2321 1565 2375 germanicae,
1592 2323 1614 2365 7
1639 2323 1824 2373 italicae,

60 2386 86 2426 2
119 2384 435 2436 neerlandicae‚
471 2387 495 2427 2
528 2385 728 2439 gallicae.

176 2455 396 2499 Numerus
447 2459 846 2509 monumentorum,
905 2457 1258 2508 adnotationum,
1313 2459 1719 2502 commentariorum
1773 2474 1828 2502 ex

58 2520 265 2572 fontibus,
300 2521 413 2576 quod
445 2522 593 2573 sciam,
626 2523 815 2565 nondum
850 2523 1043 2578 vulgatis
1076 2523 1391 2578 exscriptorum
1425 2528 1493 2568 est
1524 2525 1616 2567 fere
1649 2526 1748 2569 980.

177 2604 231 2647 ΙΙ.
264 2604 333 2647 'Et
364 2603 524 2646 Canisii
565 2604 792 2659 epistulae,
835 2608 880 2648 et
921 2619 1012 2657 eae,
1055 2619 1166 2659 quae
1205 2605 1261 2649 ad
1293 2606 1510 2649 Canisium
1551 2607 1681 2650 datae
1713 2611 1827 2659 sunt,

62 2671 278 2724 ponentur
311 2683 472 2721 omnes,
516 2674 728 2724 quotquot
762 2674 953 2722 exstant,
997 2684 1160 2725 eaeque
1201 2672 1412 2726 integrae,
1454 2686 1509 2715 ne
1540 2687 1625 2715 uno
1658 2673 1829 2727 quidem

59 2734 273 2777 vocabulo
307 2735 480 2778 omisso.
534 2735 734 2778 Ceterum
767 2735 907 2778 editor
940 2749 1034 2778 eam
1069 2740 1277 2790 sequetur
1309 2737 1506 2779 edendi
1540 2739 1827 2789 rationem,

61 2814 173 2854 quae
204 2799 248 2841 in
282 2800 502 2855 prooemio
536 2801 766 2843 voluminis
799 2800 937 2855 quinti
971 2803 1159 2854 (Canisii
1189 2803 1417 2857 Epistulae
1440 2803 1477 2845 V
1503 2803 1579 2857 xv)
1612 2804 1830 2859 descripta

61 2867 151 2911 est:
186 2867 396 2916 attamen,
430 2880 525 2908 cum
559 2866 732 2908 omnino
766 2869 950 2917 constet,
985 2866 1065 2909 hoc
1088 2881 1195 2922 opus
1219 2871 1316 2910 octo
1339 2868 1641 2920 voluminibus,
1677 2869 1829 2923 quibus

61 2944 218 2972 nonum
264 2944 341 2985 pro
386 2931 687 2986 supplemento
722 2931 940 2982 addatur,
987 2932 1298 2975 absolvendum
1345 2947 1461 2984 esse,
1507 2934 1587 2976 hoc
1629 2936 1830 2977 volumen

61 3009 286 3037 numerum
320 3009 530 3038 annorum
564 2996 694 3051 duplo
726 2996 948 3047 maiorem,
991 3011 1118 3050 quam
1153 2998 1354 3040 volumen
1388 3001 1575 3050 sextum,
1616 3000 1829 3054 complec-

61 3062 183 3102 tatur
215 3063 402 3115 oportet.
466 3062 704 3116 Propterea

181 3135 216 3178 a)
246 3134 371 3178 Multa,
399 3147 491 3180 quae
516 3148 620 3177 nova,
648 3136 807 3182 pulchra,
835 3137 1039 3181 cognitione
1057 3137 1165 3181 digna
1183 3149 1298 3183 neque
1324 3142 1444 3173 tamen
1463 3139 1507 3173 ad
1525 3139 1700 3185 epistulas
1723 3138 1832 3174 hasce

63 3186 297 3223 illustrandas
323 3189 411 3223 adeo
436 3190 641 3224 necessaria
666 3192 760 3231 sunt,
788 3191 1009 3225 omittentur.

134 3252 445 3286 Braunsbergen
465 3253 577 3280 Canisii
596 3253 753 3288 Epistulae
772 3255 804 3281 et
823 3254 909 3281 Acta.
939 3254 1003 3281 Vn.
1527 3251 1547 3286 b
