2051 3433
183 200 234 222 Lu
656 184 717 218 III.
745 182 903 217 Tabulae
930 182 1201 226 chronologicae
1229 182 1324 215 vitae
1353 180 1486 214 Canisii

235 303 324 338 1576
569 322 590 324 —
758 299 953 343 ¹„S'11mma
989 301 1172 333 doctrinae
1209 296 1446 334 christlmzae“
1479 299 1588 330 latine
1625 299 1749 331 iterum
1781 298 1955 332 Coloniae,

759 395 760 399 Ἰ
840 354 1022 396 hispanice
1052 353 1229 395 Complecle'
1255 354 1373 384 editur
1402 351 1487 387 (730
1513 352 1612 394 751).

235 410 326 444 1576
552 423 589 426 Ἀ
759 408 1047 464 (vltzstz'tutiones
1073 411 1102 439 et
1129 409 1400 439 effert-ilamenta
1429 405 1648 438 christianae
1675 404 1841 448 pietati.s-“
1870 407 1954 438 Ant-

839 463 980 502 verpt'ae
1008 462 1132 493 ilerum
1161 461 1317 492 almum·
1344 458 1444 500 (752)

235 515 326 550 1576
377 514 379 551 l
551 529 589 532 ᾔ
782 514 1022 547 Cateclze'smccs
1038 524 1173 555 parcus
1190 513 1298 545 latine
1314 514 1539 555 Antwrpiae,
1559 512 1759 554 Cracorz'ae,
1779 512 1956 555 Dilinyae,

838 567 965 609 yallt'ce
991 567 1206 609 Anlverpt'ae
1233 567 1351 598 editur
1378 566 1491 607 (751).

236 621 324 655 1572
378 618 379 623 ’
550 635 593 640 -
760 606 761 645 i
782 619 819 653 C.
844 619 1043 663 Oeniponte
1064 619 1106 652 ad
1126 618 1248 652 Socios
1275 617 1417 661 collegii
1444 618 1645 662 complures
1670 617 1957 659 „exhortationes

201 674 244 709 ad
270 667 379 711 1580l
841 672 1075 706 domesticas⁸⁴
1108 671 1167 714 (de
1195 671 1331 714 regulis
1358 671 1443 713 etc.)
1470 670 1578 704 habet
1607 670 1719 711 (606).

236 728 327 762 1576
378 733 379 774 l
445 724 519 757 Ian·
541 723 702 757 ll--l9·
761 728 762 734 ¹
781 725 980 766 Oeniponte
1008 725 1278 768 congregationi
1299 724 1508 769 provinciali
1531 723 1754 768 (provinciae
1773 723 1806 757 S.
1820 724 1852 758 J.
1872 723 1956 758 Ger-

378 779 379 816 ]
761 776 762 788 ³
843 779 982 812 maniae
1009 778 1225 822 Superioris)
1254 778 1405 812 interest
1435 778 1549 821 (757).

236 834 326 869 1576
378 832 379 847 ³
494 831 566 864 Ian·
593 829 647 863 12·
782 833 850 866 PP.
872 831 1012 866 Natalis
1039 836 1074 865 et
1102 832 1139 866 C.
1167 831 1384 875 deliguntur,
1412 834 1451 865 ut
1478 843 1558 865 cum
1584 831 1622 865 P.
1643 831 1790 865 Hoffaeo
1815 831 1957 876 provin-

378 905 379 916 i
842 886 923 920 ciali
938 885 1104 929 seligant,
1118 896 1209 929 quae
1225 886 1494 928 congregationi
1508 884 1719 929 provinciali
1731 884 1960 929 proponenda

841 940 924 980 sint,
952 951 1044 983 quae
1069 938 1249 972 reicienda
1274 938 1385 981 (757),

237 994 328 1028 1576
409 990 514 1025 Circa
533 989 610 1023 init.
630 988 731 1022 Febr.
782 992 820 1027 C.
849 1004 929 1027 cum
956 993 1086 1027 comite
1114 992 1210 1026 Hier.
1240 992 1282 1026 de
1310 992 1431 1026 Por-tia
1459 992 1570 1025 Roma
1599 991 1826 1026 Monachium
1853 993 1958 1024 eunte

843 1047 878 1080 in
905 1046 1056 1089 collegio
1084 1046 1235 1089 prandet
1261 1057 1424 1089 eumque,
1452 1047 1543 1079 utin
1569 1056 1678 1079 causa
1696 1044 1840 1079 Ernesti
1865 1044 1958 1089 prin-

842 1100 932 1145 cipis
959 1104 995 1134 et
1021 1099 1060 1134 P.
1079 1099 1197 1133 Toleti
1224 1099 1391 1133 societati
1421 1103 1556 1143 parcat,
1584 1102 1688 1142 rogat
1716 1098 1830 1142 (315).

239 1154 328 1189 1576
378 1149 380 1158 ⁴
495 1150 594 1184 Febr·
616 1149 648 1183 2-
783 1153 848 1188 Die
874 1153 1142 1188 Purificationis
1173 1154 1208 1187 Β.
1234 1153 1282 1187 M.
1310 1152 1351 1186 V.
1380 1153 1421 1186 de
1458 1153 1683 1186 caerimoniis
1719 1152 1788 1186 diei
1824 1153 1860 1186 et
1897 1151 1957 1193 (ex

454 1203 511 1247 (ut
537 1203 695 1245 Videtur)
842 1208 919 1241 eius
946 1206 1093 1250 evang.)
1123 1207 1165 1240 de
1192 1207 1317 1241 diebus
1344 1206 1448 1240 festis
1482 1212 1579 1240 recte
1605 1206 1754 1250 agendis
1781 1205 1958 1240 contiona-

237 1314 328 1348 1576
482 1309 583 1343 Febr.
604 1310 660 1343 25.
762 1299 764 1319 ²
783 1264 900 1348 Dietlg.
921 1261 1096 1348 Ιξῇιὸὲῗζίειθ
1116 1315 1181 1359 Ap.
1202 1326 1330 1357 evang.
1351 1314 1419 1347 diei
1439 1326 1457 1347 e
1476 1325 1578 1348 sacro
1598 1317 1775 1357 suggestu
1802 1312 1959 1358 explicat

455 1363 510 1406 (ut
537 1363 694 1405 videtur)
844 1368 958 1411 (759),

239 1426 328 1462 1576
517 1422 633 1468 Apl'lli
762 1429 969 1471 4Βοριιίπῑιε
990 1430 1177 1471 professor
1203 1428 1494 1470 heidelberyen.01'3
1521 1429 1557 1460 in
1585 1428 1676 1461 libro
1703 1431 1827 1461 contra
1847 1426 1959 1460 Socie-

842 1487 945 1514 tatem
974 1483 1064 1515 edito
1094 1483 1129 1515 C.
1159 1482 1401 1514 eatecleismmn
1431 1482 1675 1514 calumniatur
1703 1479 1817 1523 (753).

238 1539 328 1574 1576
506 1538 591 1580 Apl'·
611 1536 642 1570 6·
763 1542 821 1580 G
849 1541 891 1573 ad
921 1540 1040 1574 Socios
1077 1540 1364 1574 exhortationem
1400 1540 1509 1575 habet
1535 1540 1578 1574 de
1609 1539 1762 1574 iubilaeo
1788 1539 1958 1574 Societati

456 1593 511 1632 (ut
537 1590 695 1632 videtur)
842 1606 862 1628 a
890 1594 1056 1638 pontifice
1083 1606 1252 1629 concesso
1282 1594 1395 1638 (607).

239 1652 330 1687 1576
491 1649 653 1694 ΑΡ1’.2Ο.
782 1654 848 1688 Die
888 1655 1110 1698 parasceves
1149 1655 1191 1689 de
1234 1654 1401 1699 passione
1440 1654 1572 1689 Christi
1617 1653 1814 1688 orationem
1852 1652 1959 1687 habet

457 1703 512 1745 (ut
539 1702 696 1746 videtur)
846 1709 960 1752 (759).

239 1764 330 1799 1576
497 1762 658 1807 AP1'·23·
764 1769 821 1803 *R
849 1768 893 1803 II.
921 1769 1110 1803 Paschatis
1138 1769 1180 1802 de
1208 1768 1341 1803 Christi
1378 1771 1414 1802 et
1439 1767 1595 1802 omnium
1626 1767 1808 1801 hominum
1843 1778 1959 1801 resur·

456 1817 513 1860 (¹1¹³
539 1816 697 1860 Videtur)
765 1854 766 1872 3
844 1822 1001 1856 rectione
1028 1823 1253 1856 contionatur
1281 1822 1394 1865 (759).

225 1880 338 1921 1576
474 1878 578 1932 Apr·
606 1879 673 1919 25-
764 1876 1024 1937 *Gregorius
1056 1883 1171 1925 XIII.
1216 1883 1336 1925 iubet
1378 1884 1420 1925 C.
1456 1882 1665 1925 cardinali
1696 1882 1875 1929 Morono
1916 1880 1959 1922 in

846 1949 1031 1991 comitiis
1062 1949 1229 2003 imperii
1253 1948 1624 1992 ratisbonensibus
1646 1948 1799 1990 adesse
1823 1945 1958 2000 (337).

240 2013 331 2048 1576
507 2013 593 2047 Maii
622 2013 652 2047 l·
786 2018 852 2052 Die
880 2017 941 2052 SS.
961 2018 1119 2064 Philippi
1147 2022 1183 2052 et
1211 2018 1328 2054 Iacobi
1355 2020 1445 2064 App.
1475 2018 1511 2052 C.
1540 2018 1766 2053 contionatur
1794 2017 1909 2061 (760).

459 2066 514 2109 (ut
539 2065 699 2109 videtur)

241 2126 331 2161 1576
438 2127 524 2161 Maii
551 2125 716 2161 2l·-26·
788 2132 988 2167 Cardinalis
1024 2133 1175 2166 loannes
1202 2132 1382 2173 Moronus,
1420 2133 1531 2166 Roma
1568 2132 1801 2166 Ratisbonam
1835 2141 1962 2165 versus

848 2187 1040 2231 profectus,
1068 2185 1268 2231 Oeniponte
1286 2186 1462 2227 subsistit,
1490 2197 1568 2220 cum
1590 2185 1628 2220 C.
1647 2185 1795 2220 consilia
1813 2184 1962 2225 confert,

848 2240 998 2273 eundem
1024 2240 1093 2274 sibi
1121 2240 1247 2283 deligit
1277 2241 1533 2274 confessarium
1564 2239 1648 2282 (345
1675 2239 1773 2281 346).

229 2295 340 2336 1576
475 2293 579 2336 Maii
614 2296 682 2337 25·
788 2302 1029 2344 Cardinalis
1062 2302 1268 2344 Moronus
1302 2301 1546 2355 Oeniponte
1575 2301 1616 2343 C.
1652 2315 1783 2343 suasu
1816 2299 1962 2342 Ferdi-

849 2368 1038 2410 nandum
1061 2367 1115 2410 ΙΙ.
1141 2367 1414 2409 archiducem
1449 2370 1577 2419 urget
1609 2367 1660 2408 ad
1692 2366 1961 2408 nobilitatem

849 2433 1068 2475 suebicam
1101 2433 1144 2474 in
1176 2433 1260 2475 fide
1294 2433 1651 2482 conservandam,
1685 2431 1962 2474 seminarium

850 2499 1134 2550 condendum,
1179 2499 1510 2541 universitatem
1550 2498 1865 2552 friburgensem
1898 2496 1963 2538 in-

850 2565 1155 2615 staurandam,
1199 2564 1423 2618 episcopos
1465 2566 1510 2605 et
1551 2563 1698 2606 Socios
1739 2561 1961 2611 fovendos,

851 2630 970 2671 litem
1014 2629 1295 2672 tridentinam
1336 2629 1672 2683 componendam
1708 2631 1790 2671 etc.
1826 2627 1962 2680 (344).

246 2688 336 2723 1576
448 2689 551 2724 Circa
578 2690 716 2723 eXltum
792 2700 829 2734 C.
856 2698 1027 2744 Dilingae
1053 2700 1289 2733 necessitates
1316 2698 1457 2743 collegii
1484 2701 1519 2732 et
1538 2709 1684 2732 causam
1712 2698 1787 2740 5⁰s0
1813 2696 1964 2741 penden-

424 2742 516 2776 Iunli
544 2743 641 2788 (post
666 2743 738 2787 21·)
850 2753 974 2787 dorum
1010 2753 1201 2797 diligenter
1236 2753 1430 2795 cognoscit,
1467 2755 1506 2785 ut
1541 2763 1583 2785 ea
1618 2750 1790 2785 cardinali
1817 2751 1964 2784 Mor-ono

851 2806 1033 2851 explicare.
1061 2806 1174 2851 possit
1202 2805 1315 2849 (346).

248 2854 338 2889 1576
425 2854 497 2913 311Ῐῖ
524 2854 740 2889 ineunt-1¹¹¹·
793 2865 880 2899 Cum
908 2866 1003 2900 socio
1030 2864 1266 2900 Ratisbonam
1292 2865 1439 2899 advenit
1469 2863 1581 2908 (351).

449 2908 561 2951 (circa
580 2908 611 2941 2.
631 2907 711 2951 Iul.)

250 2965 339 3000 1576
477 2966 690 3012 lul.-Sept.
793 2966 880 3001 Cum
901 2966 970 3000 PP.
991 2967 1146 3001 Antonio
1165 2969 1200 2999 et
1218 2965 1441 3000 Avellaneda
1469 2976 1660 3008 eorumque
1683 2964 1790 2998 sociis
1809 2963 1844 2997 in
1863 2963 1964 2997 domo

853 3020 1027 3064 capellani
1055 3019 1212 3064 episcopi
1239 3018 1498 3052 ratisbonensis
1525 3018 1672 3052 habitat.
1725 3017 1860 3052 Multas
1887 3028 1964 3051 con-

852 3074 1028 3107 fessiones
1063 3072 1259 3106 aulicorum
1286 3075 1354 3105 etc.
1381 3071 1526 3116 excipit.
1578 3071 1630 3105 De
1656 3073 1872 3116 tempestate
1896 3069 1964 3104 ful-

854 3126 953 3161 densi
980 3126 1136 3160 sedanda
1167 3125 1253 3168 agit.
1300 3124 1500 3158 Cardinalis
1526 3124 1695 3158 Moronus
1721 3125 1752 3158 ei
1779 3123 1963 3169 pecuniam

855 3179 963 3213 donat
988 3182 1023 3212 et
1050 3190 1106 3212 res
1133 3177 1354 3212 necessarias
1381 3178 1553 3222 prospicit
1580 3177 1661 3221 (351
1691 3178 1759 3212 352
1787 3177 1884 3221 370).
