2062 3443
60 189 164 224 2001.
181 188 223 222 lo.
238 187 455 222 Benedictus
469 198 578 231 eques
591 186 676 222 Can.
696 186 796 221 Febr.
812 186 914 220 1578.
945 185 1310 221 ‘2002Mercu1-ianus
1324 186 1408 219 Can.
1428 186 1482 221 20.
1498 185 1597 220 Febr.
1612 186 1712 219 1578.
1745 188 1828 228 437

59 304 227 348 pontifice
253 315 286 338 a.
315 303 405 338 1573
432 303 499 348 ipsi
527 314 699 338 concessa
737 303 795 345 (de
823 314 893 347 qua
920 314 953 336 v.
973 302 1076 343 infra,
1114 313 1268 336 monum.
1309 303 1413 345 1138)
1444 302 1651 336 facultatem
1690 301 1830 344 legendi

61 357 171 391 libros
197 356 399 391 haereticos
426 363 462 390 et
488 356 696 391 absolvendi
724 357 767 390 ab
795 356 934 390 haeresi
962 359 998 389 et
1025 366 1045 389 a
1081 355 1234 389 lectione
1270 356 1440 389 libiorum
1469 355 1727 400 prohibitorum
1764 355 1831 389 sibi

60 410 234 444 tribueret
261 409 323 454 (ex
350 412 502 453 autogr„
530 410 649 444 Germ.
674 409 739 444 138
767 411 789 443 f.
813 410 923 452 120³).
975 409 1029 443 Ad
1057 408 1146 443 haec
1173 408 1479 442 *Jlerem-iamis.·
1525 408 1720 451 „Permitto
1757 419 1831 441 rem

58 467 170 498 totam
209 463 339 498 iudicio
378 463 416 497 P.
439 463 535 497 Petri
563 463 697 508 Canisij
734 466 769 497 et
806 463 953 496 duorum
992 462 1142 496 aliorum
1180 466 1322 507 patrum
1359 463 1511 496 alicuius
1547 462 1754 496 autoritatis
1791 472 1833 495 ac

58 517 269 562 prudentiae
295 516 356 560 qui
384 528 444 550 eos
471 516 560 550 bene
586 518 737 550 noscant
773 519 808 550 et
843 516 872 550 si
910 527 979 549 una
1015 527 1096 550 cum
1124 516 1340 549 Reuerentia
1367 515 1410 550 V.
1430 516 1622 550 iudicarint
1662 527 1742 549 esse
1769 525 1832 548 eos

57 570 150 604 tales
176 573 216 604 ut
242 570 293 603 eis
320 572 399 604 tuto
425 569 510 604 talis
538 570 694 604 facultas
721 570 866 604 concedi
895 570 1040 614 possm,
1078 580 1156 603 eam
1184 570 1425 603 concedimus.
1477 569 1681 604 Curandum
1710 571 1831 601 tamen

58 626 123 663 est,
155 635 218 666 „ne
244 622 346 657 nobis
374 623 494 668 plures
526 623 667 657 molesti
694 623 768 657 sint
794 623 828 657 in
857 623 1029 656 eiusmodi
1058 634 1095 656 re
1131 634 1236 666 quam
1265 635 1333 656 non
1361 623 1428 656 nisi
1465 634 1545 656 cum
1572 633 1712 657 summa
1739 621 1831 655 diffi-

57 677 205 717 cultate,
232 688 274 710 ac
301 675 405 710 ualde
432 676 536 710 inuiti
564 688 706 721 semper
732 676 970 710 concedimus,
1007 676 1118 710 lmmo
1146 677 1253 709 etiam
1283 676 1452 710 monitam
1480 675 1560 709 uolo
1582 675 1831 709 Reuerentiam

56 729 99 764 V.
119 732 158 764 ut
186 730 221 763 in
248 732 431 774 posterum
459 741 538 763 cum
574 730 623 763 illi
651 730 785 774 aliquid
813 729 985 763 eiusmodi
1006 729 1195 774 petendum
1216 729 1294 770 erit,
1322 729 1415 773 quod
1443 729 1548 763 uelim
1578 732 1613 762 et
1639 728 1832 768 rarissime,

57 786 93 817 et
127 783 265 817 nonnisi
304 783 445 826 magnis
482 783 696 827 quibusdam
735 783 777 817 de
817 783 956 817 caussis
995 783 1116 821 faciat,
1151 783 1287 816 scribat
1322 782 1428 816 simul
1464 783 1507 816 ad
1544 794 1608 816 nos
1647 782 1751 826 plane
1790 792 1832 815 ac

55 836 269 880 singillatim
310 837 387 870 eius
426 836 580 871 hominis
629 838 684 871 cui
726 837 823 871 illam
863 837 1075 871 facultatem
1116 836 1224 881 petit,
1277 836 1497 870 conditiones
1536 836 1682 880 perinde
1720 846 1762 869 ac
1800 835 1830 868 si

56 890 225 924 Pontifex
260 891 336 934 ipse
373 901 416 924 ea
451 890 494 924 de
530 902 566 924 re
605 890 847 924 minutissime
883 890 1085 924 edocendus
1113 892 1219 929 esset,
1258 890 1290 923 id
1317 892 1382 930 est,
1420 889 1480 934 qui
1507 890 1590 930 sint,
1618 900 1688 933 qua
1715 888 1830 923 erudi-

55 943 164 983 tione,
191 954 261 988 qua
288 943 478 988 probitatis
505 943 680 988 opinione,
709 946 880 988 quantum
909 956 1038 988 operae
1064 943 1196 988 studijs
1215 942 1433 986 Theologiae
1459 943 1623 977 dederint
1650 945 1685 976 et
1712 945 1831 976 cetera

59 995 275 1038 huiusmodi,
302 1008 385 1031 nam
412 996 546 1041 alioqui
572 998 607 1031 in
635 1009 672 1030 re
698 997 789 1031 tanti
816 997 998 1038 momenti,
1035 1000 1071 1031 et
1107 1009 1198 1041 quae
1224 1000 1369 1031 nostrae
1396 997 1478 1030 fidei
1505 1008 1546 1030 ac
1582 996 1712 1030 iudicio
1739 1007 1831 1029 com-

56 1049 166 1084 missa
201 1055 256 1084 est
290 1051 352 1083 uix
389 1062 579 1095 possumus
615 1052 855 1085 conscientiae
883 1053 1026 1085 nostrae
1053 1051 1286 1085 satisfacere*
1330 1051 1392 1094 (ex
1429 1062 1566 1090 comm.y
1607 1049 1673 1084 Rb.
1704 1049 1769 1083 Inf.
1802 1050 1831 1089 1,

56 1103 87 1137 II
115 1103 139 1137 f.
169 1104 259 1145 19¹1).

175 1155 266 1198 Quid
293 1157 336 1191 de
366 1156 515 1202 „Operis
543 1157 715 1191 Mariani“
746 1158 910 1203 exemplo
937 1157 1008 1198 illo,
1044 1157 1136 1202 quod
1166 1157 1332 1191 Canisius
1359 1157 1584 1192 Mercuriano
1620 1157 1687 1201 ipsi
1725 1155 1831 1190 desti-

55 1215 216 1252 naverat,
256 1211 390 1244 factum
428 1211 486 1252 sit,
523 1211 753 1254 cognoscitur
791 1224 836 1245 ex
871 1211 1002 1245 litteris
1035 1223 1056 1245 a
1091 1213 1325 1245 „llere-ariano
1357 1211 1468 1244 Roma
1507 1209 1712 1255 ll.Aprilis
1743 1208 1831 1243 1578

54 1263 241 1308 Neapolim
270 1263 314 1297 ad
344 1264 381 1298 P.
401 1263 625 1308 Alphonsum
652 1264 895 1299 Salmeronem
932 1263 966 1298 S.
987 1265 1021 1299 J.
1057 1266 1188 1299 missis.
1233 1265 1289 1307 „Jl
1315 1265 1439 1305 libro'‘,
1475 1264 1598 1299 scribit
1635 1263 1705 1304 ille,
1747 1262 1832 1304 „che

55 1316 97 1351 V.
127 1317 167 1352 R.
196 1317 364 1351 dimanda
402 1317 459 1351 del
498 1318 615 1351 Padre
651 1318 795 1352 Canisio
831 1330 900 1352 non
935 1318 1124 1353 habbiarno
1158 1318 1292 1352 hauuto
1327 1319 1388 1363 piu
1415 1318 1480 1352 che
1516 1318 1584 1351 duo
1620 1316 1831 1361 essemplari

56 1370 77 1404 l'
99 1382 168 1404 uno
195 1370 248 1404 de’
269 1371 366 1415 quali
393 1371 423 1405 si
450 1371 552 1405 diede
579 1371 612 1405 al
640 1372 739 1416 Papa
766 1372 948 1406 conforme
975 1371 1008 1406 al
1036 1372 1204 1406 disiderio
1231 1371 1266 1405 di
1285 1372 1383 1405 detto
1411 1371 1537 1411 Padi-e,
1564 1371 1584 1404 l'
1606 1371 1697 1404 altro
1716 1370 1832 1404 hauea

55 1423 224 1458 mandato
251 1435 314 1468 per
339 1435 406 1466 me,
433 1427 470 1458 et
495 1423 607 1458 molto
633 1425 822 1459 uolentieri
855 1437 912 1459 me
947 1437 991 1460 ne
1017 1425 1120 1470 priuo
1147 1437 1210 1470 per
1236 1425 1420 1459 mandarlo
1448 1427 1467 1458 a
1495 1424 1536 1459 V.
1558 1424 1598 1459 R.
1624 1423 1688 1458 che
1715 1435 1759 1457 ne
1786 1421 1832 1456 ha

54 1480 155 1511 tauto
181 1477 361 1519 disiderio,
390 1480 426 1511 et
451 1477 517 1512 che
544 1478 649 1512 credo
676 1481 774 1512 certo
801 1478 866 1513 che
893 1480 924 1513 si
951 1479 1136 1514 consoler-'a
1162 1479 1258 1513 assai
1285 1490 1351 1513 con
1379 1478 1497 1522 quello
1524 1477 1713 1512 cornelian
1740 1477 1832 1510 fatto

58 1542 147 1565 anco
173 1531 258 1565 tutti
287 1531 407 1575 questi
433 1530 542 1565 Padri
568 1531 634 1565 che
661 1532 694 1566 lo
721 1532 791 1566 han
818 1532 919 1567 letto.
970 1532 1081 1567 Forse
1107 1532 1173 1567 che
1200 1533 1299 1566 detto
1327 1532 1443 1566 Padre
1471 1543 1513 1565 ne
1540 1531 1712 1565 mandera
1737 1529 1832 1574 degli

63 1584 166 1619 altri:
202 1587 288 1629 pero
324 1585 379 1618 fra
406 1586 506 1619 tanto
534 1585 576 1618 V.
607 1585 647 1620 R.
667 1586 697 1619 si
725 1586 817 1629 goda
844 1586 1104 1629 allegramente
1131 1587 1279 1630 questo“
1314 1585 1374 1628 (ex
1409 1597 1532 1630 apogr.
1560 1585 1672 1619 ejusd.
1701 1586 1831 1628 temp.;

54 1636 165 1683 Neap.
179 1637 200 1671 2
220 1638 243 1671 f.
263 1638 448 1678 17b—18³;
469 1639 590 1680 etiam,
609 1650 654 1672 ex
669 1639 745 1673 eod.
765 1650 899 1683 apogr.,
921 1641 954 1672 in
974 1639 1165 1684 „Epistolis
1184 1639 1218 1673 P.
1233 1640 1411 1682 Alphonsi
1426 1639 1666 1672 Salnzeroni.>¹“
1688 1637 1716 1671 ll
1734 1636 1831 1679 681).

178 1696 344 1732 Canisius
371 1697 598 1732 Mercuriano
624 1699 809 1743 respondit
839 1699 892 1733 12.
913 1699 1048 1744 Aprilis
1077 1699 1178 1733 1578.

56 1801 213 1838 2001.
314 1802 615 1839 IOANNES
642 1803 1084 1840 BENEDICTUS
1113 1816 1224 1849 eques
1250 1805 1479 1839 ferrariensis
1507 1803 1708 1838 CANISIO.

1125 1864 1291 1898 Ferraria
1311 1864 1363 1908 (5²)
1391 1876 1437 1898 m.
1456 1864 1652 1898 Februario
1681 1863 1783 1898 1578.

175 1936 311 1990 Royat
345 1951 448 1989 eum,
492 1942 537 1977 ut
577 1938 730 1979 librum
765 1937 1139 1993 (philosophicum)
1181 1952 1207 1978 α
1249 1951 1290 1979 se
1333 1938 1600 1992 compositum
1637 1937 1835 1991 inspiciat

54 2005 91 2042 et
113 2000 207 2053 sibi,
241 2002 346 2056 quid
380 2003 432 2044 cle
454 2017 498 2043 eo
520 2004 686 2056 sentiat,
721 2005 899 2058 aperiat.
946 2004 1085 2045 Plura
1109 2005 1202 2044 vide
1227 2005 1268 2044 in
1293 2005 1473 2057 epistula
1506 2005 1576 2044 5252.
1603 2002 1835 2043 Februarii

19 2104 24 2108 .
55 2067 170 2107 1578
203 2081 229 2107 α
262 2067 539 2109 Mercuriano
566 2071 810 2123 praeposito
840 2071 1033 2123 qenerali
1065 2070 1124 2110 ad
1159 2069 1379 2110 Csmz'sinm
1415 2069 1530 2110 (lata.

53 2179 219 2216 2002.
296 2181 719 2234 ljlx'ERARDI'S
747 2182 1157 2220 MERCI'RIAN
1168 2183 1245 2219 [S
1269 2184 1499 2228 praepositus
1517 2182 1698 2227 generalis
1717 2182 1833 2217 Socie-

244 2236 332 2269 tatis
361 2235 441 2270 Iesu
471 2235 675 2271 CANISIO.
1251 2237 1365 2271 Roma
1391 2237 1447 2272 20.
1469 2237 1653 2271 Februarii
1684 2236 1784 2271 1578.

173 2299 227 2334 Ex
263 2300 540 2341 commutarim
578 2300 613 2334 in
650 2301 832 2344 margine,
869 2302 993 2335 eadem
1030 2313 1156 2336 manu:
1199 2303 1407 2345 „Augustae
1443 2302 1483 2336 P.
1512 2302 1619 2336 Petro
1654 2301 1830 2335 Canisio.⁴

51 2351 208 2387 Rh.1nf.
230 2353 259 2394 1,
288 2353 321 2387 11
348 2353 372 2387 f.
397 2353 468 2389 19¹³.
512 2353 661 2388 Litteris
688 2354 744 2389 usi
771 2356 857 2388 sunt
884 2356 1095 2397 Saccln‘nzss,
1124 2355 1208 2390 Can.
1237 2356 1446 2397 293-294;
1474 2356 1602 2399 Rom-o,
1630 2355 1716 2389 Can.
1744 2354 1833 2394 363;

51 2406 190 2450 Me'chel,
219 2405 305 2441 Can.
333 2407 414 2441 373.

175 2466 271 2509 Opus
288 2468 503 2500 Marianum
527 2467 679 2500 allatum
702 2468 876 2510 pontifici.
916 2468 1087 2502 Cani-sius
1115 2470 1184 2501 iam
1205 2480 1242 2501 eo
1259 2469 1441 2502 scribendi
1466 2469 1584 2511 officio
1603 2469 1702 2501 liber.
1742 2468 1836 2509 Quid

53 2520 85 2551 ei
111 2520 286 2562 ayendum
311 2521 367 2553 sit.
415 2521 517 2553 Γανίί
541 2521 638 2554 libri.
682 2522 902 2555 Posset-inus.

172 2590 277 2632 Cum
320 2591 404 2633 iam
448 2592 503 2633 ad
545 2592 768 2634 Summum
810 2593 1095 2636 Pontificem¹
1137 2607 1331 2635 essemus
1377 2593 1537 2636 adituri
1578 2596 1627 2635 ut
1668 2592 1706 2634 ei
1749 2592 1835 2634 Re-

51 2655 276 2698 uerentiae
319 2657 370 2699 V.
405 2657 649 2699 Marianum
694 2659 970 2709 offerremus,
1018 2662 1261 2713 opportune
1305 2659 1428 2700 nobis
1471 2659 1634 2701 allatae
1676 2661 1777 2700 sunt
1810 2671 1836 2698 a

50 2719 319 2763 Reuerentia
351 2722 405 2765 V.
439 2722 617 2765 litterae
659 2722 790 2765 datae
825 2725 892 2767 24.
917 2724 1017 2767 Jan.
1057 2724 1101 2765 in
1140 2724 1316 2777 quibus³
1357 2723 1599 2766 rationibus
1631 2723 1835 2776 utrinque

51 2785 197 2828 allatis
228 2788 370 2829 totum
404 2801 528 2829 suum
553 2787 629 2830 deb
661 2788 888 2831 scribendo
922 2789 1146 2831 consilium
1180 2803 1364 2843 syncere
1387 2789 1625 2843 aperiebat.
1672 2788 1835 2841 Jtaque

50 2864 144 2892 cum
188 2851 345 2893 librum
389 2853 444 2894 ad
483 2859 601 2895 eume
634 2853 953 2904 detulissemus,
997 2854 1069 2908 qui
1111 2868 1158 2896 se
1196 2868 1246 2896 eo
1280 2854 1535 2896 admodumd
1568 2854 1834 2896 delectatum

50 2929 146 2957 esse
180 2917 404 2967 ostendite,
440 2918 591 2959 eadem
625 2919 852 2961 occasione
886 2919 1180 2972 quaesiuimus
1214 2933 1325 2972 quae
1359 2922 1476 2962 esset
1499 2920 1591 2961 eius
1614 2919 1838 2963 uoluntasf

169 3009 198 3040 a)
221 3009 347 3033 serrari
366 3017 403 3033 ex
423 3015 492 3041 qua,
512 3010 586 3041 quod
609 3013 650 3034 est
670 3010 701 3035 in
722 3018 820 3036 comm.
877 3010 908 3040 b)
929 3013 989 3037 Hoc
1011 3019 1033 3036 r.
1053 3020 1146 3043 supra
1169 3020 1281 3035 rer-snm
1303 3013 1445 3044 scriptmn
1467 3015 1517 3037 est.
1574 3017 1601 3039 e)
1623 3011 1669 3036 Sic
1692 3011 1719 3035 ῐη
1735 3017 1834 3035 camm-

48 3053 210 3074 correctum
231 3053 272 3074 est
292 3057 328 3074 ea:
348 3048 376 3076 S.
396 3049 586 3075 Pontificem.
660 3050 690 3081 d)
713 3052 773 3076 Hoc
793 3060 817 3077 v.
837 3060 931 3084 supra
954 3061 1067 3077 versum
1088 3053 1229 3083 scriptum
1251 3056 1301 3077 est.
1385 3054 1413 3082 e)
1437 3054 1577 3085 Sequitur
1597 3052 1724 3085 egimus,
1744 3051 1834 3075 oblitt-

49 3092 73 3122 f)
94 3092 142 3116 Sic
161 3099 235 3116 corr.
250 3094 292 3116 est
312 3099 348 3116 ez
368 3091 578 3124 quaesiuimus
598 3091 664 3118 eius
684 3092 894 3124 uoluntatenb·
914 3096 928 3118 -1
948 3102 989 3118 1¹1¹.
1004 3102 1062 3125 sqq.
1083 3102 1175 3125 supra
1199 3102 1313 3118 versum
1333 3095 1447 3126 scripta
1467 3097 1545 3119 sunt.

172 3186 183 3206 ¹
210 3165 432 3229 Gregorium
452 3186 549 3221 XIII.
