2062 3443
94 184 195 220 1941.
222 183 262 218 Ρ.
281 183 460 218 Henricus
475 182 684 218 Winsenius
701 181 844 217 nomine
863 180 948 216 Can.
970 181 1008 217 P.
1027 180 1181 227 Syberto
1200 182 1432 218 Bronchorst.
1459 183 1566 218 Mart.
1588 184 1690 218 1576.
1727 187 1810 229 317

48 303 242 346 Gressorias
269 302 377 335 XIII.
414 300 547 334 litteris
580 300 636 335 28.
665 299 874 334 Decembris
909 299 953 333 ad
991 298 1119 332 ducem
1155 298 1250 333 datis
1287 299 1401 334 Toleti
1438 300 1637 335 doctrinam
1673 304 1709 335 et
1743 302 1812 335 vir-

44 358 159 390 tutem
185 355 336 390 summis
363 352 495 388 extulit
522 353 699 387 laudibus.
755 353 881 396 „Certo
916 352 1061 393 scimus,
1102 351 1210 396 [eum]
1247 353 1383 387 nullam
1412 353 1555 388 Ernesti
1591 354 1814 397 gubernandi

44 420 165 444 curam
193 408 260 443 sibi
287 407 510 446 vendicasse,
546 418 611 440 nec
639 406 833 450 quidquam
861 405 1056 444 relaxasse.
1092 417 1210 449 neque
1237 417 1275 439 se
1302 406 1382 440 aliis
1409 408 1668 451 anteposuisse,
1699 419 1815 451 neque

42 473 105 496 eos
131 462 166 496 in
194 463 439 505 contemptum
465 460 670 500 adduxisse,
697 460 802 494 testis
829 463 884 494 est
903 458 1018 493 Deus'‘
1053 458 1234 502 (Tltez‘ner,
1262 460 1352 493 Arm.
1373 460 1416 499 ΙΙ,
1444 460 1478 494 in
1506 472 1536 495 a.
1560 462 1661 503 1575,
1688 473 1722 496 n.
1741 462 1815 500 65).

43 515 180 550 Deinde
195 516 370 558 Hoffaeus
389 513 576 548 Monachio
596 514 628 547 5.
643 513 828 547 Februarii
853 513 942 548 1576
961 512 1004 546 ad
1020 512 1286 546 Mercurianum
1306 513 1394 547 haec
1413 514 1594 549 *rettulitz
1619 514 1816 557 „Hesterno

44 580 196 614 vespere
222 568 322 602 venit
349 567 476 601 Comes
503 567 546 600 de
572 567 709 601 Porcia.
746 566 925 607 Quantum
955 566 1118 609 intelligo
1143 578 1213 600 non
1231 568 1365 601 exemit
1385 567 1555 602 Pontifex
1573 580 1638 603 sua
1665 568 1818 613 epistola

44 622 135 657 Duci
162 633 301 656 omnem
336 621 619 664 indignationem
656 623 783 655 contra
810 620 995 654 Toletum:
1035 619 1122 654 nihil
1159 622 1279 654 tamen
1315 622 1428 654 notari
1466 624 1586 666 potest
1621 621 1729 656 etiam
1757 622 1816 657 So-

43 676 166 711 cietati
203 675 332 710 iccirco
368 673 552 708 tantillum
588 674 770 708 infensum
806 685 886 708 esse
922 673 1070 707 Ducem.
1120 673 1286 708 Toletum
1323 685 1410 708 vero
1447 675 1632 720 Capellum
1668 675 1815 709 rubrum

43 730 168 764 venari
204 729 398 763 etiamnum
432 739 553 761 amare
589 728 752 762 iocantur
779 727 906 767 Aulioi,
944 727 1052 761 etiam
1087 727 1190 761 nobis
1225 727 1495 771 praesentibus,
1532 731 1569 762 et
1603 729 1745 773 quidem
1782 729 1818 762 in

42 783 207 828 proxima
234 782 415 816 creatione
443 780 684 815 Cardinalium
722 781 842 815 nescio
877 780 962 824 quid
990 780 1039 814 illi
1068 792 1148 814 cum
1182 780 1256 814 risu
1292 781 1515 816 ominantur:
1558 782 1720 826 Denique
1746 781 1819 816 illis

42 836 154 870 eximi
189 847 257 870 non
294 837 412 880 potest
447 835 532 878 quin
559 834 716 869 habeant
752 834 853 869 illum
889 846 951 879 pro
988 834 1189 868 ambitioso.
1241 834 1346 868 Absit
1372 838 1413 868 vt
1440 834 1641 869 Cardinalis
1680 835 1816 869 fiat....

45 890 84 925 P.
103 889 147 924 V.
166 900 300 934 quaeso
326 888 508 933 impediat,
544 887 575 922 si
603 888 687 931 quid
714 887 772 922 hic
799 888 943 922 odiosus
970 899 1090 921 rumor
1116 887 1225 922 habet
1251 889 1327 921 veri
1356 890 1422 922 etc.
1452 889 1613 922 taederet
1639 901 1694 923 me
1721 888 1819 922 vitae

42 944 164 977 meae“
197 943 258 985 (ex
285 943 435 985 autogr,
455 941 575 975 Germ.
603 942 668 975 137
698 942 720 975 f.
744 941 854 984 123³).
907 941 1008 975 Hanc
1035 944 1132 975 certe
1168 941 1397 975 ambitionem
1426 941 1593 976 Canisius
1625 942 1820 986 significat,

43 1008 126 1031 cum
152 996 194 1030 de
221 995 345 1030 Toleto
372 1007 413 1029 ea
440 995 473 1029 in
499 995 655 1029 Bavaria
681 996 818 1029 narrari
846 995 983 1036 scribit,
1016 1006 1126 1038 „quae
1153 993 1288 1028 homini
1306 996 1469 1039 professo
1495 1007 1565 1029 non
1584 996 1819 1039 congruant“‚

44 1050 77 1084 ei
102 1050 252 1090 scilicet,
288 1049 344 1083 cui
371 1061 416 1083 ex
443 1049 665 1094 praescripto
693 1049 998 1083 Constitutionum
1027 1048 1228 1090 Societatis,
1265 1049 1408 1082 emissis
1434 1052 1605 1093 quattuor
1631 1050 1727 1084 votis
1752 1048 1820 1084 sol-

44 1103 223 1138 lemnibus
249 1103 326 1143 hoc,
353 1105 498 1147 praeter
524 1102 604 1143 alia,
632 1105 717 1137 voto
743 1102 908 1147 simplici,
937 1102 1029 1146 quod
1050 1104 1192 1142 vocant,
1219 1102 1497 1147 promittendum
1525 1103 1654 1138 fuerit:
1681 1104 1725 1138 Se
1757 1103 1820 1146 „ad

44 1157 181 1192 nullam
208 1157 314 1191 etiam
353 1159 457 1190 extra
484 1156 701 1190 Societatem
737 1156 996 1201 praelationem
1025 1155 1082 1189 vel
1119 1156 1331 1198 dignitatem
1369 1156 1596 1190 obtinendam
1625 1157 1820 1201 quidquam

43 1214 220 1252 acturum,
247 1222 312 1245 nec
338 1210 381 1244 ad
408 1210 463 1243 sui
490 1209 702 1243 electionem
728 1209 772 1243 ad
799 1209 1001 1243 huiusmodi
1028 1221 1169 1250 munus,
1206 1209 1321 1253 quoad
1358 1210 1435 1244 eius
1461 1210 1537 1243 fieri
1565 1211 1706 1255 poterit,
1742 1222 1822 1244 con—

43 1275 192 1299 sensum
218 1265 488 1309 praestiturum,
523 1264 554 1297 si
594 1263 669 1297 eius
700 1262 911 1302 obedientia.
939 1263 1001 1307 qui
1038 1263 1104 1297 sub
1131 1274 1244 1308 poena
1279 1264 1419 1307 peccati
1446 1266 1565 1308 potest
1603 1265 1822 1309 praecipere,

43 1329 84 1353 se
122 1330 192 1352 non
230 1317 462 1362 compulerst‘
501 1317 793 1359 (Comissationes
829 1316 862 1351 S.
893 1316 924 1350 J.
956 1316 994 1350 P.
1025 1317 1068 1351 10
1104 1328 1139 1350 n.
1169 1317 1220 1360 6).
1270 1316 1407 1350 querit
1445 1319 1565 1351 autem
1601 1317 1659 1351 hic
1695 1318 1822 1359 notari,

43 1383 138 1406 anno
180 1371 325 1405 tandem
366 1371 456 1405 1592
499 1371 665 1416 impediri
706 1382 775 1404 non
818 1370 996 1415 potuisse,
1040 1370 1230 1414 quominus
1265 1370 1413 1405 Toletus
1449 1383 1469 1404 a
1506 1371 1688 1405 Clemente
1724 1371 1821 1405 VIII.

45 1425 240 1460 cardinalis
276 1427 482 1473 creareturg
515 1425 575 1468 qui
611 1424 819 1468 ceteroquin
855 1424 924 1458 iam
953 1435 973 1458 a
1000 1424 1123 1458 multis
1155 1425 1260 1458 annis
1295 1428 1400 1458 extra
1426 1424 1617 1458 Societatis
1653 1425 1760 1459 aedes
1787 1427 1824 1459 et

44 1479 272 1524 disciplinam
293 1478 417 1512 vivere
437 1482 584 1513 coactus
612 1480 707 1519 e1·at;
737 1478 793 1512 vir
821 1478 1017 1512 virtutibus
1044 1478 1198 1521 insignis
1226 1480 1261 1512 et
1279 1477 1462 1511 laboribus
1487 1478 1650 1522 plurimis
1677 1490 1740 1523 pro
1767 1490 1821 1513 ec-

45 1533 158 1568 clesia
184 1531 380 1567 exantlatis
407 1532 527 1566 clarus
554 1532 590 1576 (†
620 1532 748 1571 1596);
787 1532 849 1566 sed
880 1532 923 1565 de
960 1543 1028 1575 quo
1057 1533 1238 1565 Antonius
1265 1534 1417 1565 Astraia
1455 1531 1488 1566 S.
1517 1532 1550 1566 J.
1585 1534 1705 1567 notat:
1753 1532 1824 1575 „La

45 1586 182 1620 verdad
208 1585 379 1621 historica
405 1598 470 1619 nos
497 1586 617 1629 obliga
643 1588 663 1620 a
689 1586 815 1620 afiadir
842 1596 922 1629 que,
949 1597 1014 1630 por
1040 1597 1087 1619 un
1107 1586 1275 1630 conjunto
1302 1586 1344 1619 de
1370 1585 1575 1629 singulares
1601 1587 1823 1620 circunstan-

48 1640 134 1680 cias,
161 1642 237 1674 este
263 1639 410 1673 hombre
437 1641 498 1673 tan
526 1640 704 1673 eminente
730 1639 838 1673 habia
864 1638 1006 1682 llegado
1034 1641 1054 1672 a
1080 1650 1139 1673 ser
1165 1650 1209 1672 en
1235 1650 1297 1672 sus
1324 1638 1470 1673 ultimos
1497 1642 1584 1674 afros
1611 1651 1658 1673 un
1684 1639 1823 1684 peligro

47 1705 137 1738 para
161 1692 199 1727 la
225 1693 421 1738 Compafiia
450 1693 488 1736 (l.
508 1705 536 1727 0.
556 1693 607 1727 ΙΙΙ
634 1694 732 1736 632).

169 1746 268 1788 Quod
308 1747 461 1791 denique
503 1747 547 1781 ad
586 1748 752 1781 comitem
790 1748 1053 1791 Hieronymum
1091 1747 1132 1779 de
1174 1746 1299 1780 Portia
1341 1746 1491 1787 attinet,
1534 1746 1592 1781 hic
1634 1746 1824 1781 Monachio

48 1801 106 1835 23.
121 1800 306 1835 Februarii
327 1801 417 1835 1576
435 1800 661 1834 Mercuriano
681 1800 853 1845 *scripsit
871 1800 1053 1843 (Toletum
1072 1799 1167 1834 haud
1186 1799 1335 1834 obscure
1354 1800 1599 1843 significans):
1632 1800 1824 1843 „Quamuis

49 1866 95 1888 ex
121 1856 292 1899 tempore,
329 1865 398 1898 quo
425 1854 478 1888 fui
504 1854 586 1888 istic
623 1854 659 1887 in
685 1854 784 1892 vrbe,
813 1865 1030 1897 cognoscere
1056 1853 1185 1898 potuit,
1221 1853 1338 1897 qualis
1365 1865 1444 1887 mea
1470 1853 1580 1887 fuerit
1607 1865 1693 1898 erga
1720 1855 1763 1889 V.
1782 1855 1822 1888 P.

52 1908 301 1942 Reuerendam
329 1910 365 1942 et
390 1907 497 1941 istam
524 1909 688 1942 sanctam
715 1908 925 1942 societatem
953 1907 1106 1948 deuotio,
1140 1910 1176 1940 et
1202 1907 1269 1940 hoc
1295 1907 1404 1940 etiam
1432 1907 1693 1942 declarauerim
1720 1920 1823 1942 oeno-

48 1962 150 2007 ponti
175 1961 386 1995 Reuerendo
414 1961 515 1995 Patri
543 1961 697 2002 Canisio,
734 1964 769 1995 et
795 1961 894 1995 Patri
922 1960 1066 2006 Rectorj
1105 1960 1200 1995 illius
1227 1960 1383 2006 collegij,
1418 1963 1540 1995 tacere
1575 1963 1696 1995 tamen
1731 1961 1824 2002 nolo,

49 2015 136 2060 quid
168 2015 226 2049 hic
261 2015 396 2058 egerim
432 2015 525 2059 apud
562 2015 839 2049 Serenissimum
874 2015 1108 2049 Ducem“....
1160 2014 1416 2048 Commendavi
1452 2014 1668 2049 Societatem
1701 2018 1755 2058 „et
1783 2026 1825 2049 ea

47 2070 171 2104 omnia
197 2069 347 2114 exposui
376 2068 409 2103 S.
429 2068 632 2110 Serenitati,
668 2080 760 2113 quae
797 2070 835 2103 P.
854 2068 898 2103 V.
918 2068 1232 2103 Reuerendissima
1268 2068 1356 2102 mihi
1394 2068 1501 2102 istinc
1537 2068 1736 2104 discedenti
1769 2069 1824 2114 jn-

49 2123 170 2157 iunxit
195 2122 416 2167 exponenda,
452 2122 606 2166 benigne
641 2123 846 2168 acceptauit
872 2123 907 2158 S.
926 2122 1110 2157 Serenitas
1137 2122 1265 2164 omnia,
1302 2126 1338 2156 et
1363 2133 1468 2167 spero
1495 2134 1564 2156 non
1598 2134 1823 2157 recessuram

50 2188 73 2210 a
98 2176 253 2221 pristina
278 2187 343 2210 sua
362 2176 592 2220 protectione,
619 2177 687 2210 nisi
707 2176 899 2221 aliquando
920 2177 957 2210 l'.
976 2176 1020 2210 V.
1040 2175 1251 2209 Reuerenda
1278 2175 1382 2209 vellit
1399 2175 1558 2217 nimium,
1585 2188 1648 2221 pro
1667 2176 1827 2210 naturali

51 2229 206 2274 quadam
234 2241 299 2264 sua
326 2230 549 2264 humanitate
576 2230 760 2275 suscipere
787 2230 940 2264 alicuius
967 2229 1237 2264 excusationem
1272 2232 1308 2263 et
1332 2229 1437 2274 tuerj,
1474 2230 1534 2274 qui
1562 2230 1729 2264 excusari
1756 2242 1827 2264 non

50 2294 157 2328 posse
184 2283 241 2317 hic
259 2285 466 2328 reputatur“
494 2284 553 2325 (ex
573 2286 725 2326 autogr„
745 2284 866 2319 Germ.
889 2284 954 2318 137
982 2284 1006 2318 f.
1029 2283 1140 2327 127⁶).
1176 2284 1434 2317 Mercurianus
1451 2283 1577 2317 deinde
1597 2283 1635 2317 P.
1655 2283 1827 2327 Mengino

51 2337 182 2371 rectori
217 2337 421 2371 monacensi
459 2337 634 2382 *scripsit
673 2337 785 2371 Roma
820 2337 980 2372 21.Iulii
1010 2338 1120 2372 1576:
1164 2336 1332 2379 „Gaudeo
1372 2337 1408 2370 in
1444 2336 1595 2371 Domino
1631 2337 1827 2381 plurimum

48 2390 146 2434 quod
172 2390 345 2425 Dominus
381 2390 509 2425 Comes
543 2390 737 2425 portianus
772 2403 837 2426 vos
871 2402 1009 2435 nosque
1044 2402 1167 2425 omnes
1203 2390 1353 2433 diligere
1388 2391 1551 2435 pergat“.
1603 2390 1736 2424 Eodem
1773 2389 1829 2424 die

52 2444 122 2488 ipsi
159 2444 279 2478 comiti
315 2456 380 2489 per
419 2444 589 2479 *litteras
624 2445 762 2488 gratias
797 2445 874 2489 egit
906 2457 969 2490 pro
1002 2456 1067 2479 sua
1100 2445 1134 2478 in
1163 2443 1379 2478 Societatem
1416 2443 1669 2478 benevolentia
1696 2447 1733 2478 et
1766 2455 1830 2489 pro

54 2497 255 2539 „obliuione
286 2497 538 2531 nonnullorum
575 2510 666 2542 quae
702 2498 769 2532 tibi
804 2499 1064 2532 incommodius
1099 2497 1275 2532 accidisse
1303 2497 1546 2538 viderentur“,
1582 2509 1624 2531 ac
1659 2497 1767 2532 simul
1794 2497 1827 2531 ei

51 2550 262 2594 gratulatus
298 2553 353 2585 est
383 2551 446 2594 „de
471 2553 535 2585 tua
561 2551 631 2586 ista
662 2551 892 2595 integritate“
925 2556 986 2593 (ex
1014 2551 1302 2591 commentariis3
1332 2550 1374 2585 G.
1395 2550 1516 2594 Sup.1
1546 2551 1571 2585 f.
1590 2550 1666 2595 44).

173 2609 317 2645 Canisio
343 2611 594 2645 Mercurianus
620 2611 807 2656 respondit
834 2611 888 2646 10.
907 2610 1032 2644 Martii
1061 2611 1163 2645 1576.

53 2720 202 2758 1941.
302 2722 342 2756 P.
370 2721 613 2757 HENRICUS
639 2722 911 2758 WINSENlUs
943 2721 977 2757 S.
1001 2722 1034 2757 J.
1068 2722 1211 2756 nomine
1245 2721 1381 2756 Canisii
1410 2720 1472 2757 P.
1500 2719 1825 2757 S1⁷BERTO

245 2773 714 2811 BRONGHORST
744 2775 797 2811 S.
826 2775 881 2811 0¹·
1065 2775 1266 2820 Oeniponte
1293 2777 1390 2810 circa
1415 2787 1461 2810 m.
1481 2775 1653 2810 Martium
1682 2775 1784 2810 1576.

174 2840 232 2874 Ex
258 2839 416 2885 epistula
443 2840 684 2885 autographa,
710 2841 753 2874 de
780 2852 850 2884 qua
877 2840 972 2874 infra
999 2840 1150 2875 dicetur.
1194 2839 1314 2875 Germ.
1336 2840 1403 2875 138
1430 2840 1455 2875 f.
1475 2839 1570 2875 17221.

174 2913 223 2956 Ρ.
257 2914 471 2955 Henricas
503 2914 746 2956 Winsenms
790 2916 875 2955 sive
907 2914 1050 2956 Ho'ra't
1093 2914 1134 2955 S.
1160 2913 1202 2955 J.
1248 2914 1323 2964 (de
1363 2928 1442 2969 quo
1491 2913 1595 2956 Can.
1629 2914 1699 2955 11⁷
1726 2912 1833 2962 501)

55 2977 105 3022 P.
128 2979 300 3033 Syberto
324 2979 583 3020 Brouclzorst
606 2980 648 3021 S.
668 2979 727 3033 J.,
762 2979 1006 3022 Florentiae
1037 2981 1097 3020 vel
1129 2976 1364 3020 Ferrariae
1398 2980 1686 3032 commoranti,
1720 2979 1833 3031 haec,

51 3049 224 3097 praeter
246 3045 349 3098 alia,
373 3046 542 3099 scripsit
568 3044 794 3100 Oeiiiponte
818 3044 1215 3086 17.11!a2·t2·2·1577.·
1239 3044 1530 3099 „Scripseram
1554 3049 1650 3086 ante
1673 3058 1832 3085 annum

55 3109 279 3163 quaedam,
313 3111 480 3150 nomine
512 3109 565 3151 R.
589 3110 638 3152 P.
663 3110 782 3151 Petri
816 3110 996 3163 Canisij,
1036 3123 1112 3164 per
1143 3109 1447 3150 Reae-rentiam
1485 3109 1532 3152 Τ.
1556 3110 1716 3151 Romae
1747 3108 1837 3160 (vbi

57 3177 145 3214 tum
179 3188 268 3215 eam
301 3176 555 3216 commorari
584 3174 862 3230 putabamus)
897 3189 987 3216 cum
1023 3174 1074 3216 R.
1098 3174 1148 3225 Ρ.
1181 3174 1367 3216 Antonio
1401 3175 1586 3227 Vinckio,
1618 3175 1717 3229 piae
1748 3187 1835 3215 me-
