2062 3443
643 140 842 187 Oeniponte
872 140 924 176 13.
945 141 1129 176 Februarii
1158 142 1260 176 1575.
1752 147 1836 188 279

68 259 114 302 P.
148 259 427 302 Prouintialis
468 262 512 301 et
545 259 590 302 P.
616 258 850 313 Gregorius
867 261 893 309 ¹,
937 258 1008 311 qui
1048 259 1174 301 ambo
1216 259 1376 302 rectius
1414 260 1663 314 intelligunt
1695 261 1851 303 omnia⁴

67 325 150 367 huc
171 324 448 379 pertinentia,
484 328 528 367 et
550 325 602 366 de
625 324 690 366 his
713 338 857 366 coram
882 326 926 366 et
958 337 1036 378 per
1058 324 1208 367 literas
1230 338 1361 379 saepe
1384 326 1651 378 multumque
1673 329 1838 368 tracta-

66 392 200 441 runt⁸‚
224 392 371 432 tamen
389 403 528 444 pauca
546 390 756 443 quaedam
776 389 917 430 iussus
941 388 1173 442 adiungam
1186 388 1212 431 ¹³.
1247 389 1448 444 Inprimis
1470 390 1657 444 gratiam
1676 391 1836 433 haben-

66 455 163 497 dam
198 457 302 508 puto
333 454 708 497 Reuerendissimo
742 455 792 496 D.
821 453 1000 503 Nuntio,
1036 453 1107 507 qui
1140 454 1288 496 multis
1321 455 1539 497 mensibus
1571 455 1651 497 hoc
1683 469 1837 497 saxum

66 518 204 562 uoluit
236 521 473 572 Augustae,
519 533 570 561 ac
603 519 732 561 duros
765 519 1075 561 Canonicorum
1118 518 1285 560 animos
1318 534 1368 561 eo
1400 520 1616 574 permouit
1647 521 1836 571 tandem,

65 587 114 626 ut
146 584 354 626 eiusmodi
387 584 655 626 conditiones
689 584 944 626 admiserint
977 597 1027 626 ac
1049 584 1288 638 probarint.
1336 585 1445 627 Sunt
1477 585 1520 627 in
1543 585 1627 627 illis
1649 586 1838 628 fortasse

65 649 284 699 nonnulla,
329 663 440 702 quae
472 649 696 691 societatis
728 652 904 691 nostrae
946 649 1192 691 libertatem
1227 651 1272 691 et
1312 650 1541 704 priuilegia
1572 650 1836 705 loedere⁶[?l

64 714 306 764 uideantur,
349 715 606 769 praesertim
640 718 688 757 ut
721 714 948 756 Ordinario
991 714 1078 756 sint
1110 714 1270 756 nostrid
1303 729 1611 768 usquequaque
1642 716 1836 766 subiecti,

64 782 220 833 utque⁰
246 782 476 834 tantopere
508 780 562 821 ab
595 780 701 834 ipsis
723 779 949 822 Canonicis
972 779 1203 833 pendeant,
1238 793 1316 822 nec
1339 781 1507 834 possint
1529 781 1572 822 in
1595 781 1838 835 praecipuis

64 845 287 896 Ecclesiae
320 844 467 887 festiss
496 858 664 886 sacram
703 845 912 898 praebere
952 844 1308 887 communionem.
1372 845 1535 887 Verum
1568 846 1728 900 partim
1761 860 1839 900 per

63 909 486 951 Reuerendissimum
520 910 839 962 Augustanum,
883 909 955 963 qui
990 910 1151 951 nostris
1184 909 1334 951 fauere
1367 911 1536 962 dicitur,
1569 911 1728 965 partim
1762 925 1839 965 per

65 974 486 1016 Reuerendissimum
537 974 770 1025 Nuntium,
819 974 978 1028 partim
1027 988 1105 1028 per
1150 975 1380 1018 Jllustriss.
1425 976 1640 1018 Bauariae
1686 976 1839 1017 ducem

0 1053 1 1058 ¹
62 1039 246 1081 obtineri
272 1054 399 1094 posse
421 1042 525 1093 puto
547 1039 590 1081 in
612 1039 678 1080 his
701 1039 1042 1082 moderationem
1064 1039 1267 1093 aliquam,
1293 1043 1340 1083 ut
1362 1041 1458 1094 plus
1481 1041 1604 1083 nobis
1626 1041 1835 1092 tribuant,

63 1104 288 1157 minusque
319 1104 569 1159 praeiudicij
604 1104 808 1147 adferant
840 1104 1053 1147 societati.

184 1175 303 1225 Quod
346 1176 401 1218 ad
433 1177 574 1218 locum
618 1175 788 1230 collegij
826 1176 987 1218 nostris
1019 1175 1103 1217 iarn
1138 1175 1408 1229 assignatum
1451 1180 1636 1231 spectat,
1679 1192 1838 1231 sequor

61 1241 107 1284 P.
143 1240 339 1295 Gregorij
373 1241 657 1288 sententiam,
701 1243 750 1283 ut
791 1240 1056 1283 commodior
1094 1243 1138 1283 et
1171 1241 1356 1295 amplior
1386 1242 1507 1284 locus
1547 1257 1572 1284 a
1609 1242 1836 1285 Canonicis

60 1310 296 1359 expetatur
308 1308 336 1350 2.
383 1306 591 1348 Rationes
625 1306 679 1348 ab
701 1306 774 1348 illo
797 1306 1062 1361 perscriptas
1085 1306 1287 1348 arbitror.
1331 1307 1561 1349 Caeterum
1584 1308 1835 1362 priusquam

60 1370 114 1412 de
136 1371 230 1413 loco
253 1372 460 1414 mutando
485 1374 655 1425 agatur,
681 1371 924 1413 consultum
948 1373 1052 1425 puto
1076 1371 1346 1414 conditiones
1367 1373 1614 1426 propositas
1636 1373 1835 1428 expendi,

0 1457 1 1460 ¹
61 1439 279 1489 quatenus
312 1437 358 1479 P.
383 1437 431 1480 T.
465 1437 716 1491 probandae
748 1440 793 1479 et
825 1436 1119 1491 acceptandae
1151 1437 1448 1481 uidebuntur&
1495 1438 1701 1481 Fortasse
1725 1438 1837 1480 diffi-

60 1502 202 1545 cultas
235 1502 381 1556 aliqua
413 1516 508 1544 sese
541 1503 696 1545 offeret
728 1516 783 1544 ex
814 1504 942 1556 parte
964 1501 1278 1556 Fuggerorum,
1312 1517 1395 1556 quo
1419 1503 1559 1545 minus
1581 1503 1838 1546 fundatores

64 1567 192 1609 simul
224 1571 269 1610 et
301 1568 602 1610 aedificatores
625 1567 808 1622 collegij,
843 1567 1018 1610 scholae
1040 1581 1091 1609 ac
1113 1568 1264 1622 templi
1289 1582 1384 1610 esse
1406 1569 1556 1619 uelint,
1589 1571 1657 1611 tot
1678 1569 1837 1612 tantis-

59 1645 144 1685 que
165 1632 408 1687 sumptibus
431 1632 639 1675 deterriti.
689 1634 754 1675 De
776 1633 856 1674 hoc
886 1633 1070 1687 primum
1093 1632 1228 1687 igitur
1250 1636 1450 1676 constare
1483 1635 1653 1678 uellem.
1699 1634 1837 1684 Quor-

60 1711 154 1739 sum
197 1698 309 1740 enim
351 1698 491 1740 nudus
531 1698 652 1740 locus
693 1713 788 1740 cum
836 1701 903 1740 tot
945 1698 1128 1740 annexis
1173 1699 1490 1741 conditionibus
1535 1700 1835 1755 reciperetur?

59 1762 230 1806 etiamsi
272 1763 425 1805 melior
469 1777 596 1816 quam
639 1778 751 1805 nunc
792 1764 964 1806 oblatus
1002 1766 1090 1814 est,
1134 1763 1446 1817 assignaretur.
1510 1765 1717 1807 Jamuero
1763 1765 1835 1807 ubi

60 1842 183 1870 suam
216 1833 405 1871 mentem
428 1829 618 1882 Fuggeri
651 1829 953 1884 explicuerint,
988 1843 1094 1883 quos
1127 1829 1318 1871 nonnihil
1349 1830 1528 1872 haerere
1558 1834 1602 1873 et
1624 1831 1836 1873 fluctuare

59 1893 201 1945 audio,
243 1908 376 1948 penes
418 1894 464 1938 P.
499 1894 546 1936 T.
581 1894 677 1945 erit,
720 1894 882 1937 uelitne
915 1894 1078 1948 aliquid
1119 1895 1172 1936 de
1203 1895 1296 1936 iure
1330 1895 1564 1938 Societatis
1595 1896 1834 1947 remittere,

58 1961 105 2001 et
136 1959 328 2001 suauiter
360 1974 455 2001 cum
488 1959 583 2002 istis
609 1959 835 2002 Canonicis
868 1974 1012 2013 agere,
1047 1960 1304 2014 praesertim
1336 1974 1390 2002 ne
1423 1960 1676 2003 amittamus
1708 1975 1836 2015 aper-

58 2026 148 2067 tam
191 2025 314 2067 nobis
356 2025 623 2067 occasionem
669 2025 722 2067 de
761 2024 840 2067 tali
883 2025 988 2080 Rep.
1031 2026 1140 2067 bene
1182 2025 1389 2076 merendi,
1433 2029 1478 2068 et
1519 2040 1695 2068 causam
1734 2026 1836 2069 reli-

56 2090 199 2144 gionis
230 2090 273 2131 in
297 2090 530 2133 Germania
552 2090 847 2145 promouendi.
891 2091 1058 2132 Vereor
1081 2091 1284 2144 alioquin,
1319 2091 1354 2132 si
1377 2091 1515 2144 rigide
1540 2092 1683 2146 potius
1706 2106 1834 2146 quam

59 2155 248 2198 molliter
280 2170 376 2197 cum
399 2155 495 2198 istis
523 2158 694 2209 agatur.
740 2155 977 2198 Canonicos
1000 2156 1147 2198 multis
1170 2169 1266 2198 esse
1290 2170 1588 2210 persuasuros,
1623 2158 1736 2210 quod
1757 2171 1835 2212 per

59 2234 138 2263 nos
170 2221 356 2271 steterit,
392 2221 619 2274 quominus
642 2222 684 2265 S.
704 2222 755 2264 D.
775 2221 858 2264 N.3
884 2221 1065 2263 consilia
1087 2222 1391 2276 processerint,
1425 2224 1578 2275 totque
1600 2222 1834 2265 multorum

58 2290 241 2328 conatus
273 2286 316 2327 in
349 2286 428 2328 hoc
460 2287 635 2340 negotio
668 2286 780 2328 irriti
801 2287 930 2341 plane
951 2286 1250 2329 redderentur.
1297 2287 1417 2336 Quod
1450 2286 1486 2328 si
1519 2287 1571 2329 de
1604 2287 1669 2329 his
1702 2302 1834 2342 quae-

58 2351 182 2401 ritur,
215 2365 292 2405 per
324 2365 431 2405 quos
454 2351 678 2394 Canonicis
700 2352 951 2407 responderi
986 2353 1157 2402 debeat,
1192 2351 1394 2394 existimo
1427 2366 1504 2406 per
1537 2353 1710 2394 eosdem
1732 2367 1834 2407 pro-

59 2419 298 2467 curatores,
332 2416 403 2470 qui
437 2417 647 2460 hactenus
679 2417 1034 2468 intercesserunt,
1069 2417 1272 2471 deinceps
1305 2417 1437 2459 etiam
1471 2417 1687 2471 agendum
1721 2431 1830 2469 esse,

58 2481 258 2524 nimirum
282 2495 358 2536 per
380 2482 806 2524 Reuerendissimum
839 2484 890 2526 D.
915 2483 1127 2525 Nuntium
1151 2485 1196 2525 et
1218 2482 1494 2524 Ordinarium
1521 2482 1661 2537 ipsum
1684 2483 1833 2525 simul-

57 2559 142 2600 que
174 2547 390 2589 Bauariae
422 2548 601 2590 Ducem.
664 2547 760 2589 Nisi
803 2547 916 2590 forte
958 2549 1003 2591 P.
1037 2546 1294 2589 Prouintiali
1334 2550 1482 2589 nostro
1520 2547 1628 2590 haec
1661 2548 1835 2591 dabitur

59 2611 292 2665 prouintia‚
335 2615 384 2655 ut
425 2626 569 2654 coram
613 2626 708 2655 cuni
741 2613 847 2667 ipsis
879 2612 1146 2666 Fuggericis,
1190 2626 1241 2654 ac
1283 2612 1436 2654 deinde
1477 2626 1573 2654 cum
1608 2613 1833 2656 Canonicis

57 2675 164 2730 ipsis
186 2679 350 2720 tractet
371 2678 608 2731 negotium,
631 2680 862 2732 postquam
887 2678 940 2720 de
962 2678 1009 2721 P.
1024 2678 1072 2720 Τ.
1097 2677 1317 2720 sententia
1340 2677 1500 2720 certior
1521 2678 1665 2721 factus
1686 2678 1832 2722 fuerit.

177 2786 206 2818 a)
227 2786 275 2811 Sic
294 2787 322 2811 C.
343 2787 471 2811 correxit
491 2795 527 2811 ea:
547 2786 719 2813 tractat-int.
799 2786 829 2818 b)
850 2787 1024 2812 Passerinus
1045 2787 1198 2812 Soc-fetatis
1216 2788 1396 2812 secretarius
1416 2795 1458 2812 vv.
1479 2795 1548 2819 sqq„
1568 2796 1657 2820 usque
1678 2789 1716 2813 ad
1737 2788 1832 2814 duros

59 2826 136 2856 incl„
155 2827 233 2852 linea
253 2828 393 2852 subducta
413 2829 526 2853 notavit
546 2829 643 2860 eisque
663 2829 693 2853 in
716 2829 847 2860 marqine
867 2829 1029 2860 ascripsit:
1048 2828 1163 2854 Nuntio
1183 2827 1319 2860 agendae
1339 2827 1465 2860 gratiae.
1552 2830 1578 2860 e)
1601 2831 1667 2861 Sic;
1686 2831 1832 2862 corriyen-

56 2867 127 2892 dum
153 2876 212 2893 esse
238 2869 356 2894 videtur
375 2868 505 2895 laedere.
615 2869 645 2901 d)
666 2871 726 2896 Hoc
746 2878 770 2895 v.
790 2878 884 2902 supra
910 2879 1025 2895 versum
1050 2871 1195 2902 scriptum
1214 2873 1265 2895 est.
1375 2872 1403 2901 e)
1424 2871 1472 2896 Sic
1492 2871 1520 2896 C.
1541 2873 1668 2896 correxit
1689 2880 1725 2896 ea:
1744 2878 1831 2898 neue.

58 2907 82 2939 f)
102 2910 270 2941 Sequuntur
289 2919 332 2935 vv.
352 2910 382 2936 in
403 2917 457 2936 suo
478 2910 603 2944 templo,
623 2920 640 2937 α
659 2913 687 2937 C.
702 2912 791 2937 omitt.
866 2913 897 2944 g)
918 2913 996 2938 Poss.
1018 2913 1047 2936 in
1070 2912 1201 2943 marqine
1222 2912 1329 2937 lineam
1351 2914 1483 2942 (curvam
1504 2913 1713 2945 {ntor-tamque)
1730 2914 1830 2945 posuit

56 2950 140 2982 eique
159 2952 315 2983 ascripsit:
334 2951 501 2978 Consilium
521 2952 558 2978 de
577 2952 653 2979 loeo.

181 3082 191 3102 ¹
216 3081 429 3127 Rosephius.
576 3083 590 3104 ²
614 3082 667 3118 De
692 3082 761 3118 hac
787 3082 968 3118 sententia
994 3082 1088 3124 vide,
1115 3093 1207 3127 quae
1233 3082 1300 3117 sub
1327 3081 1394 3117 has
1418 3082 1562 3118 litteras
1588 3083 1763 3117 dicentur.

179 3134 192 3155 ³
218 3134 383 3179 Gregorii
409 3135 506 3171 XIII.
