2062 3443
553 161 752 207 Oeniponte
779 162 923 196 ineunte
953 162 1008 205 (ut
1034 162 1193 205 videtur)
1222 175 1252 197 a.
1276 164 1377 198 1572.
1805 170 1829 209 3

62 279 349 323 Athanasium
372 279 554 333 legitur:
579 280 663 323 Sed
685 293 826 322 sermo
849 279 922 321 ille
945 279 986 321 in
1005 280 1239 333 Deiparam
1263 281 1304 322 in
1329 281 1503 323 dubium
1529 296 1554 324 a
1573 282 1827 336 quibusdam

61 348 304 395 reuocatur,
347 345 459 387 sicut
501 348 546 387 et
577 345 712 387 Missa
753 358 829 387 seu
871 344 1048 398 liturgia
1081 345 1391 399 Chrysostomi‚
1435 347 1598 399 Basilij,
1642 348 1828 392 Iacobi1.

61 410 280 460 Breuiter;
315 410 520 453 authores
552 424 661 464 pene
694 424 842 452 omnes
877 411 928 452 dc
960 410 1101 452 Maria
1124 411 1314 465 Deipara
1346 411 1586 455 scribentes
1620 414 1690 467 alij
1726 414 1829 456 mihi

59 489 143 517 non
167 477 416 529 suppetunt,
441 489 567 528 quam
593 475 665 528 qui
688 489 714 517 a
732 476 871 517 Buseo
896 475 1087 518 citantur
1109 475 1151 517 in
1170 476 1308 530 prima
1331 479 1458 530 parte
1480 478 1827 520 testimoniorum

60 539 328 583 Catechismo
350 543 500 582 nostro
523 540 889 594 respondentium,
913 540 983 581 ubi
1007 540 1059 582 de
1078 540 1288 594 Angelica
1310 542 1575 585 salutatione
1593 546 1827 586 tractatur.

59 604 267 654 Quocirca
307 605 463 647 iterum
507 607 638 658 atque
683 605 839 647 iterum
886 618 960 646 oro
1004 604 1262 658 dignitatem
1305 608 1437 655 tuam,
1483 610 1530 649 ut
1576 608 1830 662 amplissimi

58 671 108 713 D.
134 669 374 712 Cardinalis
407 684 510 724 erga
545 683 612 711 me
636 670 983 712 beneuolentiam
1007 670 1283 723 studiumque
1306 673 1530 714 confirmet
1553 686 1603 713 ac
1626 673 1831 727 impetret

57 736 110 777 ab
144 750 207 786 eo,
243 735 444 789 quicquid
477 735 539 777 illi
572 735 711 777 uisum
745 734 878 777 fuerit
910 735 1033 776 nobis
1067 736 1398 787 communicare,
1432 736 1524 778 siue
1557 738 1612 779 ad
1636 738 1830 791 Virginis

57 801 209 843 matris
251 800 542 844 innocentiam
586 803 631 842 et
662 800 942 843 sanctitatem
979 798 1085 854 [sin]
1099 801 1309 853 gularem‚
1354 801 1445 843 siue
1479 802 1532 844 ad
1566 803 1684 846 uitae
1716 804 1830 846 illius

0 859 1 905 }
56 865 298 916 historiam,
343 869 386 909 et
429 880 483 908 ex
525 866 607 908 hac
649 865 741 908 uita
782 865 1101 918 migrationem,
1145 866 1238 908 siue
1279 867 1333 908 ad
1373 869 1705 921 praerogatiuas
1738 869 1830 911 eius

55 931 294 986 peculiares
336 932 379 974 in
421 931 502 973 hac
542 930 805 984 coelestique
838 931 929 973 uita
962 933 1144 985 spectet.
1210 931 1367 973 Nullus
1400 935 1467 975 est
1500 932 1591 975 fere
1623 935 1744 977 locus
1778 936 1830 977 de

56 996 194 1039 Maria
227 996 438 1051 scriptus*¹
472 1010 597 1050 quem
631 1011 714 1038 non
749 996 977 1048 exagitent
1008 996 1197 1051 sectarij,
1231 999 1280 1038 ut
1308 997 1425 1039 illam
1449 997 1492 1039 in
1516 999 1708 1041 ordinem
1732 1000 1829 1042 red-

56 1061 190 1115 igant.
256 1062 495 1116 Operosum
539 1064 606 1104 est
649 1061 876 1115 calumnij's
919 1060 1108 1103 omnium
1140 1063 1426 1116 respondere:
1469 1064 1649 1106 tentabo
1682 1067 1829 1108 tamen

55 1126 224 1169 Christo
257 1127 363 1169 duce
396 1127 438 1168 in
470 1127 610 1168 lucem
644 1126 850 1180 proferre,
886 1140 996 1179 quae
1029 1126 1083 1167 ad
1117 1130 1302 1169 matrem
1327 1128 1498 1169 Domini
1525 1128 1827 1172 uindicandam

55 1193 289 1246 suppetent
320 1191 563 1241 meditanti,
598 1191 681 1234 etsi
714 1206 798 1233 non
830 1191 1014 1242 uideam,
1049 1192 1144 1245 quis
1177 1192 1363 1234 antehac
1395 1193 1453 1236 sit
1486 1194 1635 1235 sedulo
1669 1195 1711 1236 in
1747 1195 1828 1238 hoc

56 1260 315 1310 argumento
344 1259 576 1300 uersatus.
639 1257 902 1299 Promoueat
945 1257 1058 1299 hunc
1103 1261 1304 1301 conatum
1348 1260 1426 1300 tua
1469 1259 1610 1312 pietas
1653 1274 1828 1313 quaeso,

55 1322 241 1364 corrasis
284 1322 471 1376 undique
513 1321 775 1375 testimonijs
817 1326 1003 1376 patrum,
1049 1322 1085 1364 si
1128 1337 1239 1376 quae
1281 1323 1482 1366 fortassis
1524 1325 1638 1379 apud
1679 1326 1829 1369 doctos

53 1386 181 1429 isthic
213 1387 502 1442 reperiuntur.
557 1387 651 1440 Ego
684 1401 752 1429 me
786 1387 1050 1442 aduersarijs
1083 1387 1234 1442 etl?]³'
1267 1403 1344 1443 pro
1372 1389 1512 1431 Maria
1545 1390 1827 1443 iugulandum

55 1452 232 1494 offeram
266 1452 417 1496 libens.
483 1453 604 1502 Quod
645 1456 789 1495 autem
825 1453 877 1495 de
909 1453 1050 1495 Maria
1083 1453 1172 1495 dixi
1206 1454 1257 1496 de
1290 1454 1500 1508 Apostolo
1534 1455 1665 1497 etiam
1700 1457 1829 1499 Petro

53 1516 237 1571 intelligi
270 1517 413 1561 uelim.
438 1541 494 1546 -——
518 1542 574 1546 —-

172 1610 228 1644 Ex
255 1610 312 1644 his
337 1610 470 1645 litteris
506 1610 740 1654 intellegitur,
777 1621 848 1654 qua
874 1611 1011 1644 ratione
1047 1612 1254 1655 quantaque
1283 1610 1470 1654 diligentia
1498 1612 1662 1647 Canisius
1691 1614 1828 1656 grande

55 1674 158 1698 suum
186 1664 229 1698 de
256 1664 368 1698 Beata
395 1664 511 1698 Maria
529 1663 680 1707 Virgine
707 1675 795 1709 opus
822 1663 1075 1709 composuerit.

173 1717 526 1752 Commemoraverat
562 1717 622 1751 ille
658 1718 726 1751 iam
755 1729 785 1751 a.
807 1718 897 1752 1566
925 1718 959 1750 in
987 1727 1079 1750 nova
1115 1716 1271 1751 editione
1302 1716 1489 1759 „Summae
1516 1718 1700 1757 doctrinae
1735 1720 1825 1755 chri-

54 1769 212 1804 stianae¹‘
236 1770 404 1805 Coloniae
431 1772 528 1805 facta
554 1771 630 1805 fere
657 1771 703 1805 30
727 1774 891 1805 veterum
918 1771 960 1805 de
988 1771 1100 1804 Beata
1119 1770 1235 1804 Matre
1252 1770 1319 1804 Dei
1346 1771 1553 1806 testimonia
1581 1772 1630 1817 (p.
1650 1773 1823 1818 30—34);

53 1834 143 1868 quae
171 1823 297 1858 deinde
316 1824 355 1858 P.
376 1825 506 1859 Petrus
526 1825 687 1858 Busaeus
705 1824 740 1859 S.
758 1825 802 1865 J„
831 1824 974 1859 Canisio
1000 1824 1158 1865 iuvante,
1186 1824 1222 1857 in
1245 1824 1572 1867 „Authoritatum“‚
1600 1838 1690 1870 quas
1717 1839 1826 1872 supra

54 1876 137 1918 dixi,
164 1877 279 1922 prima
306 1881 418 1922 parte,
446 1877 613 1913 Coloniae
634 1879 725 1913 1569
744 1879 850 1920 edita,
876 1879 1019 1922 integra
1039 1878 1138 1922 typis
1165 1879 1410 1922 exscripserat
1431 1878 1479 1923 (p.
1503 1879 1717 1924 185—218).
1757 1882 1826 1916 Sed

52 1931 123 1966 iam
148 1931 253 1975 plura
279 1933 314 1965 et
340 1943 361 1965 a
378 1932 508 1966 notitia
535 1931 712 1966 communi
739 1932 856 1976 magis
882 1934 1019 1966 remota
1046 1931 1275 1975 antiquitatis
1300 1932 1507 1966 testimonia
1527 1932 1693 1968 Canisius
1720 1946 1826 1978 quae·

52 1984 162 2026 rebat,
191 1996 304 2029 eaque
329 1986 498 2026 maxime,
526 1997 617 2029 quae
637 1997 681 2019 ex
702 1984 922 2019 Graecorum
948 1984 1050 2019 libris
1068 1984 1180 2018 latine
1199 1985 1355 2018 nondum
1375 1986 1492 2019 versis
1512 1989 1659 2030 possent
1677 1987 1824 2023 hauriri.

52 2036 126 2072 Hos
153 2040 317 2072 auctores
352 2038 429 2084 ipse
455 2039 491 2072 in
518 2039 573 2073 his
600 2039 733 2073 litteris
761 2041 957 2079 enumerat,
993 2038 1044 2072 sic
1072 2038 1310 2072 exordiendo:
1350 2038 1450 2080 „Scio
1477 2039 1630 2073 Romae“
1662 2052 1722 2075 eos
1753 2053 1824 2083 „re-

51 2091 202 2136 periri“;
239 2092 332 2126 scire
368 2095 486 2126 autem
514 2092 549 2126 id
576 2095 719 2137 poterat
752 2095 827 2126 tum
856 2104 902 2126 ex
928 2092 1053 2126 amicis
1080 2091 1215 2125 Romae
1241 2092 1472 2126 versantibus
1499 2092 1557 2126 vel
1583 2095 1750 2134 versatis,
1786 2097 1825 2128 ut

53 2143 233 2189 Alphonso
261 2145 478 2186 Salmerone‚
505 2145 697 2180 Francisco
716 2146 901 2186 Turriano,
930 2146 1061 2179 Ioanne
1080 2145 1248 2186 Polanco,
1277 2144 1431 2179 Caesare
1450 2146 1613 2188 Baronio,
1641 2149 1716 2180 tum
1741 2149 1825 2192 quia

51 2196 127 2242 ipse
162 2197 400 2234 bibliothecas
435 2199 572 2233 obierat
607 2211 774 2234 romanas
807 2200 914 2241 (Can.
942 2199 994 2233 111
1022 2199 1086 2233 111
1118 2199 1186 2233 134
1212 2198 1300 2240 340;
1338 2198 1387 2232 VI
1418 2199 1481 2233 171
1510 2199 1579 2234 368
1606 2200 1824 2245 577—581).

51 2250 183 2286 Romae
210 2252 320 2295 igitur
346 2253 541 2287 exstabant
567 2265 675 2298 opera
702 2264 833 2296 graeca
859 2253 1022 2293 necdum,
1060 2252 1153 2297 quod
1182 2252 1348 2286 Canisius
1374 2252 1518 2296 quidem
1544 2256 1678 2295 nosset,
1714 2254 1824 2289 latine

52 2305 191 2340 reddita
217 2317 286 2339 non
323 2306 439 2340 solum
468 2306 635 2351 „Cyrilli‘
670 2329 711 2332 —
739 2306 773 2341 S.
794 2306 968 2352 Cyrillum
1007 2309 1042 2340 et
1074 2306 1442 2350 Hierosolymitanum
1472 2307 1508 2349 (†
1534 2307 1619 2350 386)
1658 2310 1694 2341 et
1717 2308 1825 2342 Alex-

52 2359 238 2393 andrinum
260 2360 296 2401 (†
313 2360 400 2403 444)
420 2360 617 2403 significari
637 2361 804 2395 existimo
822 2380 868 2384 —
885 2361 948 2394 sed
969 2361 1077 2394 etiam
1097 2359 1130 2394 S.
1151 2359 1310 2402 „Procli“
1332 2359 1560 2404 patriarchae
1581 2361 1823 2396 constantino-

53 2411 199 2456 politani
237 2413 273 2455 (†
299 2414 398 2457 446),
434 2413 468 2448 S.
492 2413 772 2459 „Amphilochii“
813 2414 971 2459 episcopi
1006 2413 1199 2448 iconiensis
1236 2414 1346 2455 (saec.
1374 2413 1453 2456 IV),
1490 2414 1653 2458 Procopii
1692 2414 1823 2449 Gazaei

54 2464 90 2507 (†
115 2477 166 2500 ca.
185 2464 270 2509 528)
299 2466 454 2501 rhetoris
481 2469 517 2501 et
541 2467 797 2502 hermeneutae
821 2487 864 2490 —
890 2479 973 2501 narn
1001 2467 1069 2507 hic,
1094 2478 1165 2500 non
1184 2466 1382 2511 Procopius
1401 2465 1653 2501 Caesareensis
1683 2469 1718 2510 (†
1742 2471 1824 2513 post
1870 2482 1874 2488 ·

53 2518 135 2560 562)
162 2519 355 2554 historicus
381 2520 579 2564 significari
599 2521 742 2555 videtur
760 2540 816 2559 —‚
843 2521 1008 2555 Flaviani
1036 2520 1193 2565 episcopi
1221 2519 1425 2554 antiocheni
1454 2519 1564 2564 (saec.
1585 2520 1662 2564 IV.)
1691 2523 1727 2555 et
1753 2522 1822 2556 for-

52 2572 147 2606 tasse
165 2572 199 2607 S.
218 2573 383 2607 Flaviani
410 2585 551 2618 quoque
578 2574 804 2619 patriarchae
831 2573 1212 2619 constantinopolitani
1242 2574 1277 2615 (†
1300 2574 1399 2616 449),
1427 2573 1586 2608 Caesarii
1604 2567 1822 2610 Nazianzeni

55 2623 91 2668 (†
116 2625 183 2661 368
209 2626 268 2661 vel
295 2627 392 2670 369),
428 2627 578 2668 Meletii‚
613 2628 692 2662 sive
727 2628 917 2673 episcopus
944 2627 1004 2661 ille
1035 2627 1269 2661 antiochenus
1298 2627 1334 2669 (†
1361 2626 1447 2670 381)
1483 2627 1710 2670 significatur
1743 2629 1822 2663 sive

53 2677 218 2715 Meletius
245 2681 434 2725 episcopus
459 2681 731 2726 lykopolitanus
761 2682 796 2724 (†
822 2693 874 2716 ca.
903 2682 1000 2725 325),
1036 2682 1114 2716 sive
1140 2684 1311 2724 uterque;
1348 2692 1456 2725 opera
1482 2680 1561 2715 dico
1587 2681 1711 2716 horum
1739 2694 1820 2717 auc-

52 2733 166 2767 torum
192 2735 395 2769 nominibus
421 2737 558 2773 ornata.
585 2737 662 2770 sive
682 2747 767 2769 vere
793 2735 934 2770 illorum
954 2738 1067 2776 erant,
1094 2735 1173 2769 sive
1192 2735 1235 2769 iis
1253 2736 1356 2769 erant
1373 2735 1570 2779 supposita,
1597 2737 1638 2769 ut
1660 2735 1820 2780 „Dialogi

4 2780 5 2784 ¹
55 2788 223 2830 quatuor¹⁴
249 2786 417 2822 Caesario
443 2789 621 2833 suppositi
647 2791 742 2823 sunt.

169 2839 246 2875 Duo
271 2844 392 2878 tamen
418 2842 578 2887 scrupuli
600 2844 740 2877 Canisic'
766 2842 923 2877 animum
950 2842 1168 2888 pungebant.
1205 2841 1245 2875 In
1269 2840 1455 2883 „Summa⁴‘
1476 2841 1717 2876 Athanasium
1745 2843 1820 2888 ipse

54 2893 269 2937 produxerat
304 2895 493 2929 admodum
525 2896 736 2941 „speciosis“
773 2896 941 2931 laudibus
976 2896 1128 2930 Mariam
1165 2894 1400 2929 extollentem
1438 2894 1600 2937 (Summa
1636 2895 1820 2931 doctrinae

169 2976 196 3005 a)
217 2974 364 3009 scriptum
385 2984 484 3008 apoyr.
595 2976 625 3009 b)
650 2978 900 3010 ‘'orriyemltmme
921 2977 1036 3002 ctiam?

174 3105 190 3125 ¹'
209 3104 260 3139 De
291 3105 455 3148 „naevis“
485 3105 569 3148 illis,
595 3117 758 3141 sermone
785 3106 820 3140 in
848 3105 1052 3150 Deiparam,
1088 3104 1245 3148 liturgiis
1272 3105 1364 3147 vide,
1401 3116 1494 3149 quae
1520 3107 1602 3150 post
1628 3105 1726 3150 ipsas
1752 3103 1818 3138 has

54 3153 193 3192 litteras
218 3158 392 3193 dicentur.

1484 3218 1498 3251 1
1513 3217 1530 3235 *
