2051 3433
192 151 274 192 172
399 147 500 182 1869.
530 147 599 181 ΡΡ.
620 146 715 181 Petr.
737 145 903 180 Canisius
931 147 966 179 et
991 144 1095 190 Alph.
1115 144 1267 179 Pisanus
1294 143 1478 178 Everardo
1505 144 1741 178 Mercuriano.

413 334 656 378 Jnstructio
690 335 742 377 de
775 333 1004 385 tragoedia
1036 334 1221 388 quadam
1258 333 1490 388 Oeniponti
1523 334 1731 377 excitata.

306 407 478 450 Author
499 407 625 448 huius
648 405 901 460 tragoediae
924 405 1082 448 dicitur
1103 405 1147 448 F.
1168 406 1195 447 J
1199 419 1360 447 oannes
1382 404 1542 455 Nasus,
1573 405 1734 447 ordinis
1757 405 1798 447 S.
1823 405 1957 447 Fran-

189 473 292 516 cisci
324 473 376 515 de
408 472 700 520 obseruantia.
735 471 807 525 qui
840 471 1133 525 superioribus
1166 470 1288 512 annis
1321 470 1364 512 in
1387 471 1576 513 Bauaria
1599 470 1722 520 uixit,
1756 470 1882 512 homo
1916 470 1958 511 in

189 538 356 582 artibus
389 541 433 580 et
455 537 734 591 Philosophia
765 551 917 592 parum
942 541 1157 586 uersatus,
1192 538 1237 578 et
1259 535 1441 579 Latinae
1473 535 1647 589 linguae
1680 535 1755 578 uix
1776 534 1957 590 peritus,

190 603 361 656 ingenio
395 603 552 645 ardens
585 616 635 644 ac
667 602 913 652 uehemens,
949 602 1076 644 ualde
1108 601 1345 652 irritabilis,
1381 602 1432 643 ad
1467 601 1767 644 contentiones
1799 604 1958 643 natura

192 682 442 724 propensus,
477 667 585 711 satis
618 667 749 710 etiam
783 670 1170 722 praesumptuosus
1203 669 1334 721 atque
1368 667 1625 716 ceruicosus,
1666 669 1714 709 ut
1746 666 1842 720 alijs
1876 679 1957 707 non

190 734 317 777 facile
340 734 489 777 cedat:
524 736 569 775 et
591 747 669 775 nec
691 733 772 775 sibi
797 733 968 786 quidem
993 736 1168 775 constat
1200 733 1243 774 in
1276 732 1341 774 his
1375 747 1486 785 quae
1519 732 1646 774 docet
1678 735 1722 775 et
1754 731 1958 774 affirmat.

192 800 371 842 Placent
411 798 583 842 interim
626 799 757 852 uulgo
799 798 891 840 eius
933 798 1162 840 conciones
1205 801 1249 841 et
1287 798 1464 852 scripta,
1508 797 1764 852 praesertim
1798 797 1850 839 ob
1884 796 1960 838 ad-

189 864 371 907 mixtam
404 864 668 918 singularem
697 863 986 914 dicacitatem,
1021 866 1066 906 et
1099 864 1300 916 quoniam
1336 863 1499 905 salibus
1532 865 1576 905 et
1608 862 1712 905 iocis
1746 861 1958 904 abundat:

189 930 231 971 in
265 930 418 983 quibus
451 929 682 983 aliquando
715 943 799 971 non
833 931 961 971 cauet
993 928 1349 980 obscoenitatem,
1384 928 1549 981 sibique
1581 927 1796 982 permittit
1828 926 1960 981 pluri-

189 1010 318 1038 mum.
354 995 596 1038 Prudentes
618 1009 721 1037 uero
744 995 824 1036 hoc
847 994 1030 1036 mordax
1048 997 1092 1037 et
1115 994 1294 1036 scurrile
1312 993 1478 1036 dicendi
1503 993 1802 1046 scribendique
1825 1006 1960 1045 genus

189 1060 232 1103 in
265 1075 314 1103 eo
347 1061 692 1115 reprehendunt,
736 1060 857 1103 uelut
898 1060 1006 1102 haec
1048 1059 1292 1114 petulantia
1332 1074 1418 1101 non
1461 1062 1673 1112 congruat
1714 1058 1916 1111 religioso
1932 1059 1960 1100 1.

190 1126 418 1180 Plaerique
450 1126 664 1169 mirantur
689 1125 850 1168 homini
883 1125 1052 1167 frenum
1086 1139 1171 1167 non
1202 1125 1332 1179 inijci,
1367 1124 1436 1178 qui
1470 1127 1560 1167 tam
1596 1124 1728 1166 libere
1762 1127 1806 1166 et
1838 1122 1960 1164 illoto

192 1186 312 1228 uelut
335 1199 408 1228 ore
431 1185 668 1240 profundat
690 1199 820 1239 soepe
841 1185 930 1235 illa,
955 1199 1065 1238 quae
1088 1185 1331 1235 destruunt,
1357 1198 1441 1226 non
1465 1184 1697 1226 aedificant
1720 1182 1961 1231 audientes,

190 1251 448 1305 praesertim
473 1251 717 1305 Oeniponti,
751 1250 823 1292 ubi
846 1265 901 1292 ex
923 1250 1163 1304 potioribus
1197 1251 1357 1293 multos
1390 1249 1470 1292 sibi
1502 1250 1702 1292 fauentes
1735 1252 1779 1291 et
1811 1251 1959 1302 patro—

191 1316 388 1359 cinantes
434 1316 595 1358 habere
628 1316 797 1359 dicitur.
852 1316 1022 1358 Monuit
1053 1316 1173 1357 illum
1206 1316 1378 1357 interim
1412 1315 1608 1357 Nuncius
1640 1313 1918 1369 Apostolicus
1931 1312 1960 1361 2,

192 1384 451 1424 monuerunt
481 1382 656 1424 Domini
696 1382 999 1432 Brixinenses,
1043 1381 1283 1435 Consiliarij
1327 1395 1496 1434 quoque
1538 1380 1761 1429 Bauarici,
1805 1382 1850 1421 et
1890 1377 1963 1432 qui

192 1447 427 1502 Oeniponti
460 1448 661 1490 dicuntur
683 1447 854 1489 Domini
888 1447 940 1489 de
972 1447 1196 1500 regimine,
1232 1446 1303 1500 qui
1336 1446 1544 1501 scriptum
1568 1445 1817 1488 obtulerunt
1840 1443 1962 1486 Prin-

192 1513 289 1568 cipi,
333 1527 386 1554 ne
426 1513 644 1555 sineretur
675 1513 743 1555 hic
784 1512 924 1556 frater
956 1516 1046 1555 tam
1085 1513 1269 1555 licenter
1301 1512 1421 1554 abuti
1454 1526 1632 1554 munere
1666 1509 1961 1558 concionandi,

191 1578 266 1620 sed
300 1582 348 1621 ut
381 1579 436 1621 ad
468 1579 726 1621 modestiam
759 1579 852 1620 loco
886 1581 931 1621 et
962 1577 1146 1632 tempori
1180 1577 1470 1620 necessariam
1505 1577 1827 1619 reuocaretur3.
1875 1574 1961 1617 Jlle

192 1658 308 1695 uero,
344 1658 370 1687 a
392 1644 540 1687 multis
563 1658 692 1698 soepe
715 1644 917 1695 monitus,
952 1644 1061 1686 adeo
1089 1658 1173 1685 non
1206 1657 1253 1685 se
1286 1642 1479 1697 corrigit,
1514 1646 1561 1685 ut
1594 1642 1725 1685 etiam
1759 1639 1963 1683 audacior

192 1712 236 1751 et
253 1709 567 1753 amarulentior
583 1709 675 1751 fieri
693 1709 906 1760 uideatur,
930 1709 1043 1752 sicut
1061 1723 1116 1751 ex
1133 1708 1446 1763 posterioribus
1465 1708 1740 1750 concionibus
1758 1705 1962 1759 colligere

192 1774 306 1818 licet.
356 1775 507 1818 Jactat
547 1774 721 1817 interim
762 1775 843 1816 hoc
884 1775 963 1816 sibi
1006 1774 1277 1829 priuilegium
1311 1774 1476 1816 Romae
1515 1773 1664 1815 datum
1699 1785 1806 1823 esse,
1849 1771 1961 1824 quod

193 1839 364 1882 dicatur
405 1843 449 1883 et
489 1840 548 1883 sit
580 1840 859 1882 concionator
892 1839 1182 1894 Apostolicus,
1225 1839 1481 1893 quibusdam
1515 1838 1645 1881 etiam
1679 1836 1964 1880 facultatibus

193 1905 431 1948 instructus
464 1908 507 1948 et
540 1905 730 1948 munitus
744 1908 771 1948 4.

663 1996 727 2038 De
761 2009 905 2045 causa,
941 1994 1149 2050 principio
1182 1997 1227 2037 et
1259 2007 1492 2048 progressu

865 2060 991 2102 huius
1023 2059 1289 2114 tragoediae.

313 2138 464 2192 Coepit
494 2138 563 2180 hic
596 2138 734 2181 frater
766 2138 949 2193 primum
981 2138 1244 2192 Jngolstadij
1281 2139 1433 2179 contra
1465 2135 1729 2178 Societatem
1761 2134 1866 2176 Jesu
1900 2133 1964 2175 in—

194 2217 373 2257 surgere
405 2203 610 2256 illamque
642 2206 734 2246 tum
769 2203 890 2245 libris
923 2203 1064 2253 editis,
1107 2206 1199 2245 tum
1234 2202 1510 2244 concionibus
1544 2201 1712 2255 publice
1744 2198 1963 2241 insectari.

193 2269 319 2311 Jdem
353 2271 507 2323 postea
539 2268 643 2312 fecit
675 2269 890 2325 Monachij
926 2282 981 2311 ex
1014 2269 1110 2310 odio
1153 2268 1341 2311 fortasse
1375 2271 1418 2310 et
1450 2266 1625 2316 inuidia,
1669 2280 1763 2308 cum
1797 2264 1962 2306 uideret

194 2348 317 2376 suum
351 2334 542 2376 ordinem
575 2334 738 2389 passim
772 2334 940 2385 collabi,
976 2337 1020 2376 et
1042 2334 1122 2376 hoc
1145 2348 1302 2375 nouum
1327 2332 1559 2376 Societatis
1580 2330 1827 2374 institutum
1851 2328 1964 2383 apud

196 2399 436 2442 Germanos
468 2399 511 2441 in
544 2400 702 2442 scholis
736 2403 780 2442 et
812 2399 986 2454 templis
1020 2414 1104 2442 non
1136 2399 1331 2441 infelices
1359 2398 1518 2440 habere
1540 2410 1809 2452 progressus,
1846 2394 1963 2436 Vidit

195 2467 239 2507 et
262 2465 496 2520 Oeniponti
519 2464 750 2508 Societatis
774 2465 899 2507 huius
923 2464 1117 2506 homines
1140 2465 1181 2506 in
1206 2464 1344 2519 pretio
1367 2462 1530 2513 haberi,
1555 2475 1788 2514 eorumque
1810 2460 1961 2502 autho-

196 2531 386 2580 ritatem,
421 2533 512 2572 tum
538 2530 651 2585 apud
678 2530 917 2584 Principem
954 2532 998 2572 et
1030 2530 1121 2572 eius
1154 2529 1434 2579 consiliarios,
1468 2530 1560 2570 tum
1594 2528 1705 2582 apud
1739 2526 1846 2569 alios
1880 2538 1963 2567 non

196 2609 346 2650 parum
380 2596 540 2638 ualere.
588 2596 823 2638 Praeterea
855 2595 1021 2638 inuenit
1044 2595 1273 2650 Oeniponti
1309 2594 1516 2648 quosdam
1550 2593 1591 2634 in
1616 2592 1795 2635 eandem
1820 2590 1964 2634 Socie-

322 2732 328 2750 ¹
361 2730 550 2772 „Mordax“
585 2729 671 2763 illud
706 2728 885 2764 scribendi
921 2731 1046 2763 contra
1072 2730 1316 2773 protestantes
1343 2738 1457 2771 genus
1492 2725 1727 2770 singulariter
1754 2722 1964 2768 displicebat

197 2783 359 2824 Uanisim
398 2795 432 2818 ν.
463 2784 549 2818 Can..
578 2783 609 2817 11
647 2783 805 2823 72—77;
843 2783 998 2817 V1337.
1050 2781 1117 2823 Qui
1153 2781 1345 2826 aliquando
1380 2780 1522 2825 quidem
1558 2779 1785 2822 „Centuriam
1820 2776 1963 2810 tertiani

195 2835 282 2870 Nasi
320 2836 362 2869 de
398 2836 577 2881 corruptis
604 2836 751 2870 Lutheri
778 2835 919 2881 biblijs“
950 2835 1162 2870 lutheranae
1198 2835 1339 2869 cuidam
1375 2834 1515 2868 mulieri
1552 2833 1627 2867 dari
1664 2832 1792 2866 debere
1828 2829 1964 2864 censuit

199 2889 304 2932 (Can.
334 2890 383 2923 Vl
409 2889 515 2931 351);
548 2890 610 2924 sed
639 2892 763 2934 postea
790 2889 876 2923 Nasi
904 2890 1012 2924 libros
1040 2888 1206 2933 (aliquos.
1234 2888 1334 2933 puto)
1363 2888 1398 2922 in
1426 2886 1588 2930 collegiis
1613 2885 1751 2929 aliquot
1776 2883 1965 2919 Societatis

202 2942 486 2983 „includendos'‘,
524 2955 566 2976 ne
594 2943 700 2977 facile
727 2955 746 2977 a
773 2943 962 2987 quibusvis
988 2942 1060 2986 legi
1093 2944 1250 2987 possent,
1287 2941 1448 2980 curavit;
1485 2953 1519 2975 v.
1548 2940 1651 2980 infra,
1678 2949 1832 2973 monum.
1862 2936 1964 2971 1219.

198 2996 363 3030 Ceterum
400 3008 585 3041 perperam
619 2995 739 3030 Nasus
766 2999 915 3030 vocatur
945 2996 1105 3038 „ennemi
1141 2998 1259 3029 secret
1285 2995 1327 3029 de
1354 2985 1501 3037 l'Eglise
1538 2992 1714 3028 romaine“
1745 2990 1839 3036 apud
1867 2991 1965 3023 Daca·

199 3052 325 3093 riynac
352 3049 373 3084 l.
402 3061 431 3084 c.
459 3049 666 3089 331—332;
696 3049 754 3084 ubi
782 3050 890 3084 etiam
918 3049 1021 3094 plura
1047 3049 1089 3083 de
1117 3061 1157 3083 eo
1184 3060 1308 3093 parum
1336 3051 1431 3082 recte
1458 3047 1633 3081 dicuntur.

317 3103 329 3121 ⁹
357 3103 597 3148 Hieronymus
623 3103 666 3137 de
694 3103 825 3138 Portia.
973 3105 984 3122 ³
1011 3102 1102 3136 Vide
1129 3104 1224 3136 Hirri
1256 3102 1274 3136 Ι.
1303 3114 1332 3136 c.
1364 3102 1374 3135 l
1403 3101 1482 3135 255.
1575 3123 1608 3150 0

319 3160 327 3176 ⁴
358 3156 557 3200 Utrumque
586 3168 669 3190 vere
696 3158 730 3190 et
756 3158 853 3191 recte
888 3156 1027 3190 dicebat
1056 3156 1211 3199 (Scleo‘pf
1233 3155 1253 3189 l.
1274 3167 1303 3189 c.
1331 3155 1394 3195 38;
1423 3155 1467 3188 cf.
1495 3165 1603 3198 supra
1632 3165 1663 3198 p.
1685 3152 1781 3195 170).
