2062 3443
120 281 210 316 1573

120 445 210 480 1573

120 611 210 646 1573

120 777 210 812 1573

122 1103 212 1138 1573

108 1219 219 1260 1573

124 1417 214 1453 1573

123 1478 214 1512 1573

127 1701 217 1736 1573
267 1730 268 1755 ζ

126 1867 217 1903 1573

125 1973 217 2010 1573

127 2140 218 2175 1573

127 2200 218 2234 1573

113 2323 224 2364 1573

128 2523 220 2558 1573

131 2684 222 2720 1573

133 2792 222 2827 1573

132 2900 222 2935 1573

133 3012 224 3048 1573

134 3120 224 3156 1573
274 3126 275 3134 ’

513 162 602 197 1573
631 163 703 197 Ian.
723 162 778 196 22.
801 181 842 185 —
865 162 954 196 1573
981 161 1045 196 Iul.
1066 162 1122 198 28.
1147 162 1203 196 vel
1232 162 1337 207 paulo
1365 166 1456 197 ante.

1747 176 1837 200 xmn

280 281 377 315 inter
392 281 526 314 ineunt.
540 280 624 324 Apr.
644 293 645 320 l
665 278 701 314 C.
723 279 855 313 Romae
882 279 1132 313 adulescentes
1152 280 1293 323 collegii
1312 281 1510 324 germanici
1530 284 1596 315 etc.
1617 281 1839 319 exhortatur,

303 337 337 368 et
365 334 500 368 exitum
528 333 599 367 Iun.
644 350 645 362 ι

348 446 560 491 Apr.—lun.

376 614 460 657 Apr.
483 613 535 647 15.

377 782 460 824 Apr.
481 779 536 813 22.

377 1109 462 1152 Apr.
481 1106 538 1141 23.

358 1220 461 1277 Apr.
487 1223 555 1265 26.

380 1425 464 1469 Apr.
484 1424 540 1459 26.

381 1484 465 1529 Apr.
486 1483 542 1517 29.

389 1703 477 1737 Maii
506 1703 537 1737 1.

267 1858 269 1930 ζ
326 1870 412 1905 Maii
438 1870 470 1904 2.
499 1872 535 1904 et
560 1868 592 1904 3.

397 1977 474 2012 Iun.
494 1978 526 2012 5.

383 2144 457 2179 Iun.
483 2144 537 2179 16.

383 2204 459 2238 Iun.
481 2203 537 2238 22.

367 2324 458 2367 Iun.
485 2325 552 2367 25.

349 2525 460 2560 Paulo
491 2527 572 2570 post

385 2579 441 2614 25.
462 2579 541 2614 Iun.

301 2686 373 2721 Sub
399 2686 533 2721 ineunt.
558 2684 624 2720 Iul.

434 2792 500 2827 Iul.

434 2898 500 2933 Iul.

338 3014 433 3047 Ante
459 3012 517 3048 28.
534 3011 599 3047 Iul.

351 3119 416 3155 Iul.
443 3119 500 3155 28.
527 3118 587 3154 vel

356 3172 464 3215 paulo
491 3175 583 3226 ante⁸

724 333 870 377 pietatis
905 344 1072 367 romanae
1109 333 1273 378 exempla
1309 333 1458 377 colligit,
1495 345 1574 368 cuin
1612 334 1645 368 S.
1676 334 1840 379 Philippo

722 386 839 423 Nerio.
870 386 1020 420 Baronio
1047 388 1113 421 etc.
1143 387 1369 421 familiariter
1395 388 1472 431 agit
1501 388 1615 429 (666).

643 436 704 480 illl
743 447 956 480 bibliothecis
992 448 1192 480 cardinalis
1228 448 1371 490 Sit-leti,
1409 450 1568 481 scitii-(ma
1606 453 1664 481 ecc.
1694 448 1839 481 Parrum

721 502 922 540 sententias,
943 503 1120 543 impre‘im's
1135 512 1294 543 yram-(13,
1313 503 1354 534 (le
1372 502 1412 534 B.
1437 503 1557 534 Maria
1579 502 1614 534 1⁷.
1634 506 1663 535 et
1683 502 1717 535 S.
1743 503 1842 535 l‘etro

723 555 855 597 eollt'yit
884 554 968 595 (143
996 554 1094 596 666).

664 613 855 648 Societatis
890 614 1122 656 congregatio
1149 613 1329 656 generalis
1356 614 1418 648 Ill.
1449 614 1519 650 (12.
1547 616 1630 658 Apr.
1658 613 1838 655 incohata)

724 666 921 707 constituit,
949 671 987 700 ut
1015 667 1047 700 in
1068 666 1242 700 electione
1269 668 1463 711 praepositi
1490 667 1668 711 generalis
1688 668 1724 702 C.
1747 667 1842 707 (cum

725 722 744 754 3
771 720 869 762 aliis)
898 719 1072 754 electores
1104 719 1302 762 „includat“
1337 721 1453 764 (667).

666 779 859 814 lncohatur
885 779 1012 814 electio
1040 780 1234 825 praepositi
1261 780 1452 824 generalis,
1481 780 1517 814 C.
1538 782 1573 814 et
1592 780 1612 813 3
1633 779 1712 814 aliis
1733 779 1845 813 Sociis

725 834 898 868 electores
925 834 1223 868 custodientibus.
1268 833 1452 867 Electione
1471 834 1637 868 mandato
1664 833 1844 879 pontificio

725 887 767 920 de
794 899 862 920 non
890 887 1054 931 eligendo
1081 899 1261 931 quoquam
1289 887 1440 932 hispano
1468 887 1677 932 interrupta,
1706 888 1743 921 C.
1765 898 1844 920 cum

724 941 805 975 aliis
833 940 945 975 Sociis
971 941 1129 975 mittitur
1156 939 1350 975 Tusculum
1378 941 1422 975 ad
1450 940 1663 984 Gregorium
1684 940 1779 974 XIII.
1808 940 1844 974 li-

725 995 830 1028 berae
867 994 1052 1028 electionis
1088 995 1334 1039 impetrandae
1371 995 1499 1038 gratia.
1551 994 1627 1036 Qua
1654 995 1844 1039 impetrata

725 1048 776 1082 illi
804 1051 909 1081 noctu
937 1048 1087 1082 redeunt
1113 1047 1260 1083 Romam
1290 1049 1405 1091 (667).

667 1107 704 1142 C.
732 1108 879 1152 eiusque
914 1108 1020 1142 sociis
1048 1107 1225 1142 electores
1260 1108 1546 1143 custodientibus
1578 1108 1611 1142 l'.
1640 1107 1846 1141 Everardus

726 1162 976 1196 Mercurianus
1002 1161 1149 1205 eligitur
1175 1162 1400 1207 praepositus
1428 1162 1609 1206 generalis
1634 1161 1750 1205 (668).

667 1222 709 1265 C.
756 1222 811 1264 ad
856 1222 1244 1277 congregationem
1289 1223 1540 1276 generalem
1586 1222 1844 1271 admittitur,

728 1291 914 1342 excepta
941 1288 1154 1330 electione
1183 1287 1481 1330 assistentium
1509 1287 1745 1342 praepositi
1771 1301 1846 1341 ge-

728 1353 890 1396 neralis
922 1353 1062 1407 (669).

669 1423 863 1458 Consessui
889 1423 1040 1458 interest
1070 1425 1184 1467 (669).

669 1483 799 1518 Sessio.
843 1483 880 1518 C.
909 1495 987 1518 cum
1016 1484 1036 1518 6
1063 1483 1144 1518 aliis
1179 1484 1390 1527 designatur
1426 1483 1470 1517 ad
1503 1482 1659 1517 notanda
1692 1482 1848 1516 instituti

729 1537 762 1572 S.
790 1538 823 1572 J.
851 1537 928 1571 loca
956 1537 1105 1572 concilio
1133 1537 1341 1571 Tridentino
1378 1537 1618 1582 repugnantia
1645 1538 1681 1570 et
1707 1535 1750 1570 ad
1779 1535 1848 1570 col-

728 1590 893 1634 ligendas
920 1590 1155 1626 difficultates
1183 1590 1479 1626 constitutionum
1508 1593 1544 1624 et
1563 1589 1740 1624 bullarum
1762 1589 1795 1623 S.
1816 1589 1848 1623 J.

731 1644 816 1687 (669
844 1643 944 1688 670).

670 1699 823 1732 Ioannes
843 1699 1011 1732 Molanns
1031 1699 1217 1741 professor
1234 1699 1479 1741 lz‘brormnque
1497 1708 1620 1731 censor
1638 1698 1850 1730 loc-aniensis

733 1753 872 1786 Canisii
891 1753 1157 1795 „Institutiones
1181 1757 1209 1785 et
1230 1752 1503 1785 erercitamenta
1526 1751 1754 1786 Christianae
1777 1752 1850 1793 pir-

717 1804 822 1839 tatt‘s“
843 1806 1003 1839 omnibus
1028 1806 1230 1839 litterarium
1256 1805 1424 1838 studiosis
1451 1805 1669 1838 commendat
1698 1803 1812 1847 (700).

672 1865 708 1900 C.
740 1865 776 1900 P.
799 1865 989 1899 Lamberto
1017 1867 1114 1899 Auer
1150 1864 1280 1898 rectori
1315 1864 1525 1907 moguntino
1552 1863 1716 1898 morienti
1748 1863 1849 1897 adest

731 1919 880 1964 eiusque
907 1930 1110 1963 supremam
1131 1918 1354 1952 voluntatem
1373 1917 1505 1951 litteris
1524 1917 1714 1961 consignat
1735 1916 1849 1959 (120).

651 1973 802 2007 *Sessio
847 1972 1043 2015 Leguntur,
1071 1983 1162 2016 quae
1182 1972 1220 2006 C.
1239 1972 1389 2016 eiusque
1416 1971 1504 2005 socii
1532 1971 1574 2005 de
1600 1970 1750 2005 concilio
1774 1969 1849 2004 Tri-

732 2027 876 2061 dentino
907 2026 1141 2069 collegerunt,
1177 2027 1213 2059 et
1238 2024 1468 2070 praepositus
1494 2024 1674 2068 generalis
1709 2023 1849 2058 relaxa-

732 2080 864 2114 tionem
893 2080 1071 2124 quandam
1099 2091 1119 2114 a
1146 2078 1316 2124 pontifice
1342 2081 1466 2124 petere
1493 2079 1635 2113 iubetur
1663 2077 1778 2121 (670).

652 2136 791 2176 'Sessio
818 2140 954 2174 ultima.
999 2139 1240 2184 Congregatio
1267 2138 1448 2182 generalis
1475 2138 1674 2172 absolvitur
1703 2137 1816 2179 (670).
1862 2170 1873 2176 ,

652 2191 653 2208 ³
674 2200 812 2235 12—14
838 2199 1029 2234 societatis
1054 2198 1213 2242 theologi
1239 2198 1293 2241 (et
1318 2198 1353 2232 in
1379 2197 1438 2232 his
1457 2197 1623 2232 Canisius
1634 2197 1669 2241 ‘?)
1697 2197 1752 2232 bis
1771 2208 1851 2231 con-

731 2254 871 2298 gregati
899 2253 942 2287 ad
971 2252 1201 2298 quaestiones
1227 2252 1270 2286 de
1297 2252 1372 2294 5⁰70
1399 2251 1615 2297 respondent
1644 2251 1758 2293 (671).

652 2308 653 2320 ἵ
674 2321 910 2375 Gregorius
933 2321 1064 2372 XIII„
1099 2320 1142 2364 C.
1167 2323 1212 2363 et
1235 2324 1259 2361 4
1284 2319 1380 2362 aliis
1405 2318 1540 2361 Sociis
1572 2317 1856 2368 instantibus.¹

732 2386 941 2430 Societati
961 2400 1037 2441 pro
1057 2385 1354 2440 septentrione
1372 2384 1533 2426 multas
1550 2383 1701 2426 tribuit
1715 2383 1852 2425 facul-

731 2454 848 2495 tates
882 2452 934 2495 ad
969 2452 1136 2495 animas
1168 2451 1382 2493 iuvandas
1416 2448 1554 2502 (674).

674 2522 712 2558 C.
740 2534 820 2557 cum
849 2522 918 2557 PP.
944 2521 1102 2561 Hoffaeo,
1131 2520 1293 2561 Peltano,
1323 2519 1463 2561 Pisano,
1491 2519 1588 2562 Mag.
1608 2517 1783 2562 Gregorio
1811 2517 1852 2552 de

734 2575 913 2617 Valentia,
942 2575 996 2609 Fr.
1016 2575 1182 2609 Bauceno
1207 2573 1299 2608 laico
1317 2573 1352 2607 in
1372 2572 1603 2608 Germaniam
1630 2583 1758 2606 versus
1776 2582 1852 2616 pro-

732 2629 908 2664 ficiscitur
934 2628 1051 2672 (678).

674 2684 713 2719 P.
742 2683 946 2718 Valentiam
978 2681 1244 2716 febricitantem
1270 2678 1482 2715 Florentiae
1509 2679 1552 2713 ad
1579 2681 1721 2723 tempus
1749 2677 1852 2712 relin-

735 2739 849 2781 quunt
884 2735 997 2779 (678).

674 2792 879 2826 Baucenum
919 2789 1082 2833 graviter
1124 2789 1372 2831 aegrotantem
1410 2784 1610 2821 Ferrariae
1647 2784 1854 2830 relinquunt

742 2843 839 2887 678).

676 2844 778 2934 C.(et
804 2896 976 2931 Peltanus
996 2894 1186 2929 Hoffaeum
1212 2894 1479 2929 febricitantem
1506 2904 1587 2928 cum
1616 2892 1749 2927 Pisano
1777 2889 1853 2926 Tri-

736 2949 837 2986 «lenti
864 2949 1072 2994 relinquunt
1101 2948 1217 2992 (678).

677 3010 716 3046 C.
743 3008 980 3055 Oenipontem
1008 3008 1173 3047 advenit;
1201 3008 1330 3042 iterum
1358 3007 1401 3041 de
1429 3007 1467 3042 Β.
1494 3006 1609 3040 Maria
1627 3005 1670 3040 V.
1698 3003 1855 3038 scribere

738 3064 864 3109 incipit
893 3063 1007 3106 (127).

677 3116 790 3153 Halae
817 3115 1068 3161 Magdalenam
1095 3115 1255 3159 reginam
1283 3114 1408 3149 invisit
1438 3114 1552 3155 (679).
