2062 3443
140 1346 229 1381 1578

140 1452 229 1487 1578

140 1558 230 1592 1578

140 1771 230 1807 1578

140 1880 229 1914 1578

140 1991 230 2027 1578

140 2099 230 2134 1578

141 2206 230 2241 1578

142 2259 230 2294 1578

141 2366 230 2402 1578

140 2474 230 2509 1578

141 2580 231 2615 1578

141 2687 232 2722 1578

142 2795 232 2830 1578

108 2848 151 2883 ad
175 2849 264 2883 1579

142 2955 232 2991 1579

143 3117 232 3151 1579

556 159 646 194 1578
672 159 740 194 sub
767 159 872 193 Mart.
895 160 924 193 1.
944 178 988 183 --
1010 159 1099 194 1579
1127 158 1270 192 ineunte
1297 169 1398 192 anno.
1782 171 1858 194 Lvn

361 278 425 313 Iul.
451 278 585 313 1.—12.
685 276 873 316 Monachii,
910 279 949 311 ut
975 276 1129 316 videtur,
1166 287 1245 310 cum
1274 275 1421 310 Hoffaeo
1458 276 1667 321 provinciali
1695 280 1861 311 versatur

763 330 864 364 451).

402 386 551 418 Aestate
683 329 816 427 Ayitw·
842 385 883 416 (le
906 385 1132 426 praefatione
1161 385 1319 416 Mis-salis
1349 384 1628 417 Constantiensis
1658 396 1679 417 (ι
1709 386 1746 419 C.
1772 387 1861 418 scri-

742 438 854 471 benda
885 437 999 477 (797).

362 492 455 534 Aug.
479 491 589 525 1.—9.
684 490 720 525 C.
749 488 1019 535 Landsliergae.
1048 495 1088 523 ut
1115 490 1268 529 videtur,
1296 501 1375 524 cum
1407 490 1552 524 Hofl'aeo
1580 494 1739 525 moratur
1765 503 1860 525 eum-

743 555 810 587 que
839 545 870 577 in
899 543 1080 577 visitanda
1117 543 1218 576 domo
1246 543 1437 577 Societatis
1473 543 1640 584 adiuvat;
1678 544 1859 578 Sociorum

742 597 850 630 libros
876 596 1010 630 lustrat
1038 596 1120 638 (451
1153 596 1250 638 781).

368 653 474 687 Brevi
501 655 583 698 post
683 648 810 684 Halani
839 650 934 693 (cum
956 649 1101 684 Hoffaeo
1124 649 1344 694 provinciali,
1367 652 1406 683 ut
1425 649 1594 691 videtur,)
1623 650 1860 695 proficiscitur

396 709 488 750 Aug.
515 708 546 740 8.
745 704 860 746 (451).

300 760 402 795 Circa
431 759 521 794 med.
552 755 854 802 Aug.'Brixinae
892 757 936 791 ab
976 758 1142 801 episcopo
1181 757 1379 802 amplarum
1421 758 1634 792 facultatum
1675 769 1860 792 sacrarum

741 810 1045 845 confirmationem
1075 809 1189 844 Sociis
1217 811 1386 854 impetrat
1415 811 1531 853 (797).

336 869 423 911 Aug.
452 870 487 900 et
514 866 612 911 Sept.
682 864 869 898 Hoffaeum
907 863 1164 908 provincialem
1199 862 1310 898 Halae
1346 865 1380 898 in
1418 864 1569 909 collegio
1596 865 1776 899 visitando
1803 866 1861 900 ad-

662 947 663 975 }
743 918 843 952 iuvat
873 918 955 960 (451
986 917 1084 960 797).

388 973 485 1019 Sept.
507 974 561 1008 16.
663 970 899 1027 *Magdalena
935 970 1181 1004 archidncissa
1218 970 1255 1005 C.
1283 971 1396 1005 dictat
1431 971 1623 1016 epistulam
1651 972 1694 1006 ad
1723 973 1862 1007 Mercu-

663 1036 664 1085 (
741 1025 879 1058 rianum
901 1024 1143 1069 praepositum
1163 1025 1381 1068 generalem,
1401 1036 1472 1069 qua
1490 1025 1532 1059 de
1547 1026 1727 1060 Societate
1747 1027 1862 1071 queri-

663 1088 676 1118 ἦ,
743 1082 801 1112 tur
829 1078 944 1120 (454).

387 1135 484 1180 Sept.
504 1134 560 1168 20.
684 1132 720 1167 C.
749 1132 793 1165 ab
823 1131 968 1165 Hoffaeo
1004 1131 1214 1175 provinciali
1251 1131 1344 1165 Hala
1378 1132 1535 1166 mittitur
1561 1130 1790 1167 Monachium
1818 1133 1862 1167 ad

743 1185 974 1221 Guilielmum
998 1186 1172 1219 Bavariae
1193 1185 1401 1230 principem,
1431 1189 1575 1231 propter
1596 1186 1631 1221 P.
1653 1187 1862 1230 Menginum

743 1239 1003 1274 confessarium
1042 1239 1192 1273 rectoris
1230 1239 1348 1273 officio
1389 1240 1548 1274 levatum
1587 1243 1861 1275 succensentem

744 1293 859 1336 (457).

335 1347 408 1382 Sub
435 1347 532 1393 Sept.
553 1347 609 1381 23.
683 1347 831 1381 Animos
858 1346 1039 1381 Guilielmi
1073 1350 1107 1381 et
1135 1347 1293 1390 Mengini
1331 1346 1470 1392 placat:
1509 1347 1719 1392 disciplinae
1746 1348 1862 1383 Socie-

664 1432 665 1443 ,
744 1400 829 1434 tatis
856 1400 1011 1434 consulit
1039 1400 1154 1441 (458).

315 1454 386 1489 Sub
405 1455 512 1489 finem
532 1453 630 1499 Sept.
683 1451 810 1488 Halani
847 1453 949 1487 redit.
999 1453 1087 1488 Cum
1118 1453 1263 1487 Hoffaeo
1299 1453 1511 1498 provinciali
1547 1454 1590 1488 de
1618 1454 1800 1489 Guilielmi
1828 1457 1864 1489 et

743 1506 903 1550 Mengini
932 1518 1042 1541 causa
1069 1508 1145 1550 agit
1177 1506 1291 1550 (459).

309 1562 406 1607 Sept.
426 1561 481 1596 29.
502 1560 560 1595 vel
580 1560 638 1596 30.
683 1560 732 1594 Io.
769 1561 871 1605 Bapt.
911 1561 1096 1612 castagna
1130 1560 1422 1605 archiepiscopus
1460 1562 1685 1596 rossanensis
1720 1574 1739 1595 a
1776 1561 1863 1597 Gre-

744 1614 843 1658 gorio
872 1613 967 1648 XIll.
995 1614 1029 1648 in
1057 1613 1284 1648 Germaniam
1314 1613 1458 1658 legatus
1484 1613 1685 1660 Oeniponte
1717 1628 1795 1650 cum
1825 1615 1862 1650 C.

748 1668 800 1708 (et
825 1667 905 1702 aliis
932 1667 1061 1711 Sociis)
1091 1668 1133 1702 de
1160 1668 1267 1702 rebus
1294 1667 1411 1712 Belgii
1438 1671 1506 1703 etc.
1541 1669 1691 1703 consilia
1726 1670 1865 1703 confert

664 1710 666 1752 l
744 1720 861 1765 (461).

436 1775 514 1810 Oct.
663 1755 722 1865 ῙΟ.
753 1775 938 1809 Hoffaeum
975 1775 1232 1820 provincialem
1266 1776 1300 1810 in
1328 1775 1480 1819 collegio
1515 1776 1752 1821 oenipontano
1778 1776 1861 1811 visi-

744 1829 853 1863 tando
879 1829 1030 1863 adiuvat
1058 1830 1173 1873 (463).

397 1886 477 1921 Oet.
501 1887 552 1920 19.
664 1868 840 1932 llnterest
880 1883 935 1926 (ut
960 1883 1120 1926 videtur)
1158 1884 1384 1918 renovationi
1411 1888 1576 1918 votorum
1613 1884 1861 1928 religiosorum

664 1936 666 1943 '
746 1937 863 1978 (464).

427 1993 518 2028 Nov,
687 1991 938 2033 Dus-saldoipii
982 2018 998 2034 „
1010 1991 1144 2024 Parvus
1189 1991 1427 2025 Catecliismecs
1473 1991 1758 2025 CathoHcommst
1804 2003 1863 2024 ex-

664 2050 667 2072 l
745 2045 890 2077 cuditur
917 2044 1030 2084 (799).

429 2100 520 2135 Nov.
664 2075 874 2141 lAugustae
902 2097 939 2132 C.
966 2097 1111 2131 Hoffaeo
1138 2098 1352 2143 provinciali
1377 2098 1413 2132 in
1433 2098 1624 2132 Societatis
1650 2098 1752 2132 domo
1779 2098 1861 2132 visi-

744 2151 854 2185 tanda
880 2151 984 2185 adest
1012 2151 1130 2195 (464).

404 2207 494 2242 Nov,
515 2208 546 2242 7,
685 2204 861 2240 Versatur
889 2205 944 2247 (ut
971 2205 1128 2249 videtur)
1158 2207 1347 2248 Augustae
1375 2205 1492 2249 (464).

385 2260 477 2296 Nov.
506 2261 558 2296 16.
685 2260 852 2304 Augusta
871 2259 913 2293 ad
935 2258 1185 2293 Balthasarem
1212 2259 1378 2294 abbatem
1399 2259 1599 2294 fuldensem
1623 2259 1766 2294 litteras
1785 2271 1864 2294 con-

745 2313 934 2348 solatorias
961 2312 1022 2346 dat
1049 2313 1164 2356 (469).
1664 2314 1668 2319 ’

365 2368 477 2403 Paulo
504 2372 584 2414 post
685 2365 871 2412 Dilingaln
898 2366 1148 2411 proficiscitur,
1187 2367 1334 2401 Hoffaeo
1361 2366 1574 2412 provinciali
1601 2366 1645 2401 ad
1672 2366 1865 2410 collegium

391 2422 444 2456 16.
468 2421 558 2457 Nov.
745 2422 967 2456 visitandum
993 2432 1137 2465 operam
1166 2421 1457 2456 commodaturus
1485 2420 1604 2465 (472).

302 2476 405 2511 Circa
429 2476 537 2510 finem
555 2475 646 2510 Nov.
686 2475 724 2510 C.
751 2487 771 2509 a
799 2474 991 2510 Guilielmo
1020 2474 1096 2518 (V.)
1124 2475 1301 2508 Bavariae
1332 2475 1493 2520 principe
1520 2474 1718 2509 accessitur
1746 2473 1866 2510 Mona-

745 2527 864 2563 chium
895 2528 1010 2571 (473).

301 2583 450 2617 Ineunte
477 2586 514 2617 et
532 2583 647 2617 medio
686 2582 775 2617 Cum
811 2582 1032 2627 principibus
1064 2582 1106 2616 de
1142 2582 1362 2616 confessario
1397 2581 1570 2616 mutando
1604 2582 1741 2617 frustra
1767 2583 1866 2625 agit;

432 2636 518 2671 Dec.
745 2636 867 2677 efficit,
880 2638 919 2669 ut
932 2636 970 2671 P.
980 2635 1140 2679 Mengini
1156 2635 1367 2670 confessarii
1379 2646 1495 2670 mores
1507 2635 1734 2680 corrigantur
1750 2636 1866 2677 (475).

398 2691 480 2725 Dec.
501 2690 556 2724 24.
686 2691 716 2724 A
752 2689 943 2724 Guilielmo
979 2689 1139 2734 principe
1175 2691 1348 2723 evocatus
1383 2700 1463 2723 cum
1500 2701 1540 2723 eo
1576 2689 1618 2723 de
1655 2689 1865 2724 confessarii

745 2755 854 2778 causa
880 2745 1044 2777 suaviter
1071 2745 1261 2787 fausteque
1287 2743 1364 2786 agit
1393 2742 1508 2786 (478).

454 2817 495 2821 —
689 2798 899 2832 Cateehismi
926 2799 1107 2831 canisiani
1133 2798 1320 2840 explicatio
1347 2799 1385 2830 rin
1409 2798 1525 2830 urbem
1554 2808 1726 2841 (lyrasque
1751 2797 1865 2831 lucei·-

747 2863 866 2885 nenses
898 2863 966 2895 per
991 2852 1213 2884 cardinalem
1239 2852 1421 2894 Altaemps
1457 2856 1486 2884 et
1514 2851 1729 2894 reipublicae
1754 2853 1866 2894 maqi-

745 2911 880 2938 stratus
907 2906 1092 2938 inducitur
1122 2904 1236 2947 (765).

342 2957 491 2992 Ineunte
517 2970 610 2992 anno
692 2960 852 2992 Holmiae
875 2960 1013 2992 suecica
1039 2959 1152 2992 versio
1174 2959 1309 3002 „Parvi
1338 2958 1551 2992 Catechismi
1581 2955 1864 2991 Catlzolicoremst

747 3014 929 3045 canisiani
954 3014 1046 3055 typis
1072 3012 1310 3051 exsc›·ibiteir,·
1345 3012 1471 3045 ibidem
1499 3012 1590 3045 idem
1616 3011 1705 3044 liber
1727 3022 1867 3054 yerma-

747 3068 822 3099 nice
849 3067 969 3099 editui·
999 3065 1114 3105 (800).

458 3138 495 3142 -
689 3120 850 3163 „Parvus
878 3119 1114 3153 catechismus
1145 3117 1429 3152 Catholicormn“
1459 3119 1577 3151 editur
1602 3119 1712 3151 latine
1738 3118 1866 3151 Crctco·

746 3175 832 3215 viae,
862 3174 1040 3215 Dilinyae,
1071 3173 1211 3215 Romae,
1240 3174 1482 3206 Salmcmticae
1511 3170 1628 3215 (802).
