2051 3433
232 143 317 183 388
423 140 522 174 1969.
552 139 718 173 canisius
745 139 927 174 Everardo
954 139 1190 174 Mercuriano.
1235 139 1455 183 Ingolstadio
1483 139 1513 174 6.
1535 139 1688 173 Ianuarii
1718 140 1821 174 1577.

231 258 403 308 solatiO,
449 258 484 299 si
518 258 682 300 tamdiu
726 260 904 312 optatus
936 258 1152 300 Visitator
1185 257 1360 299 tandem
1405 257 1644 306 accederet,
1688 257 1871 311 indeque
1906 272 2005 312 pro-

232 324 396 366 uintiae
430 323 581 364 liuius1
616 323 843 365 fructuosa
874 323 1101 365 renouatio
1126 322 1291 376 sperari
1315 326 1359 364 et
1383 323 1520 376 accipi
1552 325 1712 376 posset,
1748 337 1877 376 quum
1910 337 2005 365 sese

231 403 380 431 omnes
413 389 546 430 libere
579 388 894 442 patefacerent,
927 402 1092 441 suaque
1126 388 1340 429 desideria
1373 391 1417 430 et
1449 402 1576 429 sensa
1609 388 1894 442 explicarent.

350 454 586 506 Collegium
621 454 700 495 boc
733 468 817 494 non
850 457 996 507 potest
1029 468 1123 495 eum
1159 468 1282 494 usum
1317 457 1361 496 et
1394 453 1581 495 fructum
1615 454 1838 507 praebere,
1879 467 2003 506 quem

230 519 432 572 Dilingae
455 518 709 572 colligimus,
746 519 972 571 quoniam³
1006 521 1271 573 potestatem
1296 519 1338 560 in
1362 519 1581 560 studiosos
1603 519 1730 561 ualde
1754 519 2003 572 impeditam

230 585 376 634 habet,
419 598 558 637 neque
591 584 766 638 propria
799 584 947 626 schola
981 584 1245 634 conceditur,
1286 598 1397 637 quae
1429 584 1502 625 uix
1536 586 1639 625 ante
1673 598 1808 625 annos
1841 584 2004 636 aliquot

231 653 472 699 extruetur,
507 653 552 692 et
584 664 745 703 magna
777 649 845 690 hic
879 649 999 702 uiget
1030 649 1222 697 licentia,
1257 663 1367 702 quae
1389 653 1528 692 totum
1553 649 1827 703 gymnasium
1851 662 2006 703 prope-

231 715 404 757 modum
438 715 600 756 infame
633 715 776 756 reddit
809 715 923 768 apud
957 717 1144 757 exteros.
1194 715 1277 756 Sed
1301 714 1489 757 fortasse
1512 714 1721 769 paulatim
1750 714 2008 756 inueteratis

231 780 391 822 morbis
432 780 624 822 remedia
657 780 869 832 quaedam
911 780 1242 829 adhibebuntur,
1286 779 1495 833 nobisque
1538 779 1756 834 patienter
1790 779 2005 832 agendum

231 845 404 887 uidetur
436 845 489 886 ob
522 845 754 899 capitosos,
789 858 843 886 ne
877 845 1111 887 crabrones
1144 844 1305 887 irritati
1339 845 1621 887 domesticam
1655 859 1824 898 quoque
1856 858 2006 898 pacem

231 910 354 952 nobis
387 910 635 953 obturbent.
681 910 900 952 Debemus
933 924 1038 952 sane
1071 909 1240 964 gratias
1273 910 1441 952 liberali
1466 909 1697 964 Principi2,
1733 910 1800 951 cui
1833 912 1879 951 et
1900 923 2007 964 opus

232 976 475 1018 Marianum
507 975 768 1030 nuncupaui‚
803 978 848 1018 et
881 976 952 1029 qui
985 989 1089 1029 prae
1124 976 1307 1018 caeteris
1332 975 1602 1029 Principibus
1636 979 1808 1017 nostros
1836 975 2009 1017 uidetur

230 1041 435 1096 amplecti
468 1044 600 1093 atque
633 1040 941 1094 magnifacere.
988 1042 1227 1083 Conseruet
1250 1041 1448 1083 dominus
1481 1042 1591 1082 hanc
1616 1040 1862 1090 Bauariam,
1897 1054 2008 1093 quae

230 1107 326 1149 sola
369 1107 482 1149 inter
529 1109 597 1149 tot
642 1106 884 1161 prouintias
928 1120 1013 1148 non
1061 1106 1238 1157 cecidit,
1288 1107 1363 1148 sed
1406 1109 1659 1148 constanter
1700 1105 1865 1148 auitam
1907 1105 2008 1147 reli·

231 1173 402 1226 gionem
436 1174 598 1214 tuetur.

350 1238 576 1279 Hactenus
609 1236 831 1279 nobiscum
867 1237 934 1278 hic
967 1237 1051 1278 fuit
1083 1237 1488 1279 Reuerendissimus
1520 1237 1571 1279 D.
1597 1236 1788 1279 Nuntius
1816 1235 2007 1284 Portia3,

232 1303 304 1356 qui
336 1317 449 1344 nunc
481 1302 754 1356 Moguntiam
788 1306 832 1345 et
865 1302 1085 1343 Coloniam
1119 1304 1252 1356 petet.
1307 1302 1456 1356 Nepos
1490 1302 1581 1344 eius
1614 1302 1665 1344 D.
1690 1302 2009 1354 Hieronymus*

231 1372 322 1410 tam
345 1367 542 1421 grauiter
565 1368 797 1418 decumbit,
832 1371 880 1410 ut
902 1367 1033 1410 morti
1056 1367 1279 1421 proximus
1302 1367 1538 1410 habeatur:
1563 1370 1745 1420 uterque
1778 1370 2006 1408 nostram

230 1438 452 1487 gentem
496 1433 732 1486 diligitf‘.
797 1433 1002 1475 Fortasse
1036 1432 1200 1474 moneri
1242 1436 1390 1487 posset
1424 1432 1702 1475 Prouintialis
1735 1432 1916 1481 Rheni&
1963 1435 2009 1474 ut

231 1499 359 1541 huius
391 1498 760 1540 Reuerendissimi
801 1498 952 1553 Nuntij
997 1498 1212 1540 rationem
1245 1499 1510 1552 singularem
1554 1498 1748 1547 haberet,
1791 1511 1922 1550 quum
1955 1510 2008 1539 ex

232 1565 376 1607 animo
399 1564 561 1607 nostris
583 1564 748 1611 faueat.
783 1578 834 1605 ac
857 1564 1039 1606 subinde
1061 1564 1245 1614 laboret,
1280 1567 1433 1618 utpote
1456 1563 1814 1613 ualetudinarius‚
1837 1565 2009 1604 nostro·

232 1643 413 1684 rumque
447 1629 638 1684 consilijs
679 1630 867 1672 libenter
907 1632 1072 1673 utatur.
1136 1629 1373 1682 Collegium
1418 1629 1696 1682 Dilinganum
1736 1642 1908 1682 semper
1947 1627 2010 1669 illi

232 1695 351 1738 cordi
384 1695 480 1745 fuit,
524 1698 568 1738 et
601 1695 654 1737 de
686 1696 759 1737 illo
793 1695 981 1737 iuuando
1015 1695 1166 1738 scribit
1198 1695 1382 1736 Romam
1414 1695 1585 1745 iterum,
1625 1694 1827 1745 quoniam
1860 1693 2008 1736 Jllust.

232 1761 357 1804 Card.
393 1761 600 1802 Moronus
631 1760 746 1803 illius
781 1774 927 1802 curam
961 1760 1226 1814 singularem
1261 1760 1465 1814 suscepit.

352 1826 650 1880 Expectamus
673 1826 774 1879 quid
797 1826 966 1868 Jllustr.
988 1825 1113 1868 Card.
1133 1825 1493 1873 Constantiensis,
1518 1839 1569 1866 ac
1587 1822 1839 1866 Archiduxb
1861 1822 2010 1865 Ferdi-

233 1891 402 1933 nandus
425 1891 602 1933 tandem
626 1890 787 1933 facturi
810 1891 920 1933 sint:
945 1905 1075 1944 quum
1099 1891 1245 1932 amboc
1264 1890 1316 1932 de
1339 1890 1522 1943 collegio
1547 1889 1752 1943 erigendo
1776 1889 1971 1942 cogitent
1982 1888 2010 1931 7.

234 1971 284 1999 ac
317 1956 390 1998 ille
426 1957 596 2010 quidem
642 1957 694 1998 de
736 1970 813 1998 suo
847 1956 1113 2011 Episcopatu
1157 1955 1320 1998 rectius
1362 1955 1666 1998 constituendo
1708 1954 1823 2009 piam
1866 1967 2013 1995 curam

231 2022 446 2077 suscepit,
501 2022 577 2063 sed
621 2021 728 2063 nihil
773 2022 1038 2076 respondent
1083 2021 1440 2064 Constantienses
1484 2035 1510 2063 a
1555 2019 1678 2062 nobis
1722 2019 1916 2069 monitiS,
1967 2022 2013 2061 ut

232 2090 383 2130 nostra
409 2087 446 2129 si
478 2088 627 2138 uelint,
662 2101 795 2142 opera
828 2087 1035 2130 utanturd
1067 2087 1181 2129 sicut
1215 2087 1260 2129 P.
1285 2086 1548 2129 Posseuinus
1580 2085 1819 2139 scripserat
1851 2084 2014 2126 facien-

233 2154 335 2195 dum
370 2166 480 2196 esse.

352 2218 474 2267 Quod
506 2221 728 2272 superest,
772 2217 1024 2260 commendo
1058 2231 1127 2259 me
1159 2216 1393 2271 plurimum
1427 2217 1473 2259 P.
1498 2217 1546 2259 T.
1581 2216 1760 2269 eiusque
1791 2214 2016 2269 sac1ificijs

232 2286 278 2325 et
309 2283 510 2337 precibus
552 2283 594 2324 in
628 2282 799 2325 Christo
833 2282 1016 2324 Domino
1050 2284 1214 2333 nostro,
1259 2282 1374 2324 sicut
1415 2286 1460 2324 et
1493 2281 1538 2324 P.
1564 2280 1876 2323 Assistentium
1910 2293 2017 2332 quos

231 2349 428 2402 singulos
460 2351 715 2390 reuerenter
747 2348 963 2391 salutatos
997 2347 1139 2390 uelim.
1204 2347 1469 2401 Jngolstadij
1506 2349 1530 2389 6
1563 2345 1761 2400 Januarij
1800 2346 1925 2387 1577.

1072 2415 1115 2455 P.
1150 2411 1201 2457 Τ.

1547 2470 1663 2512 filius
1695 2469 1899 2524 indignus

1515 2536 1670 2579 Petrus
1703 2535 1914 2578 Canisius.

355 2634 383 2661 a)
406 2633 574 2661 ‚sequnntur
596 2638 636 2656 rc.
659 2629 851 2662 disciplinam
871 2638 887 2655 a
908 2629 1067 2657 studiosis,
1094 2630 1184 2653 oblim.
1283 2627 1314 2659 b)
1336 2629 1475 2660 Sequitur
1496 2627 1642 2657 Archidu‚
1662 2628 1753 2652 oblite.
1865 2627 1891 2657 c)
1912 2625 2018 2652 ambro

233 2676 347 2703 autom:
423 2672 454 2702 d)
476 2673 522 2697 Sic
544 2674 572 2696 C.
593 2672 721 2696 cmv-esic
743 2680 779 2696 m·
800 2670 923 2698 uellent.
945 2677 1038 2703 opera
1058 2671 1230 2696 uterentur.

360 2773 368 2791 ¹
396 2772 612 2806 Germaniae
639 2772 849 2816 superioris.
985 2771 998 2791 ²
1026 2770 1175 2804 Alberto
1202 2770 1244 2804 V.
1265 2770 1444 2804 Bavariae
1472 2770 1565 2804 duci.

355 2824 367 2843 ³
396 2824 695 2859 Bartholomaeus
732 2825 775 2859 de
812 2825 954 2864 Portia;
992 2836 1026 2857 v.
1055 2835 1165 2868 supra
1197 2836 1229 2869 p.
1260 2824 1339 2858 376.
1391 2824 1427 2858 Is
1463 2823 1588 2868 paucis
1624 2822 1750 2856 diebus
1786 2823 1869 2866 post
1904 2820 2020 2864 Ingol-

234 2878 352 2912 stadio
379 2877 548 2912 discessit
575 2878 752 2921 (Hansen,
779 2878 889 2913 Nunt.
909 2878 923 2912 I
943 2878 987 2912 26
1015 2878 1088 2918 30).

357 2934 367 2950 ⁴
399 2931 640 2975 Hieronymus
666 2932 709 2965 de
738 2932 879 2971 l’ortia;
908 2931 1000 2970 vide,
1028 2942 1117 2974 quae
1144 2931 1187 2964 de
1213 2942 1254 2964 eo
1281 2930 1347 2964 sub
1374 2930 1473 2975 ipsas
1500 2930 1565 2963 has
1591 2928 1733 2963 litteras
1759 2928 1934 2963 dicentur.

357 2984 369 3002 ⁵
398 2983 444 3017 Lc
472 2984 504 3024 7,
530 2985 564 3017 5.
689 2985 701 3004 ⁶
728 2984 888 3018 Monitus
915 2986 992 3024 est;
1020 2984 1112 3024 vide,
1141 2994 1233 3027 quae
1259 2983 1326 3017 sub
1353 2983 1454 3028 ipsas
1480 2982 1546 3016 has
1573 2982 1715 3016 litteras
1742 2981 1918 3015 dicentur.

357 3037 369 3056 7
398 3036 486 3070 Vide
514 3049 623 3081 supra
652 3049 683 3081 p.
704 3037 772 3071 377
801 3037 883 3072 378.

359 3090 371 3107 ³
399 3089 592 3123 Balthasar
611 3090 744 3124 VVurer
771 3091 962 3136 episcopus
980 3089 1168 3124 auxiliaris
1187 3091 1225 3123 et
1242 3088 1434 3133 Philippus
1455 3100 1475 3122 a
1494 3087 1678 3133 Freyberg
1698 3088 1854 3121 decanus
1873 3085 2022 3131 capituli

234 3142 474 3182 c21tl1etlralis;
504 3155 536 3176 v.
557 3155 666 3187 supra
694 3156 725 3188 p.
747 3144 831 3179 377.
