2051 3433
205 152 289 192 778
341 148 435 182 Mon.
461 146 705 181 121701218.
742 146 788 180 M.
812 147 977 189 Augusto
1005 148 1041 180 et
1064 145 1264 190 Septembri
1287 145 1375 178 1577
1396 163 1439 168 -
1460 146 1641 178 Autumno
1667 145 1751 178 anni
1779 145 1881 179 1577.

204 264 346 301 1217.
423 264 464 299 M.
485 263 652 307 Augusto
679 264 716 297 et
743 260 950 308 Septembri
977 260 1068 296 1577.

324 324 378 358 Ex
407 322 652 357 Rabensteinii
680 322 812 356 litteris
839 321 1086 365 autographis,
1114 332 1205 364 quae
1231 323 1317 355 sunt
1342 320 1377 354 in
1405 320 1524 354 Germ.
1557 320 1622 355 138
1648 321 1672 354 f.
1702 320 1768 355 186
1796 322 1831 354 et
1857 332 1901 354 ex
1927 320 1977 354 hi-

203 379 315 412 storia
343 378 485 420 collegii
515 376 754 420 oenipontani‚
783 374 868 409 Cod.
899 375 1014 417 „Hist
1043 374 1122 408 coll.
1151 373 1259 407 Oen.'‘
1290 386 1322 418 p.
1345 374 1400 407 213.

326 444 494 477 canisius·
510 443 543 474 in
563 442 759 473 musitatione
774 441 910 483 colleyii
924 441 1162 482 oem'pontam'.
1184 440 1342 472 Hectoris
1356 439 1528 482 querelae.
1553 440 1778 482 Expuryatio
1792 440 1978 473 librorum.

325 516 370 557 P.
407 515 587 556 Ioannes
631 513 888 554 lewenstein
921 514 964 554 S.
988 513 1031 553 J.
1068 517 1202 553 rector
1243 513 1401 565 colleyii·
1439 513 1711 565 oenipontcmi
1755 512 1981 566 Oeniponte

204 586 243 623 3.
272 581 461 622 Octobris
495 579 610 620 1577
644 578 866 619 Eum-ardo
901 579 1177 619 Mera-ariano
1206 578 1449 630 praeposito
1480 577 1669 630 90710ιάἰὶ
1702 578 1892 630 scripsit:

324 646 493 686 Primas
525 644 609 685 iam
645 657 670 684 a
703 643 957 684 visitatione
993 642 1058 683 cui
1102 642 1145 683 in
1179 642 1258 683 hoc
1292 640 1482 693 Collegio
1516 640 1566 683 R.
1592 640 1638 684 P.
1669 641 1982 683 Prouincialis1

204 714 307 752 ante
341 711 431 751 dies
464 710 555 750 fere
594 712 644 749 13
677 709 807 749 finem
841 707 1047 761 imposuit
1079 707 1133 749 ad
1167 706 1212 748 P.
1238 706 1290 749 V.
1316 706 1366 748 R.
1391 705 1598 749 mitta...
1639 706 1804 748 Habuit
1837 711 1981 750 autem

204 776 321 818 dicta
340 774 547 817 Visitatio
572 787 776 826 magnum
797 773 985 814 fructum
1005 775 1054 814 ut
1071 786 1126 813 ex
1145 786 1196 814 03
1220 771 1391 814 omnino
1415 770 1701 824 Collegiorum
1720 775 1852 824 atque
1875 772 1982 814 adeo

204 841 340 883 totius
374 840 628 882 Prouinciae
662 839 781 880 salus
814 838 1002 892 pendere
1036 837 1250 887 videatur,
1285 839 1330 879 et
1363 836 1475 890 quod
1508 836 1719 890 superiori
1752 829 1864 878 anno
1887 851 1983 879 sus-

205 920 340 960 pensa
373 905 517 954 fuerit,
552 905 635 946 erit
669 904 782 945 forte
821 903 902 945 hoc
935 917 1047 945 anno
1080 917 1166 944 non
1199 903 1261 944 ita
1302 902 1344 943 in
1377 902 1596 956 plerisque
1629 902 1734 944 locis
1766 902 1907 944 facilis
1940 906 1984 945 et

204 970 423 1024 expedita.
479 970 630 1012 Soeius
663 984 703 1023 p.
729 968 1007 1023 prouincialis
1040 972 1108 1011 est
1141 969 1187 1010 P.
1212 967 1499 1010 Canisius...
1549 967 1629 1008 His
1662 967 1811 1021 paucis
1835 967 1984 1011 diebus

205 1037 359 1090 quibus
394 1036 437 1078 P.
464 1036 661 1078 Canisius
685 1049 781 1076 cum
816 1035 862 1078 P.
889 1034 1150 1076 Prouinciali
1183 1033 1324 1075 adfuit
1346 1036 1519 1075 tantum
1554 1033 1681 1074 didici
1715 1035 1762 1075 ut
1786 1038 1983 1088 putarem

206 1101 307 1142 mihi
355 1100 655 1143 difficillimam
704 1101 830 1142 huius
878 1099 1056 1154 Collegij
1104 1098 1464 1153 gubernationem
1513 1097 1549 1139 si
1596 1099 1639 1140 P.
1678 1098 1874 1141 Canisius
1917 1099 1984 1141 hic

205 1167 405 1209 habitare
439 1167 630 1216 deberet,
674 1168 723 1208 ut
756 1165 1093 1207 submisissimea
1126 1165 1417 1219 supplicarem
1451 1163 1502 1206 V.
1529 1163 1575 1208 Ρ.
1607 1164 1658 1206 R.
1702 1164 1887 1206 alterurn
1930 1178 1985 1206 ex

205 1231 328 1274 nobis
369 1232 412 1273 in
457 1232 538 1273 hoe
582 1232 676 1273 loco
717 1245 802 1273 non
843 1231 1041 1284 relinqui.
1107 1230 1195 1271 Vix
1232 1230 1344 1271 enim
1389 1229 1535 1271 diuina
1568 1228 1713 1282 gratia
1750 1230 1986 1273 adiuuante

206 1297 329 1338 effeci
371 1300 419 1338 ut
460 1311 530 1339 res
571 1300 750 1339 nostrae
790 1296 879 1338 sint
921 1296 1239 1349 aliquantulum
1282 1295 1325 1336 in
1358 1294 1526 1336 meliori
1557 1294 1665 1344 loco,
1707 1309 1816 1348 quas
1857 1295 1985 1338 facile

208 1363 253 1405 P.
277 1362 473 1404 Canisius
508 1363 646 1404 denuo
681 1365 915 1405 euerteret.

325 1429 377 1470 In
420 1430 597 1483 antiqua
641 1433 779 1468 mitem
822 1429 896 1469 illa
943 1428 1135 1468 Historia
1183 1428 1341 1481 colleqii
1386 1427 1659 1480 oenipontam·
1690 1424 1749 1476 (v,
1786 1427 1889 1468 Can.
1924 1427 1986 1468 IV

207 1495 616 1544 Lxxvin--Lxxix)
651 1494 764 1545 haec.
795 1498 969 1547 praeter
1002 1494 1103 1544 alia,
1146 1494 1189 1533 in
1226 1506 1385 1533 amium
1422 1492 1533 1532 1575
1579 1496 1804 1532 notantur.-
1849 1491 1987 1546 Ferijs

207 1559 436 1612 Natalitijs
472 1560 519 1601 B.
547 1558 740 1612 Virginis
774 1561 975 1600 votorum
1009 1558 1159 1600 habita
1202 1560 1270 1598 est
1301 1555 1542 1606 renouatio,
1586 1569 1714 1608 quam
1747 1558 1987 1611 praecessit

207 1624 403 1667 visitatio
445 1624 495 1667 R.
529 1624 573 1667 P.
608 1623 979 1666 ProuincialiS....
1025 1622 1107 1664 Hic
1150 1636 1237 1664 vna
1279 1636 1375 1663 cum
1415 1622 1531 1663 socio
1565 1621 1610 1664 P.
1646 1621 1776 1663 Petro
1816 1621 1986 1664 Canisio

207 1692 378 1743 integro
430 1690 523 1731 fere
574 1703 721 1731 mense
771 1688 992 1730 nobiscum
1046 1688 1129 1730 fuit
1173 1687 1347 1729 minime
1389 1686 1575 1735 otiosus,
1637 1689 1682 1728 et
1730 1688 1985 1740 praesertim

207 1756 341 1798 libros
374 1769 523 1797 omnes
546 1754 781 1809 expurgari
817 1754 956 1796 uoluit
988 1754 1113 1796 iuxta
1136 1753 1358 1795 decretum
1383 1753 1517 1794 Pont:
1551 1752 1678 1794 Max:
1714 1754 1759 1794 et
1781 1752 1830 1795 R.
1859 1753 1902 1794 P.
1930 1753 1984 1795 N.

210 1821 450 1864 Generalis.

327 1895 426 1937 Quae
461 1895 504 1929 de
535 1895 783 1937 „visitatione“
823 1894 966 1937 collegii
992 1896 1076 1928 ante
1102 1893 1134 1928 d.
1163 1894 1194 1928 8.
1224 1893 1445 1938 Septembris
1480 1892 1603 1927 habita
1629 1892 1806 1932 dicuntur,
1843 1893 1885 1926 de
1911 1893 1987 1928 sola

208 1952 309 1995 parte
328 1949 480 1994 quadam
502 1949 721 1983 visitationis
739 1948 838 1982 illius
856 1949 1116 1993 oenipontanae
1135 1946 1321 1988 dicuntu1·;
1349 1947 1431 1980 vide
1449 1958 1558 1991 supra
1584 1958 1617 1991 p.
1636 1947 1716 1988 418,
1735 1949 1772 1981 et
1789 1946 1988 1992 Oeniponte

208 2004 240 2037 9.
260 2002 483 2048 Septembris
511 2003 601 2037 1577
630 2004 806 2045 Iloffaeus
831 2002 1057 2036 Mercuriano
1085 2001 1277 2046 *scripsih
1311 2000 1525 2043 „Absoluam
1551 2000 1648 2034 intra
1674 2000 1855 2034 octiduum
1881 2001 1987 2036 huius

209 2056 360 2101 Collegij
399 2056 655 2097 visitationem,
695 2067 737 2090 30
776 2058 862 2089 tunc
900 2055 1082 2099 Dilingam
1123 2067 1179 2089 me
1218 2054 1421 2089 consen-anst
1467 2053 1529 2097 (ex
1566 2056 1727 2097 autogr.;
1768 2052 1888 2088 Germ.
1922 2054 1987 2089 138

208 2110 232 2144 f.
254 2110 365 2153 1842).
417 2109 534 2143 Libris
561 2112 683 2143 autem
710 2109 959 2154 oenipontanis
991 2108 1276 2153 „expu1·gandis“
1307 2108 1359 2150 (v,
1386 2119 1495 2152 supra
1522 2119 1554 2151 p.
1578 2105 1665 2150 423)
1693 2118 1835 2151 operam
1862 2107 1892 2141 si
1918 2119 1987 2142 non

207 2175 359 2204 omnem,
395 2167 491 2197 certe
526 2162 756 2208 praecipuam
794 2163 1022 2207 praestitisse
1058 2161 1254 2201 Canisium,
1290 2163 1365 2195 tum
1403 2172 1448 2194 ex
1484 2161 1597 2205 ipsius
1634 2161 1684 2194 rei
1720 2165 1850 2194 natura
1880 2163 1987 2204 atque

209 2217 357 2257 ratione,
392 2219 468 2250 tum
496 2228 541 2250 ex
569 2216 621 2258 iis,
657 2227 749 2260 quae
776 2216 818 2249 de
846 2215 995 2249 aliorum
1024 2215 1256 2259 collegiorum
1293 2214 1394 2248 libris
1421 2226 1441 2247 a
1468 2213 1611 2247 Canisio
1643 2213 1890 2258 „approbatis“
1920 2216 1987 2248 etc.

208 2272 410 2311 narrantur,
438 2269 558 2313 colligi
585 2272 723 2314 potest;
753 2269 797 2303 of.
817 2280 928 2313 supra
953 2280 987 2313 p.
1007 2269 1075 2303 556
1103 2272 1139 2302 et
1166 2268 1268 2308 infra,
1297 2278 1451 2302 monum.
1480 2267 1582 2302 1219.

210 2368 355 2404 1218.
431 2369 613 2404 Autumno
641 2367 726 2404 anni
754 2367 844 2403 1577.

329 2429 383 2472 Ex
410 2429 616 2474 apographo
637 2429 805 2463 Coloniae
832 2429 928 2462 eirea
947 2439 978 2462 a.
1001 2427 1091 2462 1600
1119 2439 1163 2461 ex
1183 2427 1316 2461 litteris
1343 2426 1551 2471 archetypis
1578 2426 1778 2470 exscripto;
1807 2425 1900 2469 quod
1928 2436 1987 2458 ex·

208 2485 284 2516 stat
311 2482 480 2517 Coloniae
508 2482 542 2516 in
569 2482 717 2516 archivo
745 2483 943 2516 studiorum
971 2481 1215 2520 fundatorum,
1243 2479 1326 2514 Cod.
1350 2480 1396 2522 „L
1416 2481 1459 2513 A.
1479 2480 1543 2513 51²
1574 2491 1606 2524 p.
1627 2479 1826 2513 326—335.
1878 2478 1987 2512 Litte-

209 2547 329 2570 rarum
366 2536 580 2581 particulam
618 2536 823 2579 germanice
860 2546 1003 2569 versam
1041 2535 1142 2579 posui
1178 2535 1214 2568 in
1253 2532 1659 2577 „Congress-Bericlit“‚
1696 2532 1738 2566 de
1774 2543 1843 2576 quo
1878 2543 1987 2576 supra

210 2601 242 2633 p.
270 2590 340 2623 422
367 2590 447 2623 371.

333 2650 473 2682 Canis-ii
498 2650 642 2682 hortatu
671 2649 884 2691 Inyolstadii
911 2650 1135 2691 conqreymio
1157 2649 1196 2681 B.
1221 2649 1265 2680 Μ.
1287 2648 1323 2680 Γ.
1348 2648 1558 2680 instituitur.

332 2722 605 2776 Conyreqatio
638 2723 722 2762 sive
763 2722 971 2762 sodalitas
1004 2721 1164 2762 Beatae
1198 2721 1369 2761 Mariae
1405 2720 1591 2773 Γίνῃίηἰε
1634 2719 1674 2759 in
1713 2717 1988 2758 universitate

212 2787 533 2840 inqolstadiemsi
567 2788 758 2828 instituta
794 2788 838 2827 viic
863 2788 953 2827 suis
982 2786 1182 2836 „Litteris
1206 2784 1387 2826 unnw's“
1418 2783 1675 2838 Inslolsladio
1700 2796 1751 2823 m.
1775 2781 1987 2822 Ianuario

214 2853 328 2891 1:382
367 2866 441 2901 „er
475 2853 762 2893 commissione
794 2850 1025 2905 praefecti⁰
1064 2851 1398 2905 con-qreqationis
1431 2864 1456 2890 α
1490 2849 1574 2901 „M
1609 2847 1845 2889 Laurentio
1889 2845 1988 2886 Eis-

211 2916 380 2969 eeplesiffl
420 2916 547 2967 (latis,
590 2931 770 2970 quarum
819 2918 912 2971 ipsa
955 2917 1189 2970 exemplum
1223 2916 1283 2956 ad
1324 2915 1682 2969 conpr-equitionem
1716 2912 1986 2953 coloniensem

213 2981 338 3031 misit,
382 2981 483 3021 haee
514 2987 693 3022 narrat:
735 2981 944 3023 Instituta
989 2983 1057 3023 est
1089 2979 1308 3022 Sodalitas·
1349 2981 1500 3021 nostra
1542 2977 1657 3019 circa
1688 2977 1796 3017 fines
1828 2975 1928 3028 annj
1963 2987 1989 3015 a

332 3066 359 3085 a*
381 3058 575 3086 submissime
596 3065 708 3093 «eialuyr.

337 3143 345 3162 ¹
373 3142 508 3176 Paulus
535 3144 718 3178 Ilost'aeus.
