2051 3433
170 207 254 247 692
795 204 891 239 Mon.
919 204 1019 240 1153.
1067 203 1312 238 1573—1592.

167 335 250 376 ago
292 322 528 373 maximas,
583 322 695 374 quod
736 336 814 376 per
856 323 1041 365 electum
1080 336 1251 364 seruum
1294 324 1416 364 tuum
1459 323 1499 365 S.
1534 323 1787 377 Jgnatium¹
1832 323 1942 366 hanc

165 387 364 430 Nominis
405 389 466 442 tuj
504 387 764 429 Societatem
808 387 1066 430 mirabiliter
1098 387 1290 439 erexisti,
1334 391 1378 430 et
1410 391 1601 431 erectam
1643 389 1732 431 late
1764 389 1805 430 in
1839 389 1943 431 orbe

163 454 432 507 propagasti,
475 466 629 505 meque
668 452 771 494 licet
811 452 1056 506 indignum,
1100 453 1215 494 illius
1256 453 1512 507 participem
1554 453 1701 495 facere
1742 453 1939 496 uoluisti:

165 519 290 571 Auge
323 518 365 559 in
399 532 467 560 me
499 531 755 571 germanum
788 518 1001 572 spiritum,
1037 518 1107 571 qui
1141 518 1324 572 primum
1359 518 1400 559 in
1434 518 1559 561 huius
1592 519 1788 561 Instituti
1818 519 1941 560 Prin-

165 583 286 637 cipea
318 583 477 637 uiguit,
521 586 564 624 et
599 583 798 633 concede,
842 585 891 625 vt
924 585 1138 636 quotquot
1180 583 1271 624 eius
1313 583 1505 637 corporis
1548 583 1742 625 membra
1779 598 1939 635 sumus,

162 649 398 691 secundum
435 648 549 702 quod
581 648 653 689 ille
687 648 846 697 docuit,
886 649 1021 690 amori
1054 647 1229 702 proprio
1262 648 1509 698 moriamur,
1544 652 1588 690 et
1620 649 1662 690 in
1695 648 1941 691 obedientia

164 714 361 768 perfecta
393 713 561 756 fundati
595 713 639 755 in
671 713 800 755 vinea
832 716 909 756 tua
942 713 1177 767 frugiferos
1200 713 1402 768 palmites
1424 714 1726 768 praebeamus,
1761 717 1940 766 cuncta-

159 793 245 833 que
279 780 333 822 ad
366 779 573 821 maiorem
607 778 806 820 Nominis
839 779 902 821 tui
935 779 1117 831 gloriam
1152 778 1318 820 sincere
1352 782 1669 822 conuertamus.
1734 779 1939 821 Eiusdem

159 844 203 887 S.
224 845 269 888 P.
294 845 349 888 Ν.
384 844 725 898 suffragantibus
766 844 933 886 meritis
976 846 1020 886 et
1052 844 1215 886 uirtute
1258 844 1389 885 diuini
1424 844 1628 899 Sacrificij
1663 844 1863 898 Corporis
1895 847 1940 887 et

159 909 394 963 Sanguinis
435 910 499 952 tui
543 909 808 959 adiuuemur,
853 912 902 952 vt
934 909 988 951 ab
1021 909 1314 962 Euangelicae
1357 910 1629 963 paupertatis
1671 923 1822 951 norma
1854 923 1938 951 non

159 975 457 1026 deflectamus,
499 975 665 1028 tibique
708 975 941 1016 secundum
982 974 1097 1016 illius
1130 975 1375 1028 exemplum
1420 978 1464 1017 et
1505 975 1625 1028 leges
1657 974 1842 1017 fideliter
1872 974 1939 1016 in-

158 1041 413 1091 seruiamus,
448 1054 499 1082 ac
532 1040 701 1081 demum
736 1039 897 1081 solidas
931 1040 1030 1081 boni
1053 1039 1260 1094 Religiosi
1294 1040 1497 1091 virtutes
1532 1055 1639 1093 quas
1671 1040 1833 1095 passim
1865 1040 1938 1082 ille

160 1120 186 1148 a
218 1107 307 1149 suis
341 1106 492 1159 exigit,
527 1105 582 1147 ad
615 1108 798 1147 mortem
833 1118 969 1157 Vsque
1002 1107 1286 1159 praestemus.
1333 1105 1487 1149 Amen.

278 1171 449 1214 Jbidem
474 1170 605 1213 etiam
626 1170 808 1223 contigit
826 1173 874 1212 vt
891 1170 935 1213 P.
952 1171 1138 1213 Ernesto
1151 1171 1259 1213 Ven.
1274 1171 1407 1213 Pater
1424 1171 1681 1224 aliquandob
1696 1171 1738 1212 in
1752 1170 1936 1213 Prandio

157 1232 385 1289 assideret,
419 1251 498 1292 pro
522 1250 641 1279 more
664 1235 823 1278 clausis
845 1236 937 1277 fere
961 1236 1108 1286 oculis,
1134 1236 1361 1278 altioribus
1383 1236 1591 1287 intentus,
1616 1250 1767 1290 parum
1790 1238 1934 1278 atten-

158 1303 265 1344 dens
298 1303 352 1345 ad
386 1316 438 1344 ea
471 1316 581 1356 quae
613 1302 656 1343 in
690 1315 840 1343 mensa
871 1315 976 1355 prae
1000 1302 1198 1343 manibus
1221 1305 1360 1344 erant.
1407 1302 1625 1344 Vtebatur
1657 1316 1707 1343 eo
1739 1304 1935 1356 tempore

156 1382 235 1422 pro
269 1367 485 1410 ordinario
527 1367 687 1409 haustu
720 1367 884 1408 minore
919 1367 1128 1409 cantharo
1162 1381 1291 1420 quam
1323 1366 1491 1420 reliqui,
1532 1367 1599 1409 cui
1633 1381 1727 1409 cum
1759 1366 1834 1408 illa
1867 1366 1935 1409 die

155 1433 268 1475 alius
300 1433 452 1475 similis
485 1435 657 1475 acetum
691 1431 917 1474 continens
949 1432 1137 1486 piscibus
1171 1432 1420 1473 condiendis
1462 1446 1595 1486 prope
1629 1432 1933 1486 adponeretur,

157 1511 332 1541 manum
365 1499 502 1541 bonus
526 1498 658 1540 Pater
690 1498 744 1540 ad
768 1501 939 1540 acetum
964 1497 1174 1547 extendit,
1210 1511 1264 1538 ex
1287 1511 1337 1539 eo
1361 1497 1586 1547 bibiturus,
1620 1496 1703 1538 nisi
1724 1497 1770 1539 P.
1795 1497 1934 1538 Erne-

154 1566 251 1606 stus
292 1578 489 1606 assessor
529 1563 863 1605 submonuisset.
928 1562 1107 1604 Addidit
1148 1562 1280 1604 etiam
1322 1562 1437 1605 istud
1480 1563 1525 1605 P.
1550 1563 1775 1612 Ernestus,
1820 1562 1932 1615 quod

156 1630 203 1674 P.
238 1629 434 1672 Canisius
467 1628 818 1682 frequentissime
850 1628 1046 1680 integras
1079 1628 1338 1682 scriptorum
1372 1642 1547 1670 suorum
1590 1627 1773 1681 paginas
1815 1628 1932 1669 dele-

156 1695 282 1746 uerit,
317 1699 409 1737 tam
443 1695 567 1748 parui
600 1708 647 1736 se
679 1707 844 1746 suaque
877 1694 1082 1747 pendens,
1127 1694 1251 1748 plura
1284 1693 1551 1743 inducturus,
1586 1693 1666 1734 nisi
1699 1692 1873 1735 tandem
1905 1706 1932 1735 a

156 1760 459 1815 Superioribus
491 1759 722 1801 inhibitusc
754 1758 922 1801 fuisset.

277 1825 412 1867 Porro
446 1828 513 1867 est
545 1825 659 1866 idem
692 1824 827 1866 Pater
858 1824 1071 1865 Ernestus
1104 1822 1147 1864 in
1179 1822 1260 1865 hoc
1298 1837 1375 1865 suo
1409 1826 1605 1865 extremo
1639 1823 1778 1865 adhuc
1810 1823 1928 1865 senio

154 1894 245 1934 tam
288 1891 428 1933 fidelis
467 1890 585 1932 circa
617 1889 774 1931 similia
813 1889 1059 1940 memoriae,
1102 1892 1147 1931 et
1188 1888 1364 1943 insuper
1404 1888 1519 1932 tanti
1550 1888 1762 1939 candoris,
1807 1891 1854 1931 ut
1890 1888 1929 1931 ei

153 1956 308 1999 merito
340 1957 448 1999 fides
479 1955 630 1998 haberi
662 1955 813 2009 possit.

273 2023 431 2065 Actum
466 2021 607 2063 Halae
643 2022 709 2062 16.
735 2020 957 2074 Februarij
983 2041 992 2050 ·
1018 2018 1144 2060 Anno
1181 2020 1307 2063 1650.

272 2094 394 2136 Haec
437 2092 582 2135 omnia
624 2092 688 2135 ita
735 2105 781 2133 se
829 2091 1008 2142 habere,
1054 2105 1185 2132 manu
1226 2104 1345 2141 mea,
1391 2090 1560 2143 meique
1608 2090 1736 2145 officij
1785 2090 1927 2144 sigillo

152 2161 292 2202 teStor
325 2173 405 2212 ego
541 2216 754 2271 Georgius
788 2215 932 2258 Gobat
964 2215 1196 2257 Societatis
1228 2215 1359 2257 JESV
1392 2215 1570 2270 Collegij
1605 2214 1809 2257 Halensis

736 2295 814 2336 pro
856 2284 1053 2335 tempore
1087 2281 1248 2322 Rector
1280 2295 1410 2322 manu
1443 2280 1630 2335 propria.

269 2354 391 2396 Haec
427 2353 572 2396 omnia
603 2367 734 2395 manu
768 2365 865 2394 mea
897 2354 1039 2394 testor

1182 2411 1396 2453 Ernestus
1428 2410 1668 2452 Mairhofer
1700 2410 1740 2453 S.
1765 2410 1804 2453 J.

267 2474 346 2516 Jta
377 2475 518 2515 testor
550 2472 658 2514 haec
690 2470 834 2513 omnia
866 2483 913 2512 se
945 2469 1106 2512 habere

979 2536 1073 2588 Ego
1107 2535 1231 2589 Casp.
1267 2536 1422 2589 Abegg
1454 2549 1584 2577 manu
1615 2534 1803 2589 propria.

883 2608 1020 2649 Locus
1053 2609 1194 2661 siqilli.

267 2699 296 2727 a)
317 2697 364 2721 Sic
384 2697 406 2721 Α
424 2697 458 2722 R.
532 2695 562 2727 b)
585 2696 620 2720 Ιη
641 2696 665 2720 Α
686 2696 736 2720 hoc
758 2703 780 2720 υ.
801 2703 894 2726 snpra
918 2702 1032 2719 versum
1052 2694 1193 2725 scriptum
1215 2696 1265 2718 est.
1340 2694 1365 2722 c)
1388 2691 1562 2726 prohibitus
1582 2694 1616 2718 B.

270 2779 279 2799 ¹
308 2779 385 2813 Etsi
406 2779 579 2822 lgnatius,
607 2790 686 2812 cum
708 2778 875 2812 Canisius
892 2777 983 2811 haec
1009 2777 1179 2817 dictabat,
1208 2777 1363 2810 nondum
1390 2777 1483 2810 inter
1503 2777 1646 2817 Beatos,
1672 2776 1803 2810 nedum
1830 2776 1924 2810 inter

147 2831 299 2866 Sanctos
325 2832 468 2876 publica
495 2831 669 2865 ecclesiae
696 2832 913 2865 auctoritate
940 2832 1198 2864 annumeratus
1225 2832 1313 2870 erat,
1339 2829 1428 2864 nihil
1457 2830 1634 2869 obstabat,
1662 2830 1852 2872 quominus
1877 2829 1922 2863 ab

147 2884 201 2925 iis,
229 2885 289 2928 qui
317 2885 393 2919 eius
420 2885 650 2918 sanctitatem
670 2887 849 2918 noverant
868 2903 913 2907 —
932 2886 1083 2917 noverat
1110 2895 1187 2917 eam
1207 2883 1374 2918 Canisius
1400 2902 1446 2906 —
1473 2883 1508 2916 in
1529 2882 1683 2927 privatis
1701 2882 1922 2916 orationibus

145 2940 295 2971 sanctus
330 2940 616 2982 nuncupari-etum
661 2940 820 2971 attamen
858 2937 1029 2978 dixerim,
1072 2937 1107 2970 in
1149 2936 1217 2970 hac
1259 2937 1419 2970 oratione
1455 2936 1589 2969 nomini
1626 2935 1758 2978 Ignatii
1793 2947 1920 2969 nomen

146 2989 268 3024 Sancti
295 3002 363 3024 non
391 3002 411 3024 a
439 2991 593 3032 Canisio‚
620 2991 682 3025 sed
710 3003 731 3025 a
761 2990 989 3031 Mairhofero,
1025 2992 1216 3034 postquam
1244 2990 1304 3023 ille
1333 2990 1380 3033 (a.
1404 2989 1512 3031 1623)
1539 3000 1560 3022 a
1588 3000 1727 3023 summo
1753 2988 1920 3033 pontifice

146 3043 181 3076 in
209 3043 327 3077 albuni
356 3043 567 3077 Sanctoruin
597 3043 734 3078 relatus
761 3046 825 3085 est,
864 3043 1108 3088 praeposituni
1136 3054 1233 3081 esse;
1270 3054 1387 3086 licque
1414 3043 1518 3082 eninr
1555 3044 1728 3085 quanturn
1755 3041 1918 3085 equiden1

146 3096 381 3136 meminerim,
409 3107 564 3140 unquam
595 3097 771 3137 Canisius,
810 3108 891 3130 cum
920 3096 1049 3140 Ignatii
1078 3096 1291 3129 mentionem
1320 3097 1466 3135 faceret,
1497 3096 1689 3137 „Sanctum
1718 3095 1915 3138 lgnatium‘

145 3160 225 3181 eum
254 3150 417 3189 vocavit;
447 3150 491 3183 cf.
512 3150 691 3183 Scldosser
716 3149 739 3184 l.
759 3161 788 3183 c.
816 3150 884 3184 230
912 3149 998 3188 260;
1031 3151 1116 3182 Can.
1137 3149 1164 3182 ll
1193 3149 1255 3183 22:
1285 3149 1315 3181 V
1335 3149 1423 3189 431;
1452 3148 1503 3182 VI
1528 3148 1571 3183 85
1600 3150 1634 3181 et
1660 3159 1769 3192 supra
1797 3159 1829 3192 p.
1849 3147 1919 3181 252

146 3201 215 3235 253
242 3202 311 3236 264
337 3202 418 3236 269.
