2062 3443
716 122 915 168 Oeniponte
941 123 997 157 29.
1018 122 1098 156 Iulii
1128 122 1228 157 1572.
1801 128 1854 166 55

347 249 374 301 †
407 249 471 290 De
505 248 549 291 P.
576 247 840 289 Prouintiale
872 248 976 290 Doc.
1003 247 1136 288 Paulo
1170 247 1366 289 Hoffaeo.

209 326 389 380 Experti
423 339 569 367 sumus
601 325 807 366 maiorem
842 324 969 366 solito
1003 323 1260 366 charitatem
1297 326 1342 366 et
1375 324 1669 377 diligentiamR
1692 325 1782 367 eius
1816 326 1856 367 in

93 393 170 435 hoc
193 391 374 445 collegio
404 390 635 440 uisitando,
670 403 961 443 magnumque
984 389 1106 431 nobis
1130 390 1378 443 exemplum
1402 390 1602 444 praebuit
1625 391 1856 433 multarum

93 457 312 507 uirtutum,
348 469 458 509 quae
490 455 532 497 in
565 455 638 496 illo
671 468 776 497 sane
809 455 1018 497 relucent.

209 528 450 572 Haeremus
483 526 622 569 adhuc
654 526 696 568 in
731 525 869 569 ueteri
904 525 1175 579 difficultate,
1215 527 1426 579 quomodo
1459 526 1515 568 sit
1549 527 1854 568 consulendum

92 593 363 645 conscientijs
398 591 698 646 accipientium
733 591 920 644 quinque
953 605 1029 645 pro
1064 594 1234 633 centum
1253 593 1278 635 ¹.
1341 591 1543 634 Promisit
1574 592 1659 642 ille,
1694 606 1740 634 se
1773 593 1858 634 Ro-

92 673 203 701 mam
238 672 332 700 esse
365 657 641 712 scripturum,
684 671 778 699 cum
812 656 998 698 audierit
1031 656 1217 698 omnium
1251 656 1567 710 Theologorum
1603 657 1856 700 sententias.

93 725 204 778 Opto
227 723 356 765 eximi
389 722 512 765 nobis
535 725 578 765 et
602 722 766 765 exteris
797 721 909 763 hunc
932 722 1178 776 scrupulum
1213 722 1402 774 tandem,
1437 725 1482 764 ut
1508 737 1634 764 unum
1659 722 1857 776 idemque

92 789 281 832 dicamus
313 792 357 832 et
389 788 628 831 sentiamus
661 801 808 830 omnes
822 788 851 831 2.

209 860 353 903 Videri
388 862 537 914 posset
569 860 704 901 bonus
730 860 859 902 Pater
891 859 987 913 plus
1010 859 1243 902 effecturus
1276 859 1318 900 in
1352 859 1687 910 uisitationibus,
1721 859 1755 901 si
1780 874 1855 902 ex-

90 925 357 968 hortationes
399 925 623 968 adhiberet
665 924 887 979 priuatasb
919 925 983 979 ijs,
1029 938 1134 978 quos
1167 924 1233 966 in⁰
1265 924 1445 978 publicis
1478 925 1854 968 exhortationibus

89 991 276 1034 fortasse
308 991 369 1032 sic
401 990 509 1033 satis
542 993 722 1044 putatur
754 989 1048 1044 perstringere
1072 993 1117 1032 et
1145 1004 1350 1044 pungere.
1405 991 1595 1033 Adhibet
1627 993 1857 1045 praeterea

89 1060 133 1100 et
165 1056 378 1111 praelegit
403 1054 659 1108 aliquandod
682 1055 867 1109 scriptas
891 1055 1231 1106 exhortationeS,
1266 1069 1376 1109 quae
1400 1070 1483 1098 non
1507 1059 1658 1098 carent
1680 1056 1853 1105 aculeis,

90 1125 134 1164 et
166 1121 309 1164 nescio
342 1135 397 1163 an
430 1121 661 1163 vulnerent
693 1121 832 1174 magis
865 1134 992 1174 quam
1027 1123 1195 1164 sanent.
1249 1121 1455 1163 Fortasse
1488 1121 1671 1176 priuatis
1698 1121 1853 1164 exhor·

89 1187 324 1230 tationibus
347 1185 460 1241 apud
491 1200 564 1228 eos
588 1186 657 1239 qui
681 1186 821 1239 magis
844 1188 975 1239 egent
999 1186 1234 1237 curatione,
1267 1186 1364 1240 plus
1396 1188 1691 1241 proficeretur,
1727 1201 1853 1240 quam

89 1251 328 1295 huiusmodi
361 1251 764 1306 reprehensionibus
797 1251 969 1306 scriptis
1002 1265 1057 1294 ex
1090 1251 1242 1294 charta
1275 1252 1580 1306 pronuntiatis,
1625 1267 1719 1294 cum
1750 1253 1855 1295 alio-

89 1318 188 1372 quin
219 1331 305 1359 non
339 1317 450 1359 desit
481 1317 542 1358 illi
576 1317 784 1359 memoria
817 1320 861 1359 et
893 1316 1130 1359 disserendi
1163 1317 1451 1371 monendique
1483 1318 1683 1361 facultas.

204 1388 353 1431 Videri
400 1391 545 1442 potest
592 1388 635 1429 in
680 1388 934 1441 quibusdam
981 1389 1260 1443 scrupulosus
1305 1392 1349 1432 et
1392 1389 1558 1443 rigidus
1604 1389 1854 1444 disciplinae

89 1457 278 1505 exactor,
312 1454 425 1496 unde
448 1454 635 1496 fortasse
660 1475 668 1483 ·
693 1454 833 1496 minus
856 1453 936 1496 sibi
960 1454 1161 1496 conciliat
1184 1454 1350 1496 animos
1374 1454 1571 1506 fratrum,
1607 1454 1679 1508 qui
1701 1455 1854 1497 timere

90 1519 230 1574 potius
263 1533 389 1573 quam
423 1525 594 1562 amare⁰
626 1519 890 1573 superiorem
924 1519 1031 1562 adeo
1065 1533 1246 1573 grauem
1279 1519 1494 1563 uidentur.

205 1591 348 1645 Egere
381 1591 500 1633 illum
532 1593 637 1645 puto
671 1590 849 1633 meliore
882 1593 926 1633 et
952 1591 1116 1633 maiore
1145 1605 1250 1634 cura
1271 1591 1487 1641 sanitatis
1523 1605 1615 1633 cum
1640 1605 1724 1634 non
1748 1592 1856 1634 satis

89 1670 291 1711 prospere
323 1657 481 1707 ualeat,
517 1659 561 1699 et
593 1655 726 1710 uarijs
758 1655 1002 1710 prouintiae
1034 1656 1147 1699 curis
1175 1659 1306 1710 atque
1339 1657 1550 1711 molestijs
1583 1661 1853 1700 exerceatur.

91 1721 212 1764 Vnde
235 1722 478 1765 consultum
501 1722 689 1764 fortasse
712 1721 781 1773 sit,
806 1724 854 1764 ut
876 1721 1133 1776 Vbicumque
1156 1720 1417 1777 degere[t,]f
1442 1736 1496 1764 ex
1520 1726 1644 1777 parte
1663 1723 1855 1777 corporis

89 1787 400 1830 admonitorem
434 1788 626 1830 haberet.

207 1859 363 1901 Parum
412 1859 550 1902 utitur
597 1872 730 1913 opera
777 1872 895 1909 mea,
950 1860 995 1901 et
1046 1859 1248 1901 fortassis
1300 1859 1481 1901 aliorum
1531 1873 1700 1913 quoque
1749 1859 1854 1902 Con·

89 1922 438 1979 siliar[iorum,]3
470 1938 739 1978 quacumque
783 1924 959 1976 tandem
995 1924 1047 1966 de
1080 1938 1213 1966 causa
1253 1923 1296 1966 id
1337 1926 1427 1976 fiat,
1471 1925 1563 1967 siue
1603 1925 1721 1975 fidat,
1765 1924 1856 1967 siue

90 2003 171 2032 non
203 1989 311 2032 fidat
345 1988 558 2045 [illo]rum
593 1989 797 2044 consilijS.
855 1989 936 2032 Est
967 1993 1197 2044 praeterea
1229 1989 1453 2041 sollicitus,
1487 1994 1536 2033 ut
1567 1992 1738 2033 secreta
1769 1989 1856 2032 sint

90 2053 288 2110 0m[nia‚]
324 2069 435 2108 quae
467 2055 509 2097 in
542 2055 608 2097 his
641 2055 836 2110 collegijs
868 2055 998 2097 fiunt:
1042 2069 1121 2097 nec
1153 2055 1242 2097 ulla
1275 2057 1367 2097 estg
1398 2055 1490 2097 fere
1523 2055 1854 2098 communicatio

88 2119 314 2175 fr[atrum]
349 2123 394 2163 et
416 2121 651 2163 Rectorum
685 2120 765 2162 sibi
798 2124 946 2162 mutuo
971 2121 1263 2164 scribentium.
1318 2121 1522 2164 Fortasse
1554 2121 1596 2163 in
1631 2121 1696 2163 his
1718 2122 1856 2164 maior

89 2184 302 2241 ad[mit]ti
324 2186 564 2229 moderatio
588 2189 632 2229 et
655 2186 894 2229 consolatio
917 2189 1078 2240 posset,
1104 2200 1157 2228 ne
1180 2186 1404 2228 uideamur
1426 2187 1466 2228 in
1486 2201 1570 2229 una
1594 2185 1856 2242 prou[in]tia

89 2251 313 2306 rigidiores
346 2265 441 2294 esse
474 2265 601 2305 quam
635 2251 679 2293 in
712 2252 811 2301 alia,
846 2251 959 2294 sicut
992 2251 1164 2305 quidam
1199 2252 1361 2295 audent
1393 2251 1548 2295 dicere.

204 2323 301 2366 Non
344 2326 448 2377 puto
482 2323 699 2377 expedire,
738 2325 787 2365 ut
828 2337 904 2377 per
938 2323 1123 2376 collegia
1155 2315 1301 2365 seeum
1335 2323 1630 2366 circumducat
1663 2323 1855 2367 Christo-

89 2389 265 2444 phorum
308 2388 504 2439 fratrem,
548 2388 620 2442 qui
653 2403 748 2430 cum
782 2389 885 2431 Doc.
920 2388 1083 2430 Lanoio
1124 2389 1321 2443 proxime
1363 2389 1445 2432 fuit
1479 2390 1655 2440 Romae,
1700 2389 1856 2443 quique

210 2488 238 2512 al
261 2488 429 2519 Sequuntur
452 2496 491 2512 rr.
514 2487 543 2512 in
564 2486 664 2519 liuius,
684 2496 701 2513 (ι
723 2489 752 2513 C.
773 2488 862 2512 oblitt.
954 2486 984 2519 b)
1007 2488 1175 2519 Sequuntur
1197 2496 1237 2513 vr.
1259 2487 1290 2512 et
1310 2486 1456 2520 publicas,
1483 2496 1499 2512 (ι
1523 2490 1550 2513 Γ.
1571 2488 1660 2512 oblim.
1758 2489 1784 2519 c)
1806 2489 1856 2514 Se-

88 2529 187 2560 quitur·
205 2527 359 2562 publicati,
379 2538 396 2554 α
418 2531 446 2555 C.
466 2531 557 2555 oblitt.
668 2528 696 2554 dt
719 2531 779 2555 Hoc
800 2538 822 2554 v.
844 2539 860 2554 a
883 2531 911 2557 G,
932 2530 962 2554 in
985 2530 1117 2561 mat-gline
1140 2530 1274 2554 culclienm
1296 2533 1346 2554 est.
1457 2530 1484 2561 e)
1505 2531 1551 2554 Ita
1572 2530 1775 2562 corriqendum
1796 2539 1856 2555 esse

88 2577 124 2594 er
143 2577 286 2601 amorem,
306 2571 379 2602 quod
401 2572 429 2595 C.
448 2572 578 2603 scripsit,
599 2579 646 2596 res
665 2572 729 2602 ipsa
750 2572 884 2596 ostendit.
995 2570 1018 2597 f)
1043 2572 1119 2601 Quae
1139 2572 1185 2595 hic
1205 2575 1230 2595 el
1247 2571 1339 2602 paulo
1360 2571 1443 2601 infra
1466 2572 1547 2595 uncis
1566 2572 1722 2603 quadratis
1742 2572 1855 2596 inclusa

88 2615 164 2641 ειιηι,
183 2613 317 2644 suppleta
337 2615 403 2637 sunt
419 2620 459 2644 eo,
479 2613 553 2644 quod
568 2614 638 2638 Iocis
653 2614 714 2638 illis
729 2616 833 2644 partes
853 2614 971 2638 chareae
992 2613 1135 2637 abscissae
1155 2616 1231 2637 sunt.
1316 2614 1346 2644 g)
1369 2613 1416 2638 Sic
1436 2614 1464 2638 C.
1485 2613 1547 2644 ipse
1567 2614 1695 2639 cot-remit
1715 2621 1751 2639 ex
1771 2614 1820 2639 sit.

209 2753 218 2774 ¹
245 2754 335 2789 Vide
362 2766 471 2800 supra
496 2767 530 2800 p.
553 2755 700 2790 10—11.

207 2807 218 2827 ²
246 2807 298 2842 Cf.
329 2809 345 2843 1
376 2808 444 2843 Cor
472 2809 501 2850 1,
531 2809 593 2850 10;
631 2809 651 2842 2
679 2808 747 2843 Cor
776 2809 828 2849 13,
858 2809 919 2849 11;
958 2808 1050 2843 Phil.
1071 2808 1102 2849 2,
1130 2808 1170 2848 2;
1200 2807 1231 2849 3,
1261 2808 1315 2842 16.
1370 2808 1487 2851 „Idem
1520 2808 1715 2853 sapiamus,
1750 2807 1854 2848 idem,

91 2861 205 2905 quoad
231 2862 307 2896 eius
332 2862 410 2896 fieri
437 2863 562 2907 possit,
599 2862 759 2897 dicamus
786 2873 918 2903 omnes,
946 2862 1048 2896 iuxta
1074 2861 1331 2906 Apostolum“:
1366 2863 1639 2896 Constitutiones
1665 2861 1856 2896 Societatis

90 2914 170 2949 lesu
195 2915 234 2950 P.
254 2915 284 2957 3,
311 2926 340 2950 c.
362 2916 391 2957 1,
418 2927 440 2949 n
473 2916 535 2956 18;
563 2916 608 2950 cf.
629 2916 736 2950 etiam
763 2915 801 2950 P.
821 2916 854 2956 8,
882 2927 912 2949 c.
934 2916 962 2956 1,
989 2927 1021 2950 n.
1042 2917 1062 2950 8
1089 2919 1125 2949 et
1153 2915 1202 2956 K;
1231 2915 1269 2949 P.
1293 2915 1345 2957 10,
1373 2927 1405 2950 n.
1426 2916 1458 2950 9.

207 2974 220 2994 ⁸
247 2974 336 3009 Vide
361 2986 470 3020 supra
496 2987 529 3020 p.
557 2976 588 3010 9.
637 2975 857 3020 „Praepositi
895 2974 1150 3015 provinciales,
1186 2976 1222 3008 et
1250 2974 1422 3009 Hectores
1450 2973 1689 3015 Collegiorum
1719 3000 1726 3008 .
1747 2999 1754 3007 .
1774 3001 1782 3008 .
1809 2973 1853 3007 ad

91 3027 275 3062 consilium
301 3028 450 3073 aliquos,
478 3040 558 3063 cum
585 3029 714 3073 quibus
732 3041 789 3063 ros
816 3029 1012 3072 giuvioivs,
1041 3040 1132 3073 quae
1153 3030 1353 3069 occurrunt,
1381 3030 1641 3062 communicent
1663 3026 1852 3071 <quamvis

91 3079 142 3114 eis
175 3081 316 3123 auditis,
342 3093 453 3127 penes
487 3083 695 3127 Superiores
730 3085 777 3116 sit
812 3084 993 3116 statuvndi
1031 3082 1215 3123 facultas),
1253 3082 1461 3124 ‹lesi-gnatos
1488 3081 1687 3116 habeant&
1719 3083 1853 3115 Consti-

91 3135 239 3168 tutiones
265 3134 298 3169 S.
318 3135 348 3169 J.
404 3136 440 3169 P.
461 3136 492 3177 9,
521 3148 547 3170 c.
569 3137 599 3174 6,
628 3148 648 3169 n
684 3137 725 3170 14
