2062 3443
403 185 569 227 Augusta
588 182 858 217 Vindelicorum
886 182 953 216 sub
979 181 1118 215 initium
1149 192 1193 215 m.
1215 180 1381 215 Octobris
1411 181 1510 216 1580.
1760 183 1842 223 577

73 305 105 339 is
132 315 209 338 eam
237 305 360 337 contra
381 303 525 336 Patrum
546 302 797 336 Resolutiones
825 300 988 335 Pontifici
1018 302 1191 345 proponat
1217 310 1288 332 vna
1315 311 1392 333 cuni
1421 299 1502 343 alijs
1530 297 1731 343 pliantasijs
1757 308 1848 342 quas

71 357 235 401 concepit
261 359 385 390 contra
411 355 628 390 sententiam
666 354 792 389 horum
822 353 1116 388 Academicorum
1146 352 1188 385 de
1215 352 1337 386 eodem
1366 355 1563 386 contractu.
1615 351 1668 384 Do
1703 349 1846 394 quidem

75 422 140 454 ego
168 421 311 455 operam
340 412 380 443 vt
406 409 618 442 temerarius
645 411 681 441 et
709 408 924 441 indiscretus
950 407 1006 440 hic
1034 406 1142 440 Pater
1161 405 1246 439 nihil
1267 405 1383 439 simile
1410 408 1526 439 tentet
1552 416 1614 449 per
1637 403 1847 448 Principem,

73 463 250 506 neglectis
287 462 473 496 Patribus:
510 462 570 496 sed
609 461 693 505 qnid
729 462 922 495 effecturus
956 461 1022 494 sim
1060 460 1195 503 ignoro.
1247 458 1346 501 Rogo
1383 459 1493 502 igitur
1528 458 1566 492 P.
1596 457 1637 491 V.
1666 460 1706 490 vt
1741 456 1847 490 isthic

72 516 287 561 tempestiue
323 518 452 549 caueat
486 526 529 548 ne
565 515 649 558 quid
678 515 882 548 resoluatur
917 514 959 547 de
996 513 1061 547 hoc
1098 515 1284 546 contractu
1320 512 1432 546 donec
1467 513 1588 556 patres
1624 511 1681 554 qui
1711 522 1755 543 ex
1782 509 1849 543 hac

75 570 259 604 Prouintia
285 569 377 603 istuc
404 568 504 603 breui
532 568 674 602 venturi
701 571 785 601 sunt
812 567 955 612 plenam
982 567 1149 601 adferant
1175 566 1218 599 de
1244 565 1311 599 hoc
1337 568 1523 599 contractu
1543 564 1849 598 informationem:

75 623 179 666 longe
215 622 306 656 enim
335 622 438 656 aliter
464 633 521 655 res
557 621 663 655 habet
691 632 797 665 quam
827 620 933 654 isthic
968 622 1124 664 putetur,
1162 619 1256 653 sicut
1281 630 1348 662 ego
1376 620 1450 663 ipse
1477 621 1648 662 expertus
1674 627 1751 651 sum
1790 615 1850 660 qui

74 679 150 710 tota
176 676 453 720 quadragesima
472 675 515 709 de
534 675 658 709 eodem
677 677 864 708 contractu
886 673 1087 707 concionari
1114 684 1133 706 a
1154 671 1319 716 Principe
1338 675 1484 705 coactus
1511 670 1574 715 fuj.
1592 698 1597 704 .
1615 698 1621 704 .
1638 697 1645 704 .
1674 669 1851 714 Expediet

74 729 217 763 tandem
245 728 399 763 honesto
427 728 530 762 modo
557 728 686 762 bonum
720 728 756 762 l’.
777 727 960 762 canisium
987 726 1031 760 ad
1059 725 1221 759 Rhenum
1249 725 1412 758 mittere“
1444 725 1505 767 (ex
1532 726 1692 767 autogr.;
1731 724 1851 757 Germ.

77 783 143 817 158
171 783 193 817 f.
213 783 301 821 292;
338 782 544 825 germanice
570 781 659 815 haec
685 781 826 815 reddita
852 783 937 815 sunt
963 791 983 814 a
1010 781 1128 822 Dum,
1160 778 1358 821 5⁰s0-Streit
1384 778 1406 812 l.
1434 790 1463 812 c.
1482 777 1701 819 228—229).
1744 775 1852 810 Brevi

76 838 157 881 post
191 835 362 869 Hoffaeus
401 834 621 878 lngolstadio
652 834 834 877 Dilingam
872 835 972 867 venit
1006 833 1126 877 ibique
1158 832 1339 866 Canisium
1376 831 1514 865 invenit
1548 834 1584 864 et
1620 829 1852 874 vituperavit,

76 889 192 933 idque,
220 892 260 922 ut
286 888 439 929 videtur,
469 889 587 922 acrius
614 899 721 932 quam
749 888 918 927 suavius;
945 898 1060 930 neque
1087 886 1214 920 mirum
1242 888 1307 925 est,
1327 885 1460 918 Canisii
1487 885 1644 918 animum
1671 883 1776 917 valde
1796 882 1852 916 de-

76 943 224 976 missum
251 944 287 976 et
313 942 605 987 praepositorum
632 941 991 975 observantissimum
1029 939 1261 985 provincialis
1286 939 1342 973 sui
1368 939 1490 972 verbis
1517 949 1733 982 magnopere
1761 947 1853 970 com-

77 999 211 1029 motum
239 1007 328 1029 esse.
378 996 545 1038 [Ioffaeus
572 995 693 1039 itaque
728 994 873 1037 Dilinga
899 995 930 1028 6.
953 993 1119 1028 Octobris
1141 993 1230 1027 1580
1256 993 1298 1026 ad
1324 993 1534 1026 Manareum
1562 991 1649 1025 haec
1668 989 1853 1024 *rettulit:

81 1049 140 1092 „R
161 1048 327 1083 canisius
364 1048 504 1093 prolixe
531 1060 551 1083 a
578 1060 633 1082 me
660 1049 802 1081 veniam
840 1047 965 1092 petijt:
1000 1059 1079 1081 amo
1117 1047 1246 1081 bonum
1277 1046 1432 1084 Patrem,
1469 1049 1505 1079 et
1531 1044 1699 1089 quamdiu
1727 1044 1760 1077 in
1788 1043 1854 1077 hoc

78 1102 196 1136 officio
223 1113 289 1144 ego
318 1102 378 1141 fui,
411 1102 558 1146 permisi
585 1101 635 1135 illi
663 1101 781 1135 onmia
807 1101 998 1142 liberrime,
1035 1101 1096 1134 sed
1125 1102 1222 1134 certe
1249 1112 1318 1134 non
1344 1100 1434 1133 satis
1461 1099 1550 1133 bene
1577 1109 1664 1132 vsus
1691 1102 1745 1131 cst
1772 1097 1854 1130 Pro-

80 1155 240 1189 uintialis
274 1155 329 1190 sui
367 1156 617 1189 beneuolentia
652 1159 687 1189 et
724 1154 966 1198 indulgentia:
1004 1155 1180 1199 promittit
1215 1154 1339 1193 multa,
1374 1154 1468 1187 sicut
1503 1152 1647 1197 saepius
1682 1149 1856 1196 promisit,

78 1209 141 1243 sed
178 1208 284 1242 facile
320 1209 414 1242 redit
439 1208 482 1242 ad
519 1209 701 1252 ingenium
730 1220 796 1241 non
833 1212 906 1241 tam
944 1208 1032 1241 vitio
1067 1207 1267 1241 voluntatis
1303 1218 1410 1251 quam
1446 1206 1664 1240 senectutis:
1701 1203 1856 1247 Egregie

79 1274 165 1296 sane
201 1273 317 1296 meam
354 1262 564 1307 patientiam
601 1262 774 1296 tredecim
812 1262 915 1295 annis
942 1258 1103 1295 exercuit
1139 1265 1175 1294 et
1201 1261 1318 1295 adhuc
1354 1263 1501 1304 paratus
1532 1270 1610 1293 sum
1637 1269 1754 1292 mores
1781 1257 1857 1291 eius

79 1315 233 1349 tolerare
271 1315 374 1349 modo
412 1315 480 1349 sibi
518 1315 583 1349 soli
625 1317 661 1349 et
698 1315 773 1349 Deo
813 1317 917 1349 vacet
960 1314 1119 1358 nihilque
1157 1326 1195 1348 se
1235 1313 1393 1358 consilijs
1432 1315 1468 1347 et
1506 1311 1756 1355 gubernationi
1795 1313 1857 1344 aut

79 1369 264 1413 scriptioni
292 1369 334 1402 de
361 1369 619 1411 gubernatione
645 1369 857 1409 immisceat,
884 1380 999 1412 neque
1026 1369 1118 1402 enim
1147 1368 1260 1412 ipsius
1279 1368 1390 1411 quieti
1410 1366 1556 1411 expedit
1573 1377 1688 1409 neque
1707 1364 1857 1398 aliorum

79 1423 149 1456 nisi
176 1434 242 1466 ego
270 1422 503 1456 vehementer
530 1422 671 1457 fallorss.
724 1422 775 1456 En
805 1422 920 1455 denuo
947 1421 1076 1455 obnixe
1103 1423 1206 1464 rogat
1234 1421 1272 1455 P.
1301 1421 1477 1462 Canisius‚
1514 1423 1550 1453 et
1584 1418 1764 1463 promittit
1790 1419 1858 1451 etc.

83 1475 179 1517 Esto,
216 1475 352 1509 habebo
390 1475 602 1520 patientiam
640 1487 720 1509 cum
757 1475 847 1509 bono
883 1475 1011 1509 Patre“
1053 1474 1113 1518 (ex
1150 1477 1309 1518 autogr.;
1347 1473 1468 1508 Germ.
1500 1473 1565 1507 158
1591 1471 1753 1515 1229027.
1804 1471 1859 1504 lta

83 1528 272 1569 Hoffaeus3
299 1529 359 1573 qui
389 1530 466 1573 ipso
493 1530 560 1563 hoc
586 1540 678 1562 anno
706 1541 725 1562 a
753 1529 956 1574 praeposito
983 1527 1142 1571 generali
1170 1529 1334 1573 petierat,
1366 1530 1404 1561 ut
1431 1527 1596 1561 Canisius
1622 1525 1689 1559 sibi
1721 1524 1860 1567 „socius

81 1585 118 1615 et
135 1582 353 1616 admonitor‘
377 1582 642 1625 adiungeretur,
662 1585 697 1615 et
716 1586 791 1616 tum
812 1593 843 1616 a.
868 1582 957 1616 1578
976 1584 1053 1615 tum
1072 1594 1102 1615 a.
1122 1582 1211 1616 1580
1231 1581 1415 1615 Canisium
1435 1579 1648 1615 Germaniae
1666 1577 1860 1623 superioris

87 1635 477 1680 „vicep1·ovincialem“‚
513 1635 683 1679 quamdiu
718 1636 795 1680 ipse
830 1635 866 1669 in
894 1635 1062 1669 Helvetia
1090 1637 1307 1676 versaretur,
1344 1645 1452 1677 agere
1488 1635 1645 1668 iusserat
1674 1633 1723 1674 (v.
1751 1642 1860 1675 supra

85 1701 116 1733 p.
135 1689 204 1723 442
231 1691 267 1722 et
292 1688 398 1733 infra,
426 1700 581 1723 monum.
603 1689 723 1732 1253).
770 1689 899 1723 Miram
922 1689 1029 1723 huius
1056 1689 1125 1722 viri
1150 1688 1325 1722 indolem:
1353 1699 1485 1730 magna
1511 1686 1696 1732 praeditus
1714 1685 1861 1725 virtute,

83 1745 232 1786 paterna
259 1753 405 1786 prorsus
424 1742 576 1776 caritate
595 1753 743 1776 suorum
763 1743 962 1776 rationibus
980 1743 1182 1782 serviebat;
1210 1742 1272 1776 sed
1291 1753 1558 1785 nonnunquam,
1584 1740 1655 1774 bile
1674 1740 1861 1776 commota,

83 1799 161 1829 atro
197 1795 350 1839 quodam
386 1795 504 1829 colore
540 1799 577 1829 et
612 1807 697 1829 suas
733 1798 769 1829 et
804 1796 954 1830 aliorum
987 1807 1044 1830 res
1078 1796 1284 1830 offundebat
1319 1798 1356 1829 et
1391 1795 1442 1829 sic
1479 1794 1612 1828 offusas
1647 1791 1863 1837 depingebat

85 1848 219 1892 (Dulzr,
246 1849 319 1883 Jes.
349 1849 363 1882 I
390 1849 620 1890 7813—798);
656 1849 708 1883 ita
735 1862 844 1893 aegre
881 1850 1021 1883 ferebat
1048 1848 1180 1883 Canisii
1213 1850 1463 1894 „scriptionem
1501 1848 1543 1882 de
1579 1845 1858 1891 gubernatione‘

83 1913 168 1942 sua:
196 1906 233 1936 at
259 1902 319 1936 ille
346 1905 382 1936 et
409 1903 666 1946 „consultoris“
698 1903 829 1943 officio,
866 1904 959 1947 quod
987 1904 1018 1937 ei
1046 1903 1244 1937 iniunctum
1272 1906 1359 1941 erat,
1397 1905 1433 1936 et
1459 1901 1705 1944 singularibus
1732 1899 1863 1944 planis-

85 1967 152 2000 que
188 1955 473 2000 praepositorum
509 1956 699 1994 mandatis.
736 1959 776 1990 ut
812 1957 990 1991 interdum
1028 1968 1069 1990 ea
1104 1957 1147 1990 de
1182 1968 1221 1990 re
1256 1955 1406 1989 Romam
1442 1955 1613 1995 referret,
1652 1953 1865 1997 adigebatur

88 2011 137 2051 (v.
166 2020 277 2053 supra
308 2020 342 2054 p.
369 2010 390 2044 8
427 2009 531 2052 321);
567 2010 748 2044 scribebat
784 2013 904 2044 autem
931 2029 975 2033 —
1003 2013 1127 2044 contra
1162 2021 1268 2054 quam
1305 2009 1476 2043 Hoffaeus
1510 2008 1725 2054 opinabatur
1751 2026 1793 2029 —
1821 2005 1864 2039 de

86 2064 163 2096 eius
189 2062 386 2096 virtutibus
422 2062 574 2104 copiose,
611 2063 653 2097 de
690 2064 820 2097 erratis
856 2063 1035 2103 modeste;
1074 2064 1120 2097 cf.
1147 2075 1257 2108 supra
1287 2074 1319 2107 p.
1348 2063 1368 2096 9
1399 2063 1466 2096 154
1500 2061 1690 2097 2229—230
1725 2060 1793 2094 273
1820 2058 1864 2093 ad

86 2115 155 2149 274
182 2116 280 2153 eto).
333 2115 449 2149 Aliter
477 2116 647 2150 Hoffaeus
674 2115 867 2151 Societatis
902 2117 1146 2151 moderatores
1181 2116 1374 2150 tractabat.
1425 2115 1474 2150 Ut
1500 2125 1615 2160 pauca
1651 2125 1778 2159 ponam
1806 2124 1865 2146 ex-

87 2168 214 2213 empla,
251 2168 363 2202 Roma
389 2169 447 2202 27.
468 2168 546 2203 Iulii
578 2170 666 2204 1577
694 2172 924 2204 Mera-uriam·
957 2171 1099 2204 nomine
1134 2172 1164 2204 ei
1200 2170 1404 2214 *scriptum
1431 2171 1505 2203 est:
1546 2168 1654 2210 „Cum
1683 2166 1866 2212 proximae

88 2221 129 2256 R.
144 2221 183 2256 T.
196 2221 357 2256 litterae.
372 2249 379 2256 .
392 2249 399 2256 .
418 2224 493 2255 tum
513 2222 605 2256 aliae
624 2224 816 2257 nonnullae
833 2224 932 2258 visae
949 2227 1034 2258 sunt
1052 2223 1233 2258 nonnullis
1254 2224 1296 2257 de
1316 2223 1422 2257 rebus
1441 2234 1549 2265 agere
1567 2221 1673 2266 paulo
1692 2220 1866 2259 acerbius,

87 2276 140 2309 sic
167 2278 207 2308 vt
234 2275 275 2310 R.
300 2275 339 2309 P.
367 2274 409 2308 N.
439 2275 627 2310 Generalis
658 2277 847 2311 consilium
876 2279 911 2311 et
936 2277 1160 2311 voluntatem
1187 2277 1397 2310 viderentur
1433 2276 1544 2309 multo
1575 2274 1721 2309 minoris
1748 2275 1868 2308 facere

88 2340 194 2373 quam
223 2340 287 2373 par
313 2333 462 2363 esset..
484 2355 491 2363 .
529 2329 647 2371 Quare
682 2334 785 2375 optat
811 2331 904 2364 idem
932 2331 970 2364 P.
990 2331 1032 2365 N.
1062 2333 1102 2365 vt
1128 2330 1169 2364 R.
1189 2330 1227 2364 T.
1248 2331 1283 2364 in
1319 2332 1501 2374 posterum
1538 2341 1674 2362 memor
1708 2328 1757 2362 sit
1791 2328 1868 2361 eius

89 2382 313 2416 reuerentiae
339 2393 431 2426 quae
457 2383 702 2427 superioribus
730 2383 891 2425 debetur,
919 2396 960 2418 ac
986 2385 1129 2418 omnino
1148 2384 1225 2418 eius
1243 2383 1440 2418 modestiae
1459 2394 1566 2427 quam
1585 2384 1708 2416 nostra
1730 2381 1868 2415 vocatio

89 2447 109 2469 a
135 2435 236 2469 nobis
263 2435 450 2480 requirit“.
485 2436 529 2470 Et
549 2437 661 2471 Roma
680 2437 736 2470 23.
758 2437 912 2481 Augusti
934 2438 1024 2472 1579
1053 2438 1128 2482 ipse
1147 2439 1402 2471 Mercuricmus
1429 2437 1467 2470 P.
1487 2436 1707 2470 Theodorico
1727 2434 1868 2470 Canisio

90 2489 133 2522 de
161 2489 309 2523 Hoffaeo
346 2489 538 2532 *scripsit:
580 2490 702 2532 „Totis
737 2490 794 2524 his
830 2490 934 2525 annis
972 2502 1152 2535 nunquam
1193 2491 1236 2524 ad
1276 2502 1340 2524 nos
1374 2490 1532 2525 scribere
1567 2489 1708 2524 destitit
1745 2488 1869 2522 literas

91 2542 216 2586 plenas
243 2542 410 2586 querelis,
437 2543 582 2584 aculeis,
610 2544 762 2587 denique
789 2544 955 2587 indignas
983 2556 1074 2588 quae
1101 2545 1145 2578 ad
1164 2545 1384 2588 superiorem
1404 2556 1424 2577 a
1443 2543 1585 2577 subdito
1612 2544 1869 2576 mitterentur·

91 2595 185 2639 quod
204 2607 269 2629 nos
287 2595 512 2640 simplicitati
532 2597 673 2630 cuidam
693 2600 729 2630 et
747 2598 892 2631 candori
911 2598 1121 2639 tribuentes,
1143 2597 1272 2631 leuiter
1290 2597 1482 2641 aliquoties
1500 2608 1579 2630 eum
1599 2596 1870 2639 castigauimus‚

93 2648 150 2682 uel
176 2649 296 2693 potius
322 2650 572 2683 admonuimus
592 2668 599 2675 -
619 2650 810 2694 praecipue
829 2653 951 2684 tamen
970 2650 1036 2684 hoc
1055 2662 1147 2685 anno
1174 2651 1244 2684 fuit
1270 2650 1506 2684 intolerabilis
1524 2651 1601 2684 eius
1620 2649 1799 2684 acerbitas
1814 2677 1821 2684 .
1839 2676 1845 2683 .
1862 2675 1870 2683 .

93 2702 192 2744 Quod
220 2701 438 2736 Reuerentia
474 2703 516 2737 V.
547 2703 590 2737 de
616 2703 714 2738 illius
751 2704 952 2748 prudentia,
989 2704 1187 2748 diligentia,
1223 2709 1257 2738 et
1285 2703 1463 2748 probitate
1490 2705 1755 2744 commemorat,
1783 2703 1871 2737 haec

93 2766 209 2799 neque
236 2766 300 2789 nos
336 2755 490 2799 fugiunt,
526 2756 589 2790 sed
625 2756 807 2791 noluimus
843 2759 917 2802 pati
945 2758 989 2792 ad
1017 2758 1113 2792 illius
1140 2760 1281 2791 ceteras
1307 2758 1463 2791 uirtutes
1489 2757 1582 2791 hanc
1608 2768 1750 2801 quoque
1774 2768 1872 2791 man-

93 2807 296 2842 suetudinis
331 2810 367 2842 et
400 2820 507 2843 uerae
542 2809 776 2844 subiectionis
816 2812 989 2845 uirtutem
1028 2811 1172 2844 deesse“
1214 2811 1275 2853 (ex
1311 2811 1599 2850 commentariis;
1643 2810 1708 2844 Ru.
1743 2811 1809 2844 [nf.
1843 2812 1871 2851 1,

95 2861 126 2895 Il
155 2862 178 2895 f.
201 2862 259 2895 12⁸
286 2861 377 2904 33³).
429 2862 576 2897 Electus
602 2862 730 2897 deinde
760 2863 930 2898 Hoffaeus
956 2875 987 2897 a.
1010 2865 1097 2898 1581
1127 2863 1268 2898 Claudii
1294 2863 1509 2908 Aquavivae
1545 2864 1738 2908 praepositi
1766 2876 1871 2907 gene-

95 2914 183 2949 ralis
218 2927 281 2959 pro
309 2913 502 2949 Germania
537 2916 723 2957 assistens,
762 2928 803 2951 eo
830 2917 866 2950 in
893 2928 1041 2951 munere
1067 2918 1186 2950 onmia
1212 2917 1366 2960 rigidius
1400 2917 1590 2951 tractando
1617 2919 1653 2951 et
1679 2929 1781 2951 suam
1810 2917 1872 2952 ali-

96 2968 238 3012 quando
273 2969 489 3002 sententiam
524 2968 667 3012 neglegi
697 2980 804 3013 aegre
841 2970 988 3004 ferendo
1024 2972 1165 3004 tantum
1193 2970 1380 3004 molestiae
1406 2970 1622 3014 Aquavivae
1658 2971 1872 3012 facessebat,

96 3024 137 3055 ut
161 3021 192 3055 is
226 3021 370 3055 tandem
407 3021 457 3055 illi
486 3021 724 3063 denuntiaret,
760 3023 839 3067 ipsi,
875 3023 943 3057 nisi
979 3023 1086 3057 aliam
1122 3024 1297 3057 rationem
1333 3023 1424 3057 inire
1451 3023 1572 3064 vellet,
1608 3023 1765 3058 officium
1797 3025 1874 3058 fore

97 3074 365 3119 deponendum:
403 3086 510 3118 quam
545 3075 810 3109 abdicationem
849 3076 1020 3110 Hoffaeus
1056 3077 1164 3121 probe
1200 3079 1436 3121 prompteque
1472 3076 1654 3121 praestitit
1693 3078 1777 3121 (Ios.
1814 3079 1873 3112 Ιιι-

219 3150 248 3181 a)
273 3152 416 3181 Quanam·
433 3160 472 3176 ιϊ.
488 3152 688 3177 antecedentia
703 3152 739 3176 ab
754 3153 790 3177 H.
802 3156 904 3184 postea
926 3153 1066 3184 ascripta,
1086 3156 1111 3176 et
1133 3162 1173 3176 rr.
1194 3160 1262 3183 sqq„
1291 3160 1377 3183 usque
1397 3153 1436 3177 ad
1457 3151 1548 3178 Patre
1570 3153 1646 3183 incl„
1671 3153 1706 3178 ab
1726 3153 1821 3178 eodem
1843 3154 1875 3178 in

99 3191 231 3222 maraine
251 3193 356 3216 (amita
376 3195 452 3217 sunt.

172 3244 487 3277 Braunsberger,
508 3244 620 3271 Canisii
640 3245 800 3279 Epistulae
821 3248 852 3272 et
871 3247 957 3273 Acta.
990 3246 1051 3273 Vll.
1544 3242 1587 3275 37
