2062 3443
117 164 219 199 2047.
240 163 487 197 Mercurianus
508 164 592 197 Can.
618 164 671 197 19.
691 162 786 207 Sept.
810 163 910 196 1579.
946 161 1048 196 2048.
1068 160 1318 195 Mercurianus
1337 161 1422 195 Can.
1453 162 1485 196 9.
1506 162 1584 195 Oct.
1608 162 1708 195 1579.
1752 166 1835 205 519

68 279 228 316 2047.
305 279 725 315 EVERARBIVS
753 276 1158 314 MERGITRIAN
1170 277 1246 313 IIS
1275 279 1502 323 praepositus
1522 278 1701 322 generalis
1722 277 1836 311 Socie-

255 334 342 367 tatis
369 333 449 367 Iesu
477 333 679 367 CANISIO.
1221 332 1333 365 Roma
1363 334 1415 366 19.
1436 331 1658 376 Septembris
1687 331 1788 364 1579.

187 398 239 431 Ex
266 398 540 437 commentario:
579 398 613 431 in
641 397 768 442 capite,
804 408 909 430 manu
937 396 1082 430 eadem:
1123 396 1322 438 „Monachij
1352 397 1389 430 P.
1414 397 1517 430 l'etro
1544 395 1719 430 Canisio.“
1772 395 1836 429 lili.

66 453 133 486 Inf.
156 453 184 491 1,
215 452 245 485 ΙΙ
272 452 295 485 f.
318 452 390 485 33¹2

184 512 423 545 I'rore'mv'ali's
449 513 662 544 admonitus.
708 511 887 543 Visitator.
932 510 1145 552 IiMayius.
1189 494 1433 542 Seminarium
1461 510 1729 551 salis-bmyense.

185 585 281 626 Non
301 582 602 637 respondimus
619 590 744 621 antea
761 581 815 623 ad
835 583 1078 635 postremas
1089 580 1379 623 Reuerentiae
1389 581 1438 622 V.
1456 581 1628 622 litteras
1650 581 1838 634 scriptas

66 650 120 690 24
142 649 265 691 Jun.¹'
296 651 388 690 tum
412 649 589 702 propter
622 646 708 689 alia
740 646 929 700 negotia,
964 649 1056 688 tum
1089 645 1188 698 quia
1221 645 1326 688 facti
1350 646 1494 699 potius
1527 659 1655 699 quam
1689 645 1836 699 scripti

64 714 386 768 responsionem
410 712 704 765 requirebant.
741 711 882 761 Quare
906 714 950 754 et
972 724 1082 763 quae
1105 711 1147 752 in
1171 711 1422 764 praesentia
1445 711 1596 752 confici
1619 713 1835 764 poterant.

65 780 117 821 de
149 779 203 833 ijs
235 779 281 822 P.
302 778 615 820 Prouincialem
651 777 951 818 admonuimus
967 778 992 826 ¹,
1027 780 1072 818 et
1095 776 1146 818 de
1170 776 1396 818 uisitatore
1429 790 1554 829 quem
1578 777 1687 818 adeo
1709 780 1837 829 urget

64 844 327 887 Reuerentia
360 844 411 886 V.
446 843 532 885 cito
567 842 919 884 deliberabimus:
958 855 1098 894 neque
1130 842 1242 884 enim
1278 842 1567 885 Reuerentiae
1601 842 1650 883 V.
1687 855 1835 883 conce-

64 910 202 952 dimus
244 912 292 952 ut
323 909 365 950 id
405 908 545 962 magis
584 910 765 961 exoptet
805 921 933 960 quam
966 922 1044 949 nos
1077 907 1171 961 ipsi.
1237 908 1300 949 De
1344 907 1389 950 P.
1424 907 1657 949 Laurentio
1690 906 1838 959 Magio

65 975 197 1017 miror
227 989 323 1016 eum
347 987 562 1015 rumorem
586 973 764 1027 spargi2
788 995 797 1002 ·
821 972 944 1014 nobis
967 973 1079 1015 enim
1104 973 1156 1014 de
1179 986 1229 1014 eo
1253 973 1461 1015 mutando
1495 972 1634 1014 adhuc
1667 972 1836 1025 quidem

63 1053 142 1082 nec
183 1039 226 1081 in
269 1041 458 1081 mentem
501 1038 635 1089 uenit,
681 1052 821 1091 neque
864 1038 1010 1080 ueniet
1054 1052 1242 1090 unquam
1285 1037 1365 1079 nisi
1407 1052 1485 1079 nos
1528 1040 1658 1091 cogat
1699 1036 1838 1079 maius

68 1104 148 1146 Dei
181 1104 446 1157 obsequium.
1495 1092 1506 1104 ’

180 1169 511 1222 Salisburgense
554 1168 833 1210 seminarium
875 1168 1114 1221 gaudemus
1150 1167 1246 1220 alijs
1280 1168 1510 1216 elocatum,
1554 1170 1598 1209 et
1636 1181 1714 1209 nos
1746 1181 1838 1208 mo-

61 1234 190 1276 lestia.
222 1233 466 1283 liberat0s¹’‚
500 1233 628 1286 idque
661 1233 794 1274 diuini
826 1233 1021 1286 beneficij
1055 1233 1148 1275 loco
1172 1232 1383 1287 ponimus,
1417 1247 1495 1287 pro
1520 1247 1602 1286 quo
1635 1232 1761 1274 simul
1795 1235 1837 1273 et

61 1313 138 1353 pro
172 1300 327 1342 ceteris
350 1298 520 1341 Christo
544 1298 728 1340 Domino
761 1298 928 1351 gratias
961 1302 1143 1350 agentes
1166 1304 1282 1340 eumc
1315 1312 1489 1340 oramus
1512 1300 1561 1340 ut
1583 1296 1835 1351 uestrisdff]

61 1365 189 1407 rebus
230 1365 285 1406 ad
317 1364 382 1406 sui
414 1363 601 1406 nominis
633 1363 816 1416 gloriam
850 1367 1058 1417 perpetuo
1102 1363 1252 1405 fauere
1287 1363 1407 1405 uelit.
1471 1363 1732 1405 Commendo
1768 1369 1835 1406 ete.

65 1431 116 1472 19
150 1430 269 1484 Sept.
307 1431 432 1472 1579.

181 1504 279 1546 Quod
309 1507 563 1540 Morem-ianus
590 1505 733 1539 Canisio
759 1505 895 1545 scribit,
923 1517 961 1539 se
988 1505 1086 1539 facto
1113 1504 1232 1549 potius
1260 1516 1364 1548 quam
1392 1505 1527 1549 scripto
1547 1504 1578 1538 ci
1604 1504 1836 1549 respondere:

64 1560 97 1594 id
125 1571 169 1593 ex
206 1562 307 1604 parte
344 1560 528 1604 praestitit
563 1559 598 1592 in
626 1559 785 1593 *litteris
820 1559 933 1593 Roma
962 1559 1014 1593 18.
1036 1558 1257 1603 Septembris
1287 1559 1378 1592 1579
1406 1558 1449 1592 ad
1478 1558 1516 1593 P.
1537 1558 1723 1592 Hoffaeum
1760 1570 1836 1603 pro—

62 1612 254 1647 vincialem
281 1613 394 1654 datis:
436 1614 469 1646 in
497 1612 627 1656 quibus
654 1613 697 1646 de
730 1612 800 1646 PP.
820 1612 1006 1646 Theodoro
1032 1611 1183 1646 Peltano
1218 1615 1254 1645 et
1289 1611 1463 1655 Gregorio
1499 1612 1542 1645 de
1573 1611 1742 1646 Valentia
1775 1612 1838 1655 (cf.

61 1678 169 1711 supra
195 1678 229 1711 p.
248 1666 333 1711 509)
360 1667 413 1700 sic
440 1678 519 1700 eum
547 1666 731 1700 monebat:
770 1666 820 1700 De
850 1666 887 1700 P.
907 1665 1058 1700 Peltano
1090 1665 1267 1707 ‚delatum
1305 1668 1361 1699 est
1392 1665 1494 1700 nobis
1531 1665 1712 1700 orationes
1747 1677 1838 1710 quas

61 1722 92 1755 is
116 1720 151 1754 in
179 1720 331 1755 latinum
357 1720 468 1754 uertit
493 1732 562 1753 non
590 1720 780 1753 admodum
815 1719 898 1753 istic
933 1719 1074 1764 probari
1110 1722 1187 1752 tum
1214 1730 1235 1752 a
1262 1719 1421 1762 reliquis,
1457 1722 1533 1753 tum
1561 1719 1605 1753 ab
1642 1719 1730 1764 ipsis
1758 1732 1838 1754 cen-

60 1774 212 1808 soribus.
263 1773 300 1808 Si
335 1774 386 1807 ita
421 1775 477 1807 est
511 1773 634 1807 uideat
660 1773 877 1807 Reuerentia
903 1773 946 1807 V.
973 1785 1017 1807 ne
1044 1784 1171 1806 nomen
1199 1772 1391 1807 Societatis
1417 1772 1484 1806 hoc
1521 1773 1733 1817 praesertim
1760 1784 1835 1808 sae-

63 1827 144 1861 culo
172 1826 328 1868 exculto,
364 1830 400 1861 et
435 1827 609 1861 iudicioso
635 1827 792 1871 aliquam
819 1829 940 1860 notam
976 1826 1124 1860 subeat:
1162 1838 1245 1860 nam
1280 1825 1436 1860 facultas
1471 1837 1578 1870 quam
1605 1838 1670 1860 nos
1695 1838 1838 1861 conces-

60 1891 222 1914 seramus
260 1883 300 1914 ut
334 1880 416 1914 istic
452 1892 494 1914 ea
529 1880 647 1914 uersio
684 1883 892 1914 censeretur
927 1880 997 1914 huc
1032 1883 1152 1914 tamen
1189 1879 1380 1924 spectabat
1414 1881 1549 1913 utnon
1578 1879 1744 1914 ederetur
1769 1880 1837 1914 nisi

61 1934 214 1968 editione
241 1933 346 1978 plane
373 1934 492 1977 digna.
530 1939 565 1967 et
592 1933 708 1968 doctis
734 1936 831 1967 esset
857 1933 1046 1978 placitura.
1099 1933 1293 1967 Praeterea
1320 1933 1526 1967 audiuimus
1553 1933 1662 1966 etiam
1691 1933 1730 1967 P.
1751 1932 1837 1967 Gre-

0 2015 1 2021 ,
59 1987 197 2031 gorium
226 1987 401 2021 excedere
427 1987 560 2021 limites
587 1987 784 2021 modestiae
811 1998 903 2031 quae
938 1987 1118 2029 theologis
1153 1986 1287 2020 nostris
1325 1987 1528 2025 conueniat,
1566 1986 1709 2030 iamque
1735 1986 1838 2020 binas

60 2040 245 2085 apologias
270 2041 377 2075 nimis
404 2041 598 2075 maledicas
625 2044 661 2075 et
687 2041 932 2075 contentiosas
950 2040 1117 2079 edidisse,
1145 2041 1288 2074 tertiam
1317 2040 1424 2074 etiam
1453 2039 1524 2073 cito
1550 2040 1728 2074 meditari.
1771 2039 1836 2073 Re-

60 2095 220 2128 uerentia
247 2094 291 2129 V.
319 2106 399 2129 eum
437 2095 530 2128 intra
565 2094 697 2128 limites
733 2096 866 2133 teneat,
899 2097 936 2128 et
971 2095 1040 2128 ista
1076 2106 1154 2127 cum
1192 2094 1357 2134 eduntur,
1393 2093 1506 2127 faciat
1532 2094 1627 2127 sicut
1653 2093 1724 2127 alia
1751 2096 1790 2127 ut
1818 2105 1837 2127 a

60 2147 163 2182 nobis
189 2147 398 2182 uideantur“
431 2148 492 2190 (ex
520 2159 663 2183 comm.:
693 2147 844 2181 Rh.1nf.
867 2148 897 2187 1,
925 2148 957 2181 II
985 2148 1009 2182 f.
1029 2148 1119 2190 33¹³).

180 2201 313 2235 Iterum
341 2203 597 2235 Mer-curiam&
633 2200 780 2235 Hoffaeo
815 2200 991 2246 *scripsit
1016 2201 1129 2234 Roma
1158 2201 1211 2235 12.
1240 2199 1456 2234 Novembris
1486 2201 1596 2235 1579:
1644 2200 1836 2242 „Quoniam

61 2254 264 2288 audiuimus
290 2254 329 2289 P.
350 2255 562 2299 Gregorium
582 2266 711 2288 nouam
732 2254 847 2288 denuo
865 2255 1132 2299 responsionem
1153 2257 1276 2288 contra
1296 2253 1544 2288 Herbrandum
1573 2254 1688 2288 moliri
1707 2253 1836 2288 uellem

61 2310 267 2342 moneretur
298 2319 343 2342 ne
368 2310 444 2342 tam
471 2308 627 2342 mordaci
655 2307 750 2352 stylo
777 2310 817 2342 ut
852 2311 958 2342 antea
984 2311 1147 2342 uteretur
1174 2307 1267 2351 quod
1295 2310 1331 2341 et
1355 2306 1490 2352 hominj
1518 2307 1684 2350 religioso
1711 2318 1836 2352 parum

61 2361 229 2395 decorum
256 2364 321 2402 est,
358 2364 393 2395 et
421 2361 616 2395 maledicos
651 2361 815 2395 homines
841 2373 883 2395 ac
909 2362 1154 2396 contentiosos
1189 2361 1233 2395 ad
1260 2360 1510 2394 oblatrandum
1539 2361 1657 2395 acrius
1684 2361 1837 2394 irritat&

62 2414 108 2448 Et
134 2413 276 2448 *Roma
305 2415 359 2449 19.
380 2414 588 2449 Decembris
618 2416 729 2449 1579:
774 2415 846 2457 „De
874 2415 911 2449 P.
932 2414 1106 2459 Gregorio
1133 2414 1348 2448 Valentiam
1385 2414 1615 2448 concedimus
1651 2414 1742 2458 quod
1771 2414 1838 2448 Re-

60 2468 224 2502 uerentia
250 2467 293 2502 V.
320 2469 421 2513 petit,
449 2470 490 2502 ut
508 2469 585 2503 eius
603 2468 697 2502 modi
724 2469 861 2513 scripta
880 2468 1098 2511 euulgentur
1116 2468 1198 2502 istic
1216 2468 1304 2506 uisa,
1332 2468 1435 2501 modo
1461 2468 1551 2502 bene
1578 2479 1618 2502 ac
1645 2467 1838 2511 diligenter

60 2520 151 2559 uisa,
177 2521 221 2554 ab
250 2521 465 2555 Reuerentia
492 2521 536 2556 V.
556 2525 593 2556 et
617 2522 734 2556 tribus
769 2525 831 2555 aut
858 2525 1011 2565 quatuor
1037 2521 1119 2565 alijs
1145 2521 1271 2560 doctis.
1308 2524 1344 2555 et
1371 2521 1608 2566 prudentibus
1635 2521 1742 2555 uiris‘
1775 2521 1836 2563 (ex

61 2574 339 2609 commentariis.
379 2574 445 2608 Rh.
467 2575 533 2609 Ins.
555 2577 585 2615 1,
612 2575 643 2609 Il
672 2575 694 2609 f.
715 2575 777 2610 34¹³
804 2575 893 2618 36⁸).

181 2633 348 2668 Canisius
375 2634 602 2668 Mercuriano
629 2634 815 2679 respondit
840 2634 897 2668 22.
916 2634 1132 2668 Novembris
1161 2634 1262 2668 1579.

63 2729 226 2766 2048.
303 2730 724 2768 EVERARDUS
751 2730 1247 2768 MERCURIANUS
1275 2732 1503 2776 praepositus
1520 2732 1701 2775 generalis
1721 2732 1838 2767 Some—

252 2785 340 2819 tatis
368 2785 448 2819 Iesu
477 2785 677 2820 CANlSIO.
1297 2785 1409 2819 Roma
1437 2786 1468 2820 9.
1489 2786 1657 2820 Octobris
1685 2786 1788 2820 1579.

63 2902 76 2935 1
107 2902 123 2935 f
182 2849 243 2936 ΕῗῙ
264 2851 539 2884 commentario:
577 2850 612 2883 in
640 2850 769 2894 capite,
797 2850 920 2884 eadem
947 2862 1074 2884 manu:
1107 2849 1306 2893 „Monachij
1336 2850 1374 2883 P.
1402 2849 1511 2884 Petro
1539 2850 1714 2886 Canisio.“
1770 2850 1836 2884 Rh.

82 2913 101 2935 u
123 2929 129 2936 .
154 2903 183 2942 1,
270 2903 293 2936 f.
316 2903 371 2936 34.

183 2980 210 3003 al
232 2979 400 3010 Sequuntur
421 2988 462 3004 ιϊ.
483 2978 625 3011 quoniam
648 2985 736 3011 quae,
756 2980 932 3005 oblitterata.
1026 2979 1056 3011 b)
1078 2981 1216 3011 Srqnilur
1235 2978 1387 3004 Mittimus
1407 2978 1610 3005 Reuerentiae
1631 2979 1665 3005 V.
1687 2980 1836 3005 rationem

64 3026 165 3051 quam,
185 3020 274 3044 obliti.
348 3022 374 3051 c)
397 3022 562 3045 Cor-rectum
584 3028 620 3045 ex
640 3020 780 3046 eundem.
856 3021 886 3053 d)
907 3023 955 3046 ῐέΙ
976 3021 1110 3048 nostris.-
1130 3022 1246 3046 obscure
1268 3022 1342 3045 enim
1364 3022 1505 3052 scriptum
1527 3025 1576 3046 est,

188 3111 196 3128 ¹
225 3108 376 3143 Paulum
403 3109 611 3149 Hoffaemn:
638 3109 733 3151 vide,
760 3121 852 3154 quae
879 3111 946 3144 sub
973 3111 1071 3156 ipsas
1098 3110 1163 3144 has
1188 3110 1332 3144 litteras
1358 3109 1532 3144 dicentur.

186 3161 198 3181 ²
226 3161 314 3195 Eum
342 3161 552 3196 Vindobona
579 3161 728 3196 Romam
757 3166 946 3198 evocatum
974 3164 1034 3198 iri:
1063 3176 1097 3198 V.
1117 3175 1225 3207 supra
1253 3175 1286 3207 p.
1305 3163 1386 3198 512.
