2051 3433
223 155 308 196 334
652 149 755 185 1947.
786 150 953 185 Canisius
980 150 1068 185 Iulio
1095 149 1230 184 Echter
1256 160 1276 183 a
1302 148 1572 194 Mespelbrunn.

222 270 410 324 spirent,
454 269 539 311 vile
587 272 734 311 autem
773 272 818 311 et
863 283 999 322 aeque
1038 268 1302 311 laboriosum
1343 267 1424 309 hoc
1467 267 1752 311 ministerium
1794 268 1997 319 iudicent,

222 335 464 388 callideque
487 333 824 387 subterfugiant,
853 348 906 376 ne
930 348 1026 376 cum
1050 333 1194 387 pueris
1218 333 1533 386 quodammodo
1557 347 1864 387 repuerascere
1887 334 2000 376 velle

222 400 469 442 videantur.
520 399 655 452 Atqui
689 413 775 440 non
807 402 986 441 veretur
1017 399 1111 453 ipsa
1144 398 1224 440 Dei
1256 397 1473 451 sapientia
1506 398 1701 441 Christus
1733 412 1780 440 se
1806 399 2000 452 paruulis

222 479 430 519 perquam
466 464 726 506 familiarem
760 463 978 514 exhibere,
1012 463 1091 505 hos
1126 464 1180 506 ad
1213 477 1260 505 se
1292 463 1412 505 iubet
1435 463 1600 512 adduci,
1637 463 1862 506 venientes
1884 463 1999 507 vltro

223 530 515 584 amplectitur,
559 533 603 572 et
636 533 836 571 amanter
878 530 1113 578 osculatur,
1155 528 1222 569 his
1264 543 1366 570 suas
1408 528 1500 582 ipse
1542 543 1695 570 manus
1733 528 1916 582 imponit
1948 542 2000 571 ac

221 595 450 646 benedicit,
487 596 551 636 his
583 594 806 636 ministros
839 598 883 637 et
916 595 1118 637 custodes
1142 594 1335 647 Angelos
1368 594 1562 647 deputat,
1597 593 1675 635 hos
1708 594 1877 635 demum
1901 608 1999 636 cae-

221 660 345 703 lestis
386 660 510 713 regni
553 659 670 702 ciues
714 662 758 701 et
795 673 900 713 prae
941 660 1038 714 alijs
1080 659 1291 700 haeredes
1333 659 1456 712 quasi
1498 658 1695 712 proprios
1736 659 1856 701 facit.
1921 658 2000 709 Qui

222 728 452 780 praeterea
484 739 668 779 poenam
700 725 761 766 illi
791 725 1095 777 grauissimam
1129 724 1449 773 interminatur,
1484 724 1520 765 si
1553 724 1648 777 quis
1682 738 1810 765 vnum
1845 737 1868 766 e
1899 738 2001 778 par-

222 791 334 833 uulis
376 791 469 832 siue
509 790 551 831 in
584 790 684 832 fidei
718 790 928 841 doctrina,
972 790 1064 832 siue
1097 790 1138 831 in
1182 789 1301 831 vitae
1333 790 1524 830 moribus
1563 789 1678 831 forte
1710 789 1998 831 scandalizet:

222 856 295 910 qui
337 857 506 897 demum
549 855 593 896 in
633 856 838 909 paruulos
879 856 1086 897 collatum
1130 855 1383 897 beneficium
1427 855 1535 896 adeo
1578 854 1658 896 sibi
1699 857 1874 907 gratum
1906 854 2003 895 fore

221 921 492 976 pronunciat,
527 923 576 963 vt
609 920 851 974 quicunque
884 921 1018 975 ipsius
1050 921 1221 962 nomine
1246 920 1471 974 paruulum
1496 920 1749 972 susceperit,
1784 919 2000 962 Christum

221 987 360 1041 ipsum
403 986 624 1040 suscipiat,
668 986 913 1040 habeatque
955 989 1212 1040 perpetuum
1255 985 1536 1028 debitoreml.
1601 985 1731 1027 Tanti
1771 984 1921 1036 refert,
1964 985 1999 1026 si

223 1052 393 1094 Christo
427 1052 624 1102 Domino,
665 1052 843 1104 eiusque
876 1065 1001 1093 sacro
1034 1051 1276 1104 Euangelio
1310 1050 1539 1102 credimus,
1581 1051 1632 1092 de
1665 1050 1859 1105 paruulis
1891 1050 2003 1092 bene

222 1117 401 1166 mereri,
448 1131 498 1159 ac
545 1117 826 1160 instituendis
869 1117 1042 1158 illorum
1087 1117 1142 1158 ad
1190 1117 1399 1170 pietatem
1455 1116 1609 1158 animis
1657 1130 1833 1170 operam
1882 1116 1999 1164 dare,

223 1183 586 1236 quemadmodum
620 1183 742 1237 probi
776 1182 944 1224 faciunt
977 1181 1266 1232 Catechistae,
1308 1196 1395 1223 non
1428 1181 1717 1224 Christianum
1752 1180 1890 1229 modo,
1924 1182 2000 1223 sed

223 1248 354 1291 etiam
390 1248 660 1302 Angelicum,
704 1252 754 1291 vt
792 1248 854 1289 sic
896 1249 1062 1301 loquar,
1106 1261 1262 1289 munus
1301 1247 1671 1290 administrantes.
1735 1246 1826 1296 Quo
1859 1246 2002 1288 minus

226 1327 307 1368 ego
351 1313 498 1364 miror,
545 1314 728 1355 eximios
771 1313 869 1355 illos
915 1314 1090 1361 Patres,
1135 1312 1389 1367 Origenem,
1433 1312 1665 1361 Basilium,
1711 1311 2001 1361 Ambrosium,

223 1379 531 1432 Augustinum,
557 1379 763 1432 Cyrillum
788 1379 842 1420 ab
865 1379 946 1421 hoc
969 1379 1152 1422 docendi
1175 1392 1336 1432 genere
1359 1393 1443 1420 non
1468 1378 1743 1429 abstinuisse,
1777 1378 1852 1419 sed
1875 1377 2001 1419 huius
2050 1377 2051 1431 }

222 1445 322 1487 viae
355 1445 486 1486 duces
528 1459 575 1486 se
607 1445 731 1486 nobis
772 1444 1039 1499 praebuisse,
1084 1450 1132 1488 vt
1172 1445 1215 1486 in
1257 1444 1354 1485 fidei
1389 1443 1586 1486 doctrina
1619 1443 1748 1485 rudes
1780 1457 1831 1486 ac
1863 1442 2000 1485 veluti

222 1511 428 1565 paruulos
459 1524 545 1551 non
578 1509 795 1563 grauatim
831 1510 1160 1561 catechizemus‚
1195 1513 1239 1552 et
1272 1509 1333 1551 eis
1366 1512 1574 1562 tanquam
1598 1510 1760 1551 matres
1783 1509 1851 1550 lac
1873 1507 2000 1563 spiri-

222 1577 371 1620 tuale2
404 1576 556 1630 cupide
580 1580 623 1618 et
646 1575 854 1618 alacriter
876 1575 1266 1618 subministremus.
1313 1575 1532 1617 Videbant
1555 1574 1667 1616 enim
1692 1572 1999 1628 sapientissimi
2050 1591 2051 1595 ¹

222 1641 430 1692 homines,
464 1644 515 1683 in
549 1655 744 1694 magna
777 1641 850 1683 illa
875 1641 972 1683 Dei
1005 1642 1186 1683 domo³
1218 1641 1365 1694 plures
1388 1640 1649 1682 carnales
1682 1653 1809 1693 quam
1843 1639 2000 1693 spiri·
2050 1676 2051 1682 ,

222 1707 434 1757 tuales,
488 1707 758 1761 paruulos
807 1721 936 1760 quam
989 1707 1142 1748 viros
1192 1711 1324 1759 atque
1376 1705 1692 1760 perfectos,
1746 1708 1796 1747 vt
1840 1705 2001 1747 Paulus

223 1772 417 1827 appellat
430 1773 459 1822 4,
492 1772 685 1826 reperiri,
720 1786 1010 1826 magnamque
1034 1786 1205 1825 semper
1227 1785 1323 1813 esse
1346 1771 1533 1820 turbam,
1569 1785 1652 1812 non
1676 1771 1814 1812 solum
1839 1773 2000 1819 aetate,

223 1838 299 1880 sed
342 1837 474 1880 etiam
516 1837 672 1892 spiritu
713 1837 990 1880 imbecillium
1033 1841 1165 1891 atque
1206 1837 1476 1891 pusillorum,
1519 1835 1674 1889 quibus
1707 1835 2000 1889 Euangelicae
2048 1869 2051 1876 .

223 1903 446 1945 doctrinae
487 1917 643 1957 panem
689 1902 894 1957 frangere
943 1902 1198 1953 conueniat,
1245 1902 1381 1944 donec
1428 1901 1491 1943 illi
1535 1901 1782 1943 solidiorem
1829 1901 2003 1943 cibum5
2045 1927 2051 1944 ι

222 1968 473 2018 admittant,
510 1971 554 2011 et
586 1968 630 2009 in
663 1968 834 2011 Christo
866 1968 960 2022 ipso
993 1968 1290 2021 grandescant
1323 1970 1455 2020 atque
1488 1967 1759 2021 proficiantss.
1814 1966 1936 2016 Quod
1966 1966 2002 2008 si
2050 1994 2051 1999 =

222 2033 327 2075 nihil
351 2033 481 2083 aliud,
517 2037 635 2076 certe
659 2034 1010 2076 aduersariorum
1044 2034 1265 2088 improbus
1288 2033 1422 2083 labor,
1458 2046 1508 2074 ac
1531 2032 1751 2074 indefessa
1783 2046 1886 2074 cura
1918 2032 2000 2073 huc

222 2114 300 2142 nos
333 2099 594 2141 extimulare
627 2099 815 2142 debebat
847 2114 898 2142 ac
930 2100 1167 2154 impellere,
1202 2103 1251 2141 vt
1284 2098 1396 2152 quod
1430 2098 1618 2141 studium
1642 2098 1703 2139 illi
1726 2112 1831 2140 suae
1854 2101 2003 2140 sectae

221 2179 298 2219 per
321 2164 639 2207 Catechismum
664 2164 975 2218 propagandae
998 2164 1238 2217 animisque
1262 2178 1338 2218 per
1360 2163 1481 2205 illum
1504 2163 1829 2216 corrumpendis
1852 2165 2003 2205 noctes

223 2244 274 2272 ac
307 2230 398 2271 dies
430 2229 698 2283 impendunt,
732 2230 774 2271 id
807 2244 886 2271 nos
919 2231 973 2272 ad
997 2229 1243 2272 Catholicos
1266 2231 1385 2270 recte
1414 2229 1568 2282 pieque
1590 2228 1882 2270 instituendos
1907 2227 2001 2282 pari
2049 2264 2051 2267 .

223 2295 462 2349 diligentia,
505 2294 581 2337 sed
623 2295 801 2337 meliore
833 2296 931 2346 fide,
971 2309 1021 2337 ac
1064 2295 1247 2349 purioris
1280 2293 1542 2336 Catechismi
1584 2293 1779 2335 doctrina
1818 2294 2002 2347 impigre

222 2364 589 2404 conuerteremuS.
644 2360 753 2410 Quid
785 2360 975 2414 alioquin
1008 2361 1191 2414 turpius,
1227 2360 1327 2413 quid
1361 2361 1416 2402 ab
1450 2359 1592 2400 officio
1616 2359 1838 2401 Catholico
1862 2358 2003 2412 magis

222 2426 408 2468 alienum
442 2425 579 2467 videri
613 2429 757 2478 queat,
792 2440 922 2478 quam
955 2425 1167 2478 vigilante
1199 2425 1320 2472 Iuda,
1360 2425 1402 2466 in
1436 2438 1483 2466 re
1515 2423 1629 2466 tanti
1661 2423 1868 2466 momenti
1902 2423 2001 2464 dor-

222 2490 329 2532 mire
362 2491 538 2533 Petrum
555 2492 582 2541 7,
624 2493 668 2532 et
702 2491 889 2544 Vndique
921 2494 1153 2544 grassante
1186 2491 1285 2544 lupo
1319 2492 1540 2544 pastorem
1574 2489 1639 2530 sui
1672 2483 1819 2541 gregis
1852 2502 2000 2530 curam

223 2556 453 2609 abijcere8‚
489 2570 540 2597 ac
572 2555 733 2597 huius
766 2556 935 2598 demum
971 2556 1190 2605 seculiss,
1225 2556 1354 2596 immo
1388 2555 1746 2597 tenebrarum
1780 2553 2001 2602 filios10,

222 2621 274 2662 in
306 2635 404 2663 sua
436 2621 838 2674 generatione9
861 2621 1014 2675 magis,
1040 2635 1168 2674 quam
1192 2621 1234 2662 in
1258 2619 1415 2662 Christi
1439 2633 1572 2672 regno
1599 2619 1743 2660 lucis
1775 2618 1999 2667 filios¹¹,

223 2700 377 2740 sapere
411 2689 455 2728 et
487 2686 889 2739 prudentiores
912 2687 1092 2728 esse?⁰
1136 2685 1346 2735 Quocirca
1369 2684 1609 2727 Tridentini
1633 2683 1807 2739 Concilij
1834 2683 2001 2733 Patres,

347 2793 356 2809 ¹
384 2790 438 2824 Cf.
457 2790 510 2824 Mt
533 2791 585 2830 18,
614 2790 705 2824 2-6
736 2790 798 2831 10;
828 2790 882 2831 19,
913 2790 1070 2829 13—15;
1100 2790 1159 2824 Mc
1177 2790 1207 2830 9,
1235 2790 1278 2824 35
1299 2789 1343 2824 36
1362 2790 1427 2824 41:
1458 2789 1511 2829 10,
1543 2788 1699 2827 13-16;
1728 2787 1776 2821 Lc
1795 2788 1826 2828 9,
1852 2787 1909 2828 47,
1934 2787 2000 2826 48;

226 2843 279 2883 17,
311 2843 324 2876 l
355 2843 394 2881 2;
425 2844 479 2885 18,
510 2843 658 2877 15-17.
807 2844 819 2864 ²
846 2843 938 2878 Cf.1
969 2842 1039 2877 Cor
1065 2843 1097 2885 3,
1128 2845 1141 2877 1
1173 2843 1213 2883 2;
1243 2843 1341 2877 Hebr
1368 2843 1387 2876 5
1420 2842 1461 2875 12
1492 2842 1554 2882 13;
1585 2843 1600 2875 l
1630 2841 1717 2875 Petr
1743 2841 1774 2882 2,
1802 2841 1833 2874 2.

345 2897 357 2916 ³
387 2898 401 2930 1
431 2897 509 2930 'rim
537 2897 568 2937 3,
599 2898 661 2938 15;
690 2897 710 2930 2
748 2896 826 2930 Tim
854 2897 886 2938 2,
913 2896 970 2932 20.

345 2951 355 2969 ⁴
388 2951 402 2983 1
433 2951 501 2984 Cor
528 2950 559 2991 3,
590 2951 701 2990 1—3;
731 2950 784 2990 13,
814 2950 876 2991 11;
906 2950 982 2994 Eph
1002 2950 1034 2991 4,
1065 2948 1367 2990 1314;P11513,
1398 2949 1458 2990 15;
1489 2948 1587 2982 Hebr
1615 2947 1716 2989 5,13
1747 2948 1800 2982 14.

344 3004 357 3022 ⁵
384 3003 438 3037 Cf.
458 3003 555 3037 Hebr
582 3004 613 3044 5,
645 3003 686 3037 12
715 3004 770 3036 14.
918 3004 930 3023 ⁸
958 3003 1010 3037 Cf.
1032 3002 1109 3048 Eph
1136 3004 1157 3036 4
1187 3003 1334 3036 11—16.

344 3056 356 3076 ⁷
384 3056 436 3090 Cf.
456 3056 518 3090 Mt.
540 3056 596 3096 26,
633 3057 791 3096 37—50;
830 3057 888 3090 Mc
916 3057 970 3097 14,
1007 3056 1168 3096 37—45;
1206 3055 1253 3089 Lc
1280 3056 1336 3095 22,
1366 3056 1529 3091 45-47;
1567 3057 1603 3088 et
1630 3054 1722 3095 vide,
1759 3065 1851 3097 quae
1877 3055 2003 3087 notata

224 3111 309 3142 sunt
338 3110 423 3143 Can.
445 3108 475 3142 V
503 3110 572 3143 412
591 3109 610 3144 ¹.
760 3111 772 3129 ⁸
799 3110 852 3144 Cf.
874 3111 909 3144 lo
939 3111 992 3151 10,
1022 3110 1062 3144 11
1093 3109 1155 3149 12;
1185 3109 1238 3143 Mt
1266 3110 1297 3148 7,
1327 3109 1389 3149 15;
1419 3110 1489 3143 Act
1515 3109 1570 3147 20,
1599 3108 1656 3142 29.

349 3163 362 3182 ⁹
390 3162 437 3196 Lc
467 3162 520 3203 16,
548 3164 580 3197 8.
730 3164 756 3183 ¹⁰
786 3165 799 3197 1
823 3163 939 3198 Thess
964 3165 998 3205 5,
1024 3163 1057 3197 5.
1207 3164 1232 3183 ¹¹
1260 3162 1307 3196 Lc
1337 3163 1391 3204 16,
1419 3162 1455 3202 83
1484 3162 1573 3207 Eph.
1594 3163 1625 3202 5,
1653 3161 1694 3201 8;
1722 3160 1738 3194 1
1768 3159 1882 3194 Thess
1910 3159 1940 3200 5,
1968 3159 2000 3193 5.
