2062 3443
594 179 768 223 Friburgo
795 178 1044 213 Helvetiorum
1072 178 1103 212 5.
1124 177 1281 212 Ianuarii
1312 178 1412 212 1581.
1804 181 1887 221 597

119 298 428 340 uerendissimo
471 299 522 340 Β.
546 298 739 341 Nuntio¹
772 297 1028 350 Friburgum
1071 296 1234 338 decimo
1279 296 1530 338 Decembris
1572 296 1679 338 duce
1721 296 1890 338 Christo

118 363 309 417 perueni.
373 363 498 405 Jdem
541 363 731 406 Nuntius
773 376 799 404 a
838 376 906 404 me
947 362 1098 404 literas
1142 361 1192 403 R.
1227 361 1274 404 T.
1310 365 1460 415 utpote
1505 361 1630 403 huius
1675 361 1891 403 missionis

117 431 253 471 testes
286 428 463 481 exigere
496 428 614 470 uisus
647 429 755 478 est2,
791 427 1115 470 excusationem
1150 441 1252 468 uero
1284 429 1375 469 tum
1412 428 1460 470 R.
1485 427 1548 476 T.‚
1582 429 1673 468 turn
1708 427 1890 468 aliorum

118 493 295 536 Patrum
328 493 409 536 hac
442 508 526 535 non
554 493 872 535 transeuntium
896 493 1078 534 libenter
1102 492 1288 541 admisit,
1323 506 1562 546 parumque
1596 505 1747 533 curare
1772 492 1891 533 visus

115 562 195 601 est.
242 559 336 612 Ego
369 559 556 600 diuinam
583 558 898 612 prouidentiam
921 557 1063 607 laudo,
1094 571 1179 610 qua
1202 557 1366 599 factum
1390 560 1469 607 est,
1505 560 1554 600 vt
1576 556 1619 598 in
1643 557 1889 598 Heluetiam

116 637 199 666 non
233 624 524 666 deflecteretis
556 624 657 675 iter,
701 626 745 665 et
786 622 1210 665 Reuerendissimum
1244 623 1432 673 tamdiu,
1478 622 1543 664 his
1585 623 1698 663 enim
1741 621 1890 664 diebus

116 689 297 742 primum
331 689 542 739 discessit,
577 693 622 732 et
653 692 744 731 tam
767 688 950 731 moleste
972 702 1054 730 non
1080 687 1388 741 expectat-etis.
1443 687 1651 730 Probauit
1683 687 1754 729 ille
1789 702 1890 729 con-

113 754 255 796 silium
288 754 340 796 de
373 754 538 796 duobus
570 754 654 796 iam
689 753 928 807 designatis
961 753 1172 807 operarijs
1204 753 1272 795 hic
1304 752 1596 806 relinquendis
1625 752 1679 794 ad
1702 756 1888 807 tempus,

114 819 248 861 donec
290 823 388 873 post
435 819 678 862 absolutam
723 820 886 861 Romae
935 818 1319 872 congregationem
1362 818 1574 861 Patru1n3
1616 818 1698 859 huc
1742 818 1890 860 veniat

114 884 164 928 R.
187 884 236 928 T.
270 884 478 938 nobisque
521 884 750 934 consensit,
796 887 844 926 vt
886 884 928 925 in
970 884 1085 925 illius
1126 883 1362 925 aduentum
1402 883 1614 938 inspectio
1658 883 1888 924 differatur

113 950 317 1000 locorum,
360 963 415 991 ex
458 950 611 1003 quibus
652 964 764 991 vnus
807 949 989 1003 collegio
1031 951 1181 991 nostro
1223 949 1410 999 seruiat,
1453 948 1712 1003 praesertim
1759 963 1889 1001 quum

114 1014 157 1057 P.
182 1014 395 1057 Michael4
427 1015 646 1069 podagra⁸
678 1029 758 1057 sua
787 1015 1020 1069 impeditus
1051 1015 1119 1056 hic
1152 1014 1305 1056 adesse
1335 1013 1446 1056 nonb
1478 1013 1682 1068 potuerit.
1736 1013 1889 1067 Neque

113 1079 260 1123 dubito
305 1079 626 1123 cunctationem
664 1080 774 1122 hanc
816 1080 865 1124 R.
892 1080 939 1123 Τ.
974 1079 1255 1134 placituram,
1302 1080 1474 1132 quando
1516 1079 1591 1121 illa
1635 1093 1731 1120 cum
1777 1079 1890 1120 bona

112 1145 463 1198 Friburgensium
505 1159 612 1200 pace
653 1145 773 1188 facta
806 1149 886 1196 est,
931 1145 1002 1198 qui
1042 1148 1191 1188 tamen
1233 1148 1447 1199 exoptant
1487 1145 1538 1187 R.
1563 1145 1612 1188 T.
1651 1145 1889 1186 aduentum

111 1224 137 1253 a
168 1211 376 1264 paschate
389 1213 418 1261 5,
453 1210 564 1253 sicut
596 1211 685 1252 suis
718 1211 851 1253 etiam
882 1211 1022 1253 literis
1054 1211 1347 1265 explicabunt,
1382 1213 1427 1253 et
1462 1210 1683 1264 praesenti
1705 1211 1886 1252 duorum

111 1275 313 1318 missione
346 1276 537 1318 contenti
571 1278 674 1318 sunt
705 1276 785 1317 hoc
817 1279 1028 1330 tempore.

229 1346 320 1396 Quo
363 1347 430 1389 die
463 1347 721 1400 Friburgum
754 1347 940 1400 ingressi
972 1361 1120 1389 sumus
1153 1349 1197 1389 et
1229 1347 1400 1388 Bernae
1441 1346 1669 1401 prandium
1702 1345 1888 1400 sumpsit

112 1411 538 1462 ReuerendissimuS‚
585 1411 761 1466 egregie
805 1427 899 1454 cum
944 1412 1018 1454 illo
1064 1413 1251 1455 Senatus
1293 1411 1526 1454 Bernensis
1574 1411 1885 1466 expostulauit,

111 1476 224 1529 quod
257 1477 374 1519 ciues
405 1477 680 1520 haereticosss
712 1477 889 1527 diceret,
924 1492 975 1520 ac
1008 1478 1221 1531 quaedam
1254 1477 1295 1519 in
1330 1491 1434 1519 suae
1461 1477 1636 1519 ditionis
1670 1475 1887 1530 praeiudi-

111 1541 222 1584 cium
264 1542 628 1586 machinaretur7.
682 1543 924 1598 Episcopus
957 1544 1014 1586 M.
1039 1543 1309 1586 Robertum8
1350 1542 1547 1585 adhibuit
1586 1542 1885 1596 interpretem,

110 1607 184 1648 sed
217 1607 326 1650 satis
357 1607 588 1659 infelicem,
621 1622 698 1663 per
730 1622 856 1662 quem
880 1609 1060 1652 Senatui
1083 1608 1328 1663 respondit:
1363 1622 1502 1661 neque
1523 1611 1671 1650 tamen
1695 1608 1886 1661 effugere

110 1673 252 1726 potuit
283 1687 378 1715 eam
411 1673 521 1727 legis
543 1674 838 1725 seueritatem,
867 1678 915 1717 vt
937 1674 1220 1716 Bernensium
1254 1676 1361 1716 fines
1388 1687 1440 1715 ac
1463 1673 1668 1716 ditionem
1700 1672 1885 1727 posthac

109 1739 350 1791 attingeret
371 1753 590 1792 nunquam
605 1742 632 1782 θ’.
677 1739 780 1781 Cum
804 1754 908 1782 uero
931 1740 1250 1782 discederemus
1272 1754 1327 1781 ex
1350 1740 1468 1788 urbe,
1497 1738 1883 1793 spectaculum

110 1805 154 1844 et
176 1803 355 1845 fabula
381 1807 426 1847 et
448 1804 804 1858 opprobrium
828 1805 1146 1858 ludibriumque
1169 1806 1357 1860 populo
1381 1804 1510 1847 facti
1529 1803 1884 1856 ¹⁰fuimustquod

108 1882 187 1910 nos
205 1869 477 1920 clamoribus,
502 1870 749 1924 ignominijs
766 1874 811 1913 et
829 1871 1016 1924 globulis
1033 1870 1171 1913 niueis
1188 1872 1567 1925 prosequerentur.
1603 1869 1735 1911 Faxit
1753 1869 1884 1917 Deus,

110 1936 157 1976 vt
187 1933 354 1976 isthaec
376 1935 659 1977 Bernensium
691 1935 922 1978 insectatio
955 1936 1009 1977 ad
1033 1935 1334 1989 Friburgensis
1358 1935 1527 1989 collegij
1552 1935 1881 1976 fundamentum

108 1999 291 2041 rectiusc
322 1999 578 2053 feliciusque
610 2000 851 2043 iaciendum
886 2004 1181 2052 conuertatur,
1215 2001 1327 2044 sicut
1355 2000 1596 2055 Episcopus
1628 2003 1883 2051 auguratur.

108 2064 283 2107 Vtinam
318 2078 422 2107 uero
454 2064 496 2106 in
521 2065 777 2118 quibusdam
809 2066 882 2108 ille
914 2067 975 2108 sic
1008 2080 1130 2108 suum
1165 2067 1295 2108 obeat
1327 2080 1495 2116 munus,
1530 2068 1580 2108 vt
1610 2067 1806 2107 nostram
1840 2067 1886 2106 et

109 2130 330 2172 Ecclesiae
372 2143 548 2173 causam
582 2146 666 2173 non
698 2131 909 2186 impediat
949 2132 1090 2185 magis
1123 2146 1251 2185 quam
1294 2131 1520 2186 prouehat.
1585 2131 1712 2173 Certe
1744 2143 1884 2183 neque

107 2195 267 2238 nostris
311 2208 450 2248 neque
490 2196 699 2239 Societati
742 2197 947 2251 expedire
989 2197 1190 2248 arbitror,
1234 2199 1283 2239 vt
1323 2210 1419 2238 cum
1463 2210 1512 2238 eo
1556 2195 1783 2249 quisquam
1820 2195 1884 2237 ita

107 2259 466 2311 circumcursitet,
509 2275 648 2315 neque
680 2262 819 2304 solum
851 2262 1047 2317 publicis,
1089 2262 1165 2305 sed
1207 2265 1252 2305 et
1283 2262 1444 2304 odiosis
1485 2261 1673 2316 negotijs
1705 2273 1881 2315 operam

106 2325 210 2368 dare
233 2328 476 2379 cogaturll.
521 2326 639 2376 Quae
661 2326 759 2369 inde
782 2331 1104 2381 consequantur
1126 2327 1410 2378 incommoda,
1436 2326 1557 2370 nouit
1579 2340 1674 2368 cum
1700 2326 1745 2369 P.
1765 2326 1883 2368 Mar-

225 2419 253 2450 a)
274 2417 427 2451 podragra
446 2423 559 2450 autoyr.
635 2419 666 2451 b)
688 2421 827 2451 Sequitur
847 2420 956 2453 possit,
976 2421 1065 2445 obliu.
1142 2421 1167 2451 c)
1189 2422 1212 2445 A
1229 2422 1298 2445 Can.
1320 2423 1479 2445 correctum
1500 2428 1536 2444 es·
1555 2418 1740 2452 rectiusque.

231 2538 239 2556 ¹
265 2536 472 2571 Bonhomio.
619 2537 633 2558 ²
660 2537 750 2571 Vide
776 2549 885 2582 supra
912 2549 945 2582 p.
965 2538 1045 2572 595.
1215 2538 1227 2557 ³
1254 2537 1345 2572 Vide
1371 2549 1481 2583 supra
1508 2549 1540 2582 p.
1562 2537 1630 2572 593
1644 2538 1668 2572 ⁶.

225 2591 238 2609 ⁴
265 2589 413 2631 Marius,
441 2590 583 2634 collegii
610 2590 836 2625 lucernensis
863 2591 1007 2626 sodalis.

225 2643 238 2661 ⁵
266 2642 341 2676 Hoc
367 2644 527 2678 futurum
555 2647 634 2678 erat
659 2644 716 2678 26.
736 2644 870 2679 Martii.
1017 2646 1030 2665 ⁶
1062 2645 1256 2687 „Ketzer“;
1284 2656 1317 2679 v.
1339 2644 1442 2685 infra,
1470 2656 1625 2679 monum.
1646 2644 1749 2678 1266.

227 2696 239 2715 ⁷
266 2695 488 2730 Relationem
516 2697 558 2731 de
585 2697 823 2740 contumeliis,
849 2698 980 2742 quibus
1006 2698 1225 2732 Bonhomius
1252 2698 1399 2742 eiusque
1426 2698 1576 2732 comites
1597 2698 1734 2732 Bernae
1760 2697 1880 2731 affecti

105 2751 199 2789 sunt,
226 2760 260 2783 v,
282 2748 383 2790 infra,
410 2761 566 2783 monum.
589 2750 690 2784 1266.

225 2801 238 2820 ⁸
266 2801 468 2836 Ardrenum
494 2803 528 2838 S.
549 2803 582 2837 J.

226 2857 239 2874 ⁴³
266 2855 379 2888 Paulo
406 2858 488 2900 post
514 2855 579 2890 hoc
606 2856 837 2891 interdictum
863 2860 1103 2902 temperatum
1131 2860 1187 2892 est
1215 2857 1266 2901 (J.
1290 2860 1332 2892 G.
1351 2859 1480 2902 Mayer
1505 2858 1528 2893 l.
1548 2870 1578 2893 c.
1597 2859 1613 2892 I
1639 2858 1738 2900 285).

214 2908 240 2927 ¹⁰
268 2908 283 2942 1
314 2908 382 2942 Cor
407 2910 440 2949 4,
467 2910 500 2944 9.
552 2909 650 2944 Hebr
677 2911 731 2951 10,
758 2911 814 2945 33.
869 2911 916 2944 Dt
941 2911 1002 2951 28,
1030 2911 1086 2946 37.
1139 2911 1159 2945 3
1186 2911 1264 2955 Reg
1291 2912 1322 2952 9,
1351 2912 1382 2946 7.
1435 2911 1510 2946 Tob
1537 2912 1568 2953 3,
1595 2912 1628 2946 4.
1682 2912 1731 2946 Ps
1758 2911 1813 2952 78,
1840 2912 1881 2952 4;

108 2961 186 3002 108,
213 2961 268 2995 25.
312 2961 367 2995 Dn
394 2962 426 3001 3,
453 2962 509 2997 33.

213 3015 238 3035 ¹¹
269 3014 339 3057 „La
365 3015 518 3060 position
545 3016 592 3050 du
617 3028 731 3051 nonce
750 3017 839 3051 etait
858 3017 953 3052 alors
979 3018 1219 3052 tres-difficile
1243 3029 1286 3052 en
1305 3017 1463 3059 Suisse“,
1490 3019 1607 3063 inquit
1624 3021 1661 3052 J.
1684 3020 1882 3062 Gremaucl,

106 3067 276 3101 historiae
302 3067 505 3102 helveticae
531 3068 629 3104 illius
654 3071 827 3115 temporis
852 3071 1094 3115 peritissimus
1115 3071 1323 3112 (Me'inoires
1349 3071 1570 3117 historiques
1595 3083 1658 3106 sur
1683 3072 1717 3106 le
1740 3072 1881 3106 diocese

105 3120 148 3154 de
167 3120 357 3154 Lausanne
381 3132 445 3166 par
471 3121 505 3155 le
526 3122 563 3156 P.
583 3123 723 3158 Martin
743 3124 892 3158 Schmin
912 3124 948 3159 O.
969 3124 1029 3159 SS.
1050 3125 1102 3165 H„
1122 3125 1262 3170 publies
1281 3128 1317 3159 et
1334 3127 1486 3160 annotes
1504 3137 1568 3171 par
1587 3126 1620 3160 J.
1641 3125 1820 3160 Gremaud
1837 3127 1879 3166 ll,

106 3173 281 3216 Fribourg
309 3174 410 3215 1859,
436 3174 535 3219 406).
