2051 3433
226 164 312 204 452
723 160 827 195 2014.
855 160 1021 195 Canisius
1048 160 1231 194 Everardo
1258 160 1500 196 Mercuriano.

345 278 577 320 Volumina
618 277 838 328 Mariana,
885 279 937 320 de
981 278 1134 331 quibus
1176 278 1438 321 Reuerentia
1482 280 1532 322 V.
1568 280 1799 333 postremis
1840 279 1999 322 litteris

229 347 280 386 18
304 344 455 399 Junij‘g
491 347 538 385 ut
571 347 702 385 antea
735 344 865 385 etiam
899 344 1154 393 monuimus,
1191 344 1368 385 Romam
1395 345 1565 398 perlata
1596 348 1715 395 sunt]
1749 359 1829 387 nec
1860 345 1998 386 solum

223 410 394 463 perlata
427 409 502 450 sed
536 408 667 450 etiam
701 408 786 449 iam
811 408 864 450 ad
897 422 1027 450 unum
1052 408 1234 450 cuncta.b
1266 409 1654 461 distracta-quare
1677 410 1713 451 si
1737 409 2000 452 Reuerentia

223 475 275 517 V.
300 477 349 517 ut
380 474 532 529 ijsdem
567 473 726 516 litteris
759 472 1034 526 significabat
1071 474 1221 515 horum
1257 478 1431 527 patrum
1463 474 1666 516 iudicium
1699 489 1776 529 pro
1810 474 1999 516 secunda

222 539 508 593 impressione
531 539 715 591 quaerit,
745 539 829 581 erit
850 538 911 580 illi
936 539 1075 580 denuo
1100 539 1357 581 mittendum
1382 554 1512 580 unum
1532 543 1608 582 aut
1626 540 1844 583 alterumc.
1868 564 1924 569 —
1944 565 1998 569 —

342 606 408 647 De
432 603 701 646 Germanicis
725 607 871 646 autem
904 604 1061 645 libellis
1094 618 1190 645 cum
1225 607 1352 646 erunt
1374 604 1645 657 imprimendi
1678 604 1869 647 iudicare
1901 608 1998 658 pot-

222 670 305 712 erit
340 671 383 712 P.
410 669 707 719 Prouincialis,
743 673 787 711 et
820 669 866 712 P.
891 669 1198 718 Theodoricus,
1234 672 1278 710 et
1310 669 1558 712 Peltanus1.

341 734 463 784 Quod
487 738 633 776 autem
658 734 844 776 consulit
866 737 915 776 ut
937 735 982 776 P.
1003 734 1283 776 Dominicus2
1315 734 1358 775 in
1382 734 1709 789 Lotharingiam
1735 735 1998 786 remittatur,

219 800 399 854 placuit,
434 802 478 842 et
509 799 607 841 ideo
641 799 838 841 nuntium
872 799 1057 852 aliquem
1083 799 1305 841 mittemus
1339 802 1414 841 aut
1445 800 1707 842 scribemusd
1741 800 1795 842 ad
1819 800 1998 842 Prouin-

222 865 375 908 cialem
410 865 610 907 Galliae3
642 868 690 907 ut
722 865 853 906 alium
888 864 1038 907 mittat
1069 864 1111 905 in
1146 865 1238 906 eius
1270 865 1426 908 locum.

338 932 404 973 De
437 930 584 983 equite
624 930 698 971 illo
731 930 1000 971 Ferrariensi
1033 930 1131 971 libri
1163 930 1279 971 illius
1311 932 1478 979 autore,
1521 930 1583 972 sic
1621 930 1832 972 faciemus
1863 934 1912 973 ut
1944 931 1999 972 ad

219 996 451 1038 Rectorem
485 998 708 1038 nostrum⁰
740 994 1092 1037 Ferrariensem4
1124 995 1364 1037 scribamus
1398 999 1446 1037 ut
1477 995 1570 1049 ipse
1603 996 1726 1038 suaui
1749 996 1896 1049 aliqua
1927 1010 1998 1037 ra-

217 1061 337 1103 tione
370 1061 440 1103 uel
472 1061 578 1115 ipse,
621 1061 691 1102 uel
724 1074 802 1115 per
834 1060 966 1102 alium
1005 1061 1124 1102 illum
1160 1060 1341 1102 edoceat
1383 1061 1596 1113 quomodo
1633 1075 1679 1103 se
1712 1062 1874 1104 habeat
1905 1076 1997 1103 res:

219 1129 265 1169 et
297 1129 531 1181 propterea
563 1140 692 1180 spero
735 1140 820 1167 non
863 1126 1048 1180 amplius
1090 1126 1208 1167 illum
1243 1125 1535 1168 Reuerentiae
1570 1126 1620 1169 V.
1655 1127 1888 1169 molestum
1930 1127 1998 1168 su-

220 1195 389 1234 turum:
425 1205 559 1245 quare
591 1192 749 1233 librum
781 1190 970 1233 retinere
1002 1191 1168 1245 poterit
1200 1190 1357 1233 donecf
1386 1191 1503 1233 aliud
1536 1191 1843 1245 significeturss.

338 1258 402 1299 De
426 1257 604 1299 Colonia
635 1250 912 1298 etiam'bene
945 1259 990 1298 et
1022 1257 1260 1310 prudenter
1292 1259 1466 1298 monet:
1500 1256 1575 1298 sed
1609 1257 1814 1310 quoniam
1848 1257 1894 1300 P.
1919 1257 1998 1298 Co-

219 1326 384 1366 sterum
418 1337 557 1377 nuper
589 1322 904 1364 Prouincialem
938 1321 1120 1363 fecimus
1153 1322 1373 1376 supplebit
1405 1322 1542 1363 uicem
1577 1322 1668 1364 eius
1703 1322 1746 1364 P.
1772 1322 1998 1376 Tliyraeus

219 1403 345 1442 quem
379 1390 560 1443 propter
592 1388 763 1430 talenta
796 1401 906 1440 quae
938 1387 1071 1428 habet
1104 1387 1212 1429 bene
1244 1401 1371 1441 spero
1410 1387 1660 1429 functurum
1694 1387 1851 1430 officio.
1904 1387 1998 1429 Nec

219 1458 287 1497 est
320 1454 437 1496 aliud
471 1453 585 1507 quod
617 1453 802 1495 scribam
835 1452 918 1494 nisi
951 1455 998 1495 ut
1036 1465 1105 1493 me
1138 1452 1428 1495 Reuerentiae
1461 1453 1513 1497 V.
1548 1453 1749 1506 precibus
1782 1466 1833 1494 ac
1864 1452 1998 1494 sacri-

217 1519 328 1574 ficijs
361 1518 658 1561 commendem
683 1540 690 1548 ·
716 1518 882 1560 Romae
916 1519 972 1559 6.⁰
993 1516 1105 1571 Aug.
1140 1519 1261 1560 1578.

337 1596 606 1636 Mer-cursantes,
636 1593 730 1637 quod
756 1593 791 1626 in
819 1594 875 1627 his
900 1592 1033 1627 litteris
1052 1593 1194 1627 Canisio
1214 1593 1256 1626 de
1277 1593 1406 1626 Ioanne
1425 1592 1619 1626 Benedicto
1646 1593 1766 1636 equite
1791 1592 1999 1626 ferrariensi

221 1648 272 1690 (v.
290 1659 401 1692 supra
427 1660 459 1692 p.
480 1646 566 1690 440)
595 1646 783 1691 promittit,
819 1646 1003 1691 praestitit
1029 1647 1064 1680 in
1091 1646 1277 1691 *epistula
1305 1646 1417 1680 Roma
1443 1647 1476 1681 9.
1496 1647 1651 1689 Augusti
1680 1646 1770 1680 1578
1797 1645 1999 1680 Ferrariam

220 1702 264 1736 ad
300 1702 339 1736 P.
368 1701 591 1735 Ludovicum
627 1700 794 1734 Chizzola
832 1700 974 1744 collegii
1011 1700 1109 1734 illius
1145 1703 1320 1734 rectorem
1357 1700 1459 1741 data‚·
1497 1700 1597 1734 cuius
1633 1702 1797 1733 extrema
1828 1711 1913 1743 pars
1946 1699 1999 1734 sic

219 1755 349 1789 habet:
390 1754 488 1797 „Non
516 1754 591 1788 diro
618 1754 711 1787 altro
737 1765 776 1787 se
802 1765 872 1787 non
898 1754 964 1787 che
992 1753 1176 1788 essendoci
1212 1755 1309 1787 stato
1334 1753 1504 1787 mandato
1532 1753 1576 1786 da
1603 1752 1795 1787 Germania
1822 1752 1844 1786 l’
1862 1752 1998 1787 incluso

219 1807 375 1853 capitolo
402 1807 461 1842 nel
488 1807 594 1851 quale
621 1818 720 1840 come
756 1806 868 1840 uedra
903 1806 1008 1840 uiene
1044 1806 1068 1840 il
1107 1818 1233 1850 parere
1270 1806 1326 1840 del
1354 1806 1470 1840 Padre
1496 1806 1618 1840 Pietro
1646 1806 1789 1840 Canisio
1816 1817 1922 1851 sopra
1947 1806 1997 1840 al-

219 1862 301 1896 cuni
328 1861 447 1895 scritti
475 1861 510 1894 di
537 1851 705 1894 Filosofia
732 1860 798 1894 che
825 1859 875 1903 gli
902 1860 1029 1893 furono
1056 1860 1216 1893 mandati
1243 1861 1263 1893 a
1289 1859 1420 1893 uedere
1447 1860 1492 1893 da
1518 1871 1566 1892 un
1592 1861 1690 1893 certo
1721 1858 1915 1893 caualliero
1941 1858 1998 1892 del

219 1914 325 1959 quale
352 1926 421 1948 non
448 1914 607 1959 sapendo
633 1914 691 1947 noi
727 1913 751 1947 il
778 1925 882 1947 nome
909 1915 1013 1958 potra
1048 1925 1169 1946 essere
1196 1912 1261 1946 che
1288 1912 1332 1947 V.
1352 1913 1392 1947 R.
1413 1924 1519 1957 possa
1546 1912 1754 1946 facilmente
1782 1913 1930 1947 uenirne
1962 1913 1998 1946 in

218 1968 423 2011 cognitione
468 1971 503 2001 et
539 1967 718 2001 trouatolo
757 1966 807 2009 gli
847 1966 926 2000 dica
965 1978 1030 2000 con
1067 1966 1220 2010 qualche
1255 1966 1399 2010 iniglior
1434 1966 1537 2000 modo
1564 1966 1599 2000 di
1635 1965 1754 2010 quello
1794 1966 1859 2000 che
1894 1966 1998 2000 uiene

217 2023 345 2056 scritto
371 2021 397 2054 il
423 2032 550 2066 parere
578 2020 635 2054 del
662 2021 761 2054 detto
789 2020 904 2053 Padre
931 2021 1030 2054 accio
1056 2020 1143 2064 pigli
1172 2019 1326 2063 qualche
1352 2019 1564 2053 risolutione
1590 2031 1697 2064 sopra
1732 2019 1821 2053 detti
1857 2019 1995 2053 scritti⁴‘

219 2075 282 2119 (ex
317 2086 439 2119 apogr.
469 2074 582 2108 eiusd.
610 2076 740 2118 temp:
778 2073 858 2107 Ital.
889 2074 951 2109 70⁶²
986 2073 1010 2108 f.
1041 2073 1131 2117 79¹³).
1187 2072 1435 2117 „Capitulum“
1475 2073 1563 2107 illud
1599 2073 1734 2107 Romae
1770 2073 1870 2107 iussu
1907 2073 1998 2107 Mer-

218 2127 357 2162 curiani
383 2139 428 2161 ex
456 2127 591 2161 Canisii
617 2127 749 2160 litteris
779 2127 831 2161 18.
854 2127 942 2160 Iunii
972 2127 1064 2160 1578
1091 2126 1133 2160 ad
1162 2126 1278 2170 ipsum
1305 2126 1400 2160 datis
1427 2127 1650 2171 exscriptum
1678 2138 1757 2160 esse
1784 2126 1939 2175 videtur.

339 2181 508 2216 Canisius
533 2180 761 2214 Mercuriano
791 2180 976 2225 respondit
1006 2181 1035 2214 1.
1056 2179 1223 2214 Octobris
1253 2179 1354 2214 1578.

220 2278 374 2317 2014.
462 2279 681 2314 CANISIUS
708 2276 1092 2314 EVERARDO
1121 2276 1579 2314 MERCURIANO
1607 2279 1813 2323 praeposito
1839 2277 1999 2322 generali

411 2333 604 2368 Societatis
632 2334 723 2367 Iesu.
1371 2332 1572 2376 Oeniponte
1602 2332 1631 2366 1.
1652 2331 1820 2366 Octobris
1848 2332 1950 2366 1578.

339 2399 393 2433 Ex
412 2398 639 2443 autographo
663 2398 741 2441 (2⁰;
761 2398 782 2433 3
798 2410 873 2443 pp.;
893 2398 929 2431 in
947 2410 980 2443 p.
993 2399 1015 2431 4
1034 2397 1140 2431 inser.
1161 2408 1269 2431 manu
1288 2397 1328 2432 P.
1342 2396 1525 2431 Guilielmi
1544 2396 1698 2430 Elderen
1711 2396 1790 2431 S.J.
1810 2397 1946 2442 scripta
1964 2398 2000 2430 et

218 2452 418 2498 particulae
437 2453 534 2495 sig).
563 2452 683 2487 Germ.
700 2452 765 2486 183
784 2452 810 2485 f.
822 2450 1055 2485 zela—282¹».
1087 2450 1308 2484 Particulam
1329 2450 1508 2495 epistulae
1527 2450 1731 2493 germanice
1750 2451 1861 2484 vertit
1880 2450 1999 2493 Dnler,

218 2507 293 2541 JeS.
320 2506 335 2540 I
364 2506 563 2541 688—689.
607 2505 773 2549 Epistula
801 2504 942 2549 copiose
971 2516 1058 2538 usus
1085 2507 1141 2537 est
1164 2504 1374 2546 Sca-chinus,
1402 2503 1487 2538 Can.
1515 2503 1724 2543 296-301;
1752 2514 1858 2547 quem
1884 2503 2000 2538 secuti

218 2561 304 2594 sunt
330 2560 508 2603 Doriyny,
536 2560 685 2603 Python,
712 2559 812 2592 Riess
838 2561 906 2593 etc.
950 2558 1040 2591 Item
1069 2556 1136 2591 hac
1163 2557 1317 2601 epistula
1345 2557 1399 2590 usi
1427 2558 1512 2590 sunt
1532 2557 1658 2599 Boero,
1686 2555 1770 2590 Can.
1791 2556 1998 2596 367—369;

219 2612 349 2646 Michel
374 2612 397 2646 l.
417 2624 446 2646 c.
475 2612 564 2653 35&
593 2613 719 2656 Kro'ss,
747 2612 833 2646 Can.
857 2611 1056 2646 194—195.

338 2694 366 2723 a)
388 2693 528 2725 Sequitur
548 2691 713 2724 scribebat,
733 2693 823 2717 oblim.
887 2691 918 2723 b)
939 2693 999 2717 Hoc
1018 2700 1042 2716 v.
1063 2699 1155 2723 supra
1179 2699 1292 2716 versum
1312 2692 1455 2722 scriptum
1477 2694 1526 2715 est.
1583 2690 1611 2721 e)
1632 2691 1801 2722 Sequuntur
1822 2692 1854 2715 11
1873 2692 1937 2721 fere
1959 2700 2000 2716 rr.

219 2738 279 2759 lam
299 2735 417 2759 obscure
438 2735 560 2766 scripta,
580 2737 612 2759 ul
632 2735 689 2766 Ieyi
708 2742 765 2759 non
781 2734 915 2766 possim,-
938 2734 1069 2765 primum
1092 2736 1187 2758 autem
1208 2733 1350 2764 scriptum
1372 2736 1452 2758 erat:
1478 2739 1534 2757 nec
1552 2731 1682 2757 moleste
1704 2732 1785 2757 ferre
1806 2731 1896 2758 debet
1917 2731 1999 2765 quod

218 2775 307 2808 plura
326 2790 358 2793 —
379 2776 515 2807 [verbum
535 2776 704 2808 obscurum]
723 2775 931 2808 postulentur,
951 2782 1019 2800 nam
1042 2774 1098 2800 hoc
1119 2774 1268 2807 optimum
1289 2774 1411 2805 signum
1431 2773 1480 2798 est
1498 2772 1659 2806 placuisse.
1722 2773 1752 2800 ‹l›
1773 2775 1820 2799 Ita
1840 2778 1998 2800 coe-rectum

219 2821 260 2842 est
281 2825 317 2842 ea:
338 2816 406 2842 ideo
428 2817 654 2849 quamprimum
675 2816 854 2843 scribemus.
929 2817 957 2848 e)
979 2818 1039 2842 Hoc
1059 2824 1082 2840 υ.
1104 2816 1135 2840 in
1156 2816 1289 2847 mmyine
1310 2816 1444 2840 additum
1466 2819 1516 2840 est.
1589 2814 1612 2845 f)
1634 2815 1774 2847 Sequitur
1792 2822 1868 2847 nos‚·
1887 2816 1961 2848 quod
1981 2823 1999 2840 a

219 2859 288 2885 libr.
309 2859 464 2884 delendum
484 2859 563 2889 suim-
584 2859 648 2883 vide
668 2859 764 2890 infra,
784 2859 881 2884 adnot.
900 2866 927 2890 9.
1013 2857 1044 2889 ς)
1067 2858 1114 2882 lea
1134 2865 1151 2882 a
1173 2858 1239 2882 libr.
1259 2865 1334 2882 corr.
1355 2860 1396 2882 est
1417 2865 1453 2882 es:
1472 2855 1690 2888 significemus.

342 2948 351 2966 ¹
377 2946 448 2981 Pl'.
478 2946 613 2980 Paulus
650 2946 833 2988 Hoffaeus‚
868 2946 1113 2980 Theodoricus
1151 2945 1326 2987 canisius,
1363 2945 1571 2980 Theodorus
1607 2945 1801 2986 Peltanus;
1839 2946 1998 2979 ceterum
2050 2967 2051 2970 =

218 3000 264 3033 cf.
291 3010 403 3044 supra
428 3011 461 3043 p.
485 3000 554 3033 374
567 3000 590 3034 ².
739 3000 752 3020 ²
778 2999 984 3043 Menginus.
2050 3005 2051 3015 ¹

341 3055 353 3073 ⁸
378 3052 591 3096 Significare
626 3053 772 3087 videtur
806 3053 1030 3098 provinciam
1070 3051 1304 3095 „Franciae“;
1341 3052 1398 3086 cui
1434 3053 1521 3086 tunc
1556 3053 1724 3097 praeerat
1758 3051 1798 3086 P.
1827 3050 2000 3085 Claudius

218 3105 429 3140 Matthaeus
459 3105 666 3149 (Mathieu).

338 3161 351 3179 ⁴
378 3159 417 3193 P.
437 3159 661 3193 Ludovicum
681 3159 867 3200 Chizzola;
895 3159 990 3200 vide,
1017 3170 1110 3203 quae
1129 3157 1259 3192 dehac
1285 3169 1323 3192 re
1350 3158 1416 3192 sub
1438 3159 1536 3202 ipsas
1558 3157 1624 3192 has
1650 3157 1794 3192 litteras
1821 3156 1998 3191 dicentur.
2042 3160 2046 3205 J
