2062 3443
0 3302 2 3443 i

625 169 848 214 Ingolstadio
875 169 906 204 8.
925 167 1140 203 Novembris
1169 168 1269 202 1577.
1747 169 1832 209 425

63 303 198 339 noua,
249 288 526 342 quantumuis
573 301 596 329 e
641 287 861 329 ueteribus
910 286 1109 328 sedibus³
1156 285 1414 339 praesertim
1464 299 1541 340 per
1591 284 1835 328 haereticos

65 354 338 397 extrudatur.
392 353 558 406 Migrat
589 352 890 405 Euangelium,
926 364 1005 392 nec
1034 350 1189 403 Anglis
1221 364 1299 392 nec
1333 350 1561 393 Germanis
1593 350 1834 403 alligatum.

64 418 328 461 Benedictus
351 418 482 468 Deus,
518 418 589 472 quj
624 431 746 459 suum
780 429 960 470 regnum
995 415 1192 457 barbaris
1225 415 1355 458 etiam
1390 415 1599 468 nouisque
1631 415 1837 469 gentibus

60 483 300 538 jmpertire,
343 486 388 525 et
432 482 655 525 societatis
699 495 831 536 opera
871 481 914 522 in
956 481 1152 534 gentium
1186 480 1510 522 conuersionem
1546 481 1608 534 vtj
1644 494 1729 522 non
1763 480 1837 521 de-

66 549 285 602 dignatur.

960 605 1121 647 Servus
1153 604 1196 645 in
1230 604 1401 646 Christo
1435 605 1480 646 P.
1505 604 1716 646 Canisius.

184 690 397 744 Optamus
444 688 673 730 admodum
718 688 769 730 R.
802 687 851 730 Τ.
892 686 1110 728 libellumb
1151 686 1194 728 in
1235 687 1447 740 gratiame
1497 687 1596 740 nouj
1639 686 1837 740 Sodalitij

65 755 228 798 editum
269 755 415 809 recudj
459 753 616 796 tertius
658 753 729 806 quj
773 767 799 795 a
838 751 986 794 multis
1023 751 1066 793 in
1100 752 1322 806 superiore
1357 751 1589 794 Germania
1632 751 1840 805 probatur

65 834 116 863 ac
147 820 317 863 teritur.
376 819 547 861 Titulus
580 818 756 860 nimium
790 817 974 871 simplex
1008 820 1052 859 et
1085 820 1304 870 vtcunque
1337 817 1510 871 ineptus
1543 817 1670 859 est1-
1695 818 1773 858 aut
1805 816 1841 858 si

65 884 292 940 cupiatisd,
337 899 416 926 nos
457 883 587 926 facile
627 883 771 925 illume
812 882 1103 924 recudendum
1145 882 1404 932 curabimus,
1447 881 1523 923 sed
1561 896 1668 936 opus
1709 882 1842 924 fuerit

64 954 215 994 vestra
248 948 559 1003 recognitione.

1277 1006 1403 1049 Jdem
1438 1006 1484 1049 P.
1509 1006 1721 1049 Canisius.

184 1090 441 1133 Reuerendo
469 1092 516 1146 jn
551 1090 720 1132 Christo
754 1089 874 1143 Patrj
908 1088 1141 1130 Francisco
1175 1089 1354 1131 Costero
1397 1089 1450 1130 de
1483 1089 1703 1131 Sooietate
1736 1088 1842 1130 Jesu

67 1157 290 1210 Theologo
323 1156 437 1210 apud
470 1154 770 1197 Coloniensesf
798 1155 842 1196 in
875 1154 1065 1208 Collegio
1108 1153 1239 1196 trium
1271 1154 1536 1196 Coronarum
1565 1154 1781 1196 Coloniae.

187 1251 218 1283 l.
246 1248 486 1292 Congregatio
521 1248 600 1282 sive
625 1249 798 1282 sodalitas
825 1248 955 1281 Bestiae
982 1248 1142 1289 Virysna's
1169 1247 1388 1285 coloniensis,
1415 1249 1453 1280 ut
1481 1258 1591 1291 supra
1617 1246 1702 1287 dixi,
1738 1245 1845 1279 huius

67 1302 244 1347 epistulae
281 1305 422 1347 partem
463 1301 581 1342 illam,
627 1313 697 1345 qua
733 1301 900 1335 Canisius
939 1300 1006 1334 hoc
1054 1300 1288 1334 sodalitatum
1327 1300 1535 1334 institutum
1574 1299 1698 1334 laudat
1737 1301 1846 1343 atque

66 1356 304 1399 commendat,
353 1355 553 1397 *„Litteris
595 1355 744 1389 annuis“
783 1355 858 1389 suis
895 1353 1041 1388 Colonia
1067 1355 1099 1388 2.
1119 1353 1306 1387 Februarii
1336 1353 1427 1388 1578
1464 1353 1558 1387 datis
1594 1353 1758 1393 inseruit,
1793 1353 1845 1387 sic

66 1410 251 1455 praefata:
292 1408 545 1451 „Reuerendus
581 1408 755 1442 Dominus
790 1407 924 1442 Doctor
952 1407 1130 1441 Canisius.
1181 1407 1374 1441 Societatis
1410 1406 1516 1441 Ihesu
1554 1406 1707 1449 insignis
1733 1406 1845 1440 Theo-

66 1463 172 1506 logus
198 1465 390 1507 postquam
427 1461 668 1496 intellexisset
703 1462 804 1495 fusas
839 1473 902 1506 pro
937 1472 976 1494 se
1012 1460 1055 1494 ad
1083 1460 1197 1494 Deum
1224 1471 1351 1505 preces
1377 1472 1398 1494 a
1425 1460 1624 1494 Sodalitate
1661 1462 1785 1494 nostra
1813 1461 1847 1493 in

67 1517 266 1560 gratiarum
293 1516 469 1550 actionem
498 1516 540 1549 ob
568 1515 709 1556 librum,
745 1515 780 1548 in
806 1514 985 1559 Deiparae
1012 1514 1175 1557 Virginis
1201 1513 1371 1548 honorem
1407 1513 1543 1547 editum
1570 1513 1605 1546 in
1633 1524 1702 1557 quo
1738 1514 1845 1547 etiam

67 1572 192 1604 nostra
218 1569 408 1611 Sodalitas,
447 1569 490 1602 ab
525 1568 786 1602 haereticorum
825 1567 1015 1613 calumnijs
1050 1568 1267 1607 vindicatur,
1303 1567 1360 1601 his
1396 1566 1517 1600 verbis
1543 1566 1690 1611 scripsit
1726 1566 1848 1611 elapso

69 1622 265 1657 Nouembri
301 1622 510 1657 Sodalitatis
546 1621 727 1667 Superiori
769 1621 988 1655 Benedictus
1022 1621 1140 1655 Deus“
1182 1623 1250 1655 eto.
1289 1620 1350 1663 (ex
1387 1620 1572 1664 exemplo,
1609 1620 1703 1664 quod
1738 1631 1848 1664 supra

69 1676 153 1717 dixi,
181 1677 204 1710 f.
226 1676 315 1719 35³).

187 1730 219 1763 2.
247 1729 347 1771 Quod
367 1729 533 1764 Canisius
554 1729 701 1763 Costero
729 1728 763 1761 in
783 1728 838 1762 his
857 1728 990 1762 litteris
1017 1728 1060 1761 de
1078 1726 1199 1761 libello
1218 1726 1414 1760 coloniensi
1440 1726 1646 1760 sodalitatis
1664 1726 1849 1760 marianae

67 1783 253 1828 promisit:
295 1782 419 1825 „Illum
446 1782 688 1816 recudendum
716 1781 954 1821 curabinms‘,
991 1780 1025 1814 id
1052 1781 1153 1815 brevi
1182 1782 1262 1825 post
1287 1781 1331 1814 ad
1359 1780 1525 1814 effectum
1555 1779 1745 1813 deductum
1773 1782 1847 1818 est:

68 1836 282 1880 Ingolstadii
331 1837 425 1870 enim
465 1848 496 1870 a.
526 1836 617 1870 1578
660 1835 754 1869 idem
802 1834 947 1869 libellus
984 1835 1019 1868 in
1068 1834 1185 1868 lucem
1222 1834 1364 1878 prodiit,
1403 1834 1592 1867 immutato
1630 1833 1682 1867 sic
1720 1832 1846 1866 titulo:

72 1889 300 1932 „Thesaurus
327 1890 467 1934 piarum
504 1891 539 1923 et
566 1888 844 1922 christianarum
872 1888 1150 1928 institutionum,
1187 1887 1227 1920 In
1254 1898 1358 1920 vsum
1386 1886 1594 1920 Catholicae
1630 1886 1848 1928 iuuentutis:

68 1943 280 1988 praesertim
316 1954 402 1977 vero
442 1942 651 1977 Sodalitatis
685 1941 862 1986 Deiparae
901 1941 1083 1984 Virginis,
1131 1941 1356 1975 emendatius
1399 1951 1494 1974 nunc
1537 1940 1655 1974 editus
1694 1951 1757 1984 per
1791 1941 1848 1973 Io-

69 2008 196 2030 annem
233 1997 423 2030 Perellium
466 1995 570 2038 (16⁰;
606 2007 665 2040 pp.
697 1995 785 2034 274;
827 1997 1014 2039 praeterea
1051 1994 1088 2029 ff.
1121 2006 1191 2028 non
1221 1993 1314 2037 sign.
1342 1993 1377 2027 in
1415 1993 1515 2027 initio
1550 1995 1572 2028 4
1610 1992 1744 2037 [addito
1782 1991 1853 2036 tit.]

69 2053 105 2084 et
132 2050 167 2084 in
194 2050 264 2084 fine
277 2050 319 2093 ³).
369 2051 423 2084 Ac
451 2049 595 2083 Perellii
623 2048 765 2092 quidem
792 2049 934 2082 nomine
970 2048 1088 2092 ipsum
1126 2047 1314 2082 Costerum
1350 2059 1389 2081 se
1425 2048 1562 2081 texisse
1600 2047 1854 2081 existimarunt

190 2132 218 2162 a)
240 2132 301 2156 Hor
323 2139 345 2156 r.
365 2132 500 2163 suppleri
521 2139 557 2155 ιιι)
577 2132 622 2161 B;
641 2131 673 2155 *in
696 2132 716 2155 A
739 2131 790 2154 hoc
809 2131 867 2154 loco
887 2131 1018 2161 spatium
1041 2130 1128 2154 nnius
1151 2129 1228 2154 rerba*
1250 2129 1382 2153 relictum
1403 2132 1444 2153 est
1468 2137 1596 2153 ruentem.
1696 2127 1724 2159 b)
1749 2128 1806 2152 Hoc
1829 2135 1854 2152 r.

69 2173 101 2198 in
122 2174 148 2198 B
167 2173 254 2199 deest,
339 2173 366 2203 0)
387 2172 488 2205 gratia
508 2173 542 2197 B.
627 2171 658 2203 d)
680 2171 807 2204 capiatis
828 2173 862 2196 A.
949 2172 974 2202 e}
997 2170 1072 2197 illud
1092 2170 1126 2196 B.
1213 2170 1236 2198 f)
1261 2172 1338 2201 Quae
1358 2174 1532 2201 sequuntur.
1552 2170 1620 2201 qnia
1644 2170 1671 2194 in
1694 2172 1716 2194 ,1
1740 2170 1855 2199 desunt,

71 2215 207 2246 suppletu
227 2217 296 2239 sunt
316 2223 352 2239 ez·
372 2215 407 2240 B.

71 2320 189 2343 ousae.
240 2308 280 2343 P.
300 2308 431 2343 Cabral
458 2308 491 2343 S.
512 2309 544 2343 J.
577 2309 630 2342 12.
659 2308 881 2353 Septembris
910 2308 1000 2342 1575
1028 2320 1074 2342 ex
1100 2307 1247 2352 Iaponia
1274 2307 1431 2352 scripsit,
1471 2318 1511 2340 eo
1538 2307 1616 2351 ipso
1644 2318 1735 2340 anno
1765 2307 1856 2340 1575

76 2362 118 2396 15
131 2362 297 2397 000—20
311 2362 381 2397 000
416 2361 681 2407 neophytorum
717 2362 759 2395 ad
789 2361 910 2395 Socios
946 2361 1128 2401 accedere,
1165 2363 1201 2394 et
1227 2363 1262 2393 in
1289 2359 1415 2394 horum
1442 2371 1590 2394 numero
1616 2359 1750 2393 multos
1777 2370 1857 2393 esse

71 2426 258 2460 proceres;
296 2418 332 2449 et
358 2415 416 2449 24.
444 2415 667 2460 Septembris
697 2415 787 2448 1576
816 2414 856 2449 P.
885 2414 1093 2448 Gonzalvez
1121 2413 1154 2448 S.
1184 2414 1217 2448 J.
1246 2413 1441 2452 nuntiavit,
1477 2413 1513 2462 111
1548 2424 1660 2456 regno
1687 2412 1856 2447 arimensi

71 2469 140 2502 iam
170 2469 213 2502 15
230 2468 299 2503 000
327 2468 590 2513 baptizatorum
618 2470 765 2502 exstare
795 2468 851 2511 (P.
875 2468 1015 2502 orasset
1043 2467 1077 2503 S.
1098 2467 1142 2503 J..
1170 2466 1330 2500 Histoire
1357 2467 1400 2500 de
1427 2466 1585 2510 l’Eglise
1613 2466 1660 2500 du
1687 2466 1805 2511 Japon
1833 2466 1855 2506 1,

73 2522 175 2556 Paris
213 2523 314 2563 1715,
349 2522 439 2562 402;
476 2524 518 2556 L.
549 2523 715 2565 Delplace
751 2521 784 2556 S.
814 2522 858 2563 J.,
895 2521 944 2555 Le
981 2520 1237 2555 Catholicisme
1272 2531 1318 2554 au
1354 2520 1469 2565 Japon
1498 2520 1529 2560 I,'
1560 2519 1714 2554 Malines
1754 2519 1858 2559 1908,

195 2631 205 2649 ¹
231 2628 408 2663 Libellum
435 2628 529 2662 hunc
556 2628 708 2673 primum
730 2639 808 2662 cum
828 2628 972 2662 nomine
995 2627 1161 2669 „Bullae“
1184 2627 1318 2660 editum
1338 2637 1418 2660 esse
1440 2626 1516 2671 ipse
1537 2626 1708 2660 Costerus
1734 2628 1860 2670 postea

72 2684 230 2716 testatus
267 2684 322 2715 est
355 2682 492 2726 (Duhr,
529 2682 602 2715 Jes.
632 2682 643 2715 1
680 2682 802 2723 362⁴).
856 2681 947 2715 Eum
983 2683 1103 2715 autem
1143 2681 1231 2722 „sub
1267 2691 1400 2714 annum
1434 2679 1652 2713 MDLXXV.
1681 2679 1855 2724 primum“

75 2735 209 2769 editum
246 2747 325 2769 esse
361 2735 523 2769 affirmat
558 2737 746 2779 Alessambe
780 2735 804 2769 l.
833 2748 862 2769 0.
895 2735 972 2769 119.
1023 2734 1150 2777 Neque
1177 2745 1262 2767 vero
1298 2735 1519 2777 compertum
1556 2737 1622 2773 est,
1659 2744 1740 2767 eum
1775 2735 1860 2766 ante

72 2800 118 2823 m.
138 2788 379 2823 Novembrem
400 2789 489 2822 1577
510 2788 566 2823 bis
584 2790 619 2822 in
637 2789 756 2823 lucem
782 2788 962 2833 prodisse;
990 2799 1072 2821 nam
1101 2787 1189 2821 haec
1208 2787 1286 2820 sola
1305 2788 1427 2820 exstat
1445 2785 1574 2820 editio:
1605 2786 1733 2828 „Bvlla
1751 2797 1861 2830 svper

73 2842 190 2876 forma
216 2842 407 2876 iuramenti
444 2841 678 2887 professionis
714 2842 817 2882 fidei;
854 2853 935 2876 cvm
963 2841 1032 2885 piis
1059 2842 1096 2874 et
1121 2839 1329 2874 christianis
1357 2839 1656 2878 Institutionibus,
1692 2839 1728 2872 in
1754 2849 1860 2873 vsum

73 2894 284 2930 Sodalitatis
311 2895 350 2929 Β.
369 2895 506 2930 Mariae
533 2895 707 2937 Virginis.
759 2894 940 2934 Coloniae,
973 2894 1077 2938 Apud
1107 2893 1327 2927 Ludouicum
1356 2892 1589 2933 Alectorium‚
1625 2894 1660 2926 et
1686 2891 1861 2925 haeredes

74 2947 194 2982 Iacobi
221 2947 370 2982 Soteris.
413 2948 517 2982 Anno
546 2948 673 2982 1576“.
709 2947 792 2982 Sine
818 2947 961 2981 nomine
987 2947 1157 2981 auctoris.
1195 2946 1256 2980 16⁰
1283 2946 1558 2988 (Sommercoyez
1584 2945 1607 2980 1.
1627 2957 1656 2979 c.
1677 2944 1711 2979 Π
1740 2944 1860 2987 1510).

75 2999 193 3042 Quare
219 3000 272 3035 sio
298 3001 486 3035 existimo:
525 3000 697 3035 Costerus
724 3001 907 3035 Canisium
943 3000 1133 3035 certiorem
1161 3000 1309 3040 fecerat,
1345 2999 1497 3032 alteram
1529 2998 1641 3032 libelli
1667 2997 1861 3032 editionem

73 3054 146 3088 iam
173 3053 341 3088 Coloniae
368 3054 498 3099 parari.
551 3052 665 3094 Quam
692 3065 724 3089 a.
745 3054 835 3089 1578
863 3065 942 3088 cum
971 3053 1095 3087 eadem
1123 3051 1358 3097 inscriptione
1384 3063 1431 3086 ex
1458 3051 1583 3086 eadem
1610 3050 1757 3085 officina
1783 3061 1860 3095 pro-

75 3107 172 3141 disse
198 3109 342 3141 constat
371 3108 644 3150 (Sommervoyel
668 3106 690 3142 l.
711 3119 740 3142 0.
763 3108 884 3151 1511).
932 3106 986 3141 De
1012 3105 1286 3150 ingolstadiensi
1315 3107 1436 3139 autem
1463 3104 1619 3139 editione
1647 3115 1739 3138 anno
1769 3102 1861 3138 1578

75 3160 174 3194 facta
200 3160 294 3202 vide,
321 3171 414 3204 quae
441 3160 508 3194 sub
535 3161 636 3205 ipsas
661 3160 728 3195 has
753 3160 898 3195 litteras
923 3160 960 3194 in
986 3171 1039 3194 nr.
1059 3161 1080 3193 2
1107 3158 1284 3192 dicentur.
