2062 3443
660 158 861 204 Oeniponte
887 160 920 194 4.
942 159 1096 193 Ianuarii
1128 160 1228 194 1573.
1741 166 1818 207 101

62 277 193 312 Romae
220 277 388 310 versante
414 275 449 308 in
476 277 717 317 augustanum
745 275 857 319 ipsius
884 274 1128 319 episcopatum
1156 276 1198 309 ad
1228 276 1453 311 visitationes
1483 276 1666 312 habendas
1692 280 1825 313 missus

61 334 134 369 esu
161 329 283 364 eodem
310 331 458 363 curante
485 339 516 362 a.
538 328 627 362 1572
646 328 831 371 Augustae
859 328 891 362 in
920 327 1071 362 ecclesia
1090 328 1124 363 S.
1144 329 1302 363 Maur-itii
1329 331 1576 365 canonicatum
1605 334 1660 366 est
1684 335 1822 367 nactus.

61 383 227 418 Proximo
263 384 383 416 autem
411 393 512 422 anno,
550 392 628 415 cum
657 380 854 425 Gregorius
881 381 977 416 XIII.
1005 382 1207 426 Gasparuin
1235 382 1458 428 Gropperum
1486 384 1648 418 nuntium
1677 386 1711 419 in
1739 386 1823 420 Ger-

61 436 212 471 maniam
248 435 419 473 mitteret,
457 434 634 477 Elgardus
671 445 750 468 eum
786 434 977 468 comitatus
1014 438 1078 469 est.
1132 436 1261 470 Postea
1296 437 1372 481 ipse
1407 437 1441 470 in
1472 437 1583 471 variis
1611 437 1825 473 Germaniae

59 488 261 532 regionibus
296 488 488 533 pontificiis
525 488 670 522 functus
706 490 760 522 est
796 487 1036 530 legationibus
1072 491 1108 522 et
1134 489 1363 524 visitationes
1398 491 1653 536 contionesque
1688 492 1823 527 habuit.

59 543 160 578 Anno
195 543 314 576 autem
344 541 433 576 1578
463 541 587 575 Daniel
615 541 765 574 Biendel
801 541 1092 586 archiepiscopus
1128 542 1360 585 moguntinus
1388 543 1582 588 Elgardum
1618 545 1822 590 episcopum

57 595 267 631 auxiliarem
305 596 339 628 et
374 594 547 628 vicarium
584 605 689 628 suum
725 605 788 638 per
823 593 1069 637 Thuringiam,
1107 595 1284 635 Hassiam,
1325 596 1580 631 Eichsfeldiam
1617 599 1822 634 constituit:

59 649 149 694 quod
183 648 337 682 officium
375 647 433 681 ille
469 658 583 691 usque
618 647 662 681 ad
698 651 847 682 mortem
878 649 913 688 (i‘
943 648 1049 689 1587)
1089 649 1246 682 maximo
1274 661 1352 683 cum
1381 651 1581 684 animarum
1617 652 1738 686 fructu
1766 653 1824 686 ad-

58 701 276 736 ministravit
296 701 525 744 (Smin-herber
543 700 564 735 1.
580 712 608 735 c.
631 701 659 733 Ι·’
679 701 885 740 209—220;
909 702 955 734 W.
972 702 1013 735 Ε.
1032 702 1212 744 Schwccrz,
1232 702 1297 736 Die
1316 702 1825 749 Nuntiatur-Korrespondenz

59 754 198 799 Kaspar
225 754 416 799 Groppers,
447 753 648 788 Paderborn
672 754 773 794 1898,
800 755 1084 797 xxvm—xxx).
1138 756 1170 789 Is
1196 755 1308 799 igitur
1334 757 1478 791 ineunte
1505 769 1536 792 a.
1558 757 1648 792 1573
1675 758 1824 792 Romam

58 808 170 854 petiit.
204 819 354 852 sperans
391 808 459 841 iam
488 807 654 841 effectum
681 807 735 847 iri,
772 811 811 842 ut
837 808 1007 842 Societati
1034 810 1222 852 Augustae
1257 809 1301 842 ad
1337 810 1528 853 collegium
1565 811 1824 846 instituendum

57 861 269 906 scholasque
296 861 479 895 habendas
506 864 607 895 certa
632 861 794 904 satisque
821 862 940 906 ampla
966 862 1070 896 sedes
1097 862 1262 902 daretur;
1290 863 1322 897 id
1351 865 1443 907 quod
1471 864 1664 898 cardinalis
1690 865 1824 899 Truch-

56 926 144 954 sess,
171 914 337 958 Fuggeri,
367 914 512 955 lisungi,
549 913 610 948 alii
638 925 804 959 proceres
830 916 1024 958 augustani
1052 916 1120 949 iam
1150 916 1230 950 inde
1258 928 1277 950 a
1305 917 1426 951 multis
1453 918 1556 951 annis
1583 918 1691 952 variis
1718 919 1825 953 ratio-

57 968 160 1003 nibus
186 968 426 1002 moliebantur
446 969 559 1006 (Plae.
575 969 715 1010 Brwm,
740 967 958 1003 Ges-chichte
977 969 1039 1002 des
1059 969 1282 1012 Koliegiums
1301 970 1364 1003 der
1383 970 1546 1004 Jesuiten
1565 971 1599 1004 in
1620 971 1824 1015 Augsburg,

58 1020 235 1056 Miinchen
269 1021 368 1059 1822.
395 1022 533 1061 4—14;
561 1022 606 1055 K.
628 1022 836 1066 Schellhass,
863 1022 1222 1057 Nuntiaturberiehte
1242 1035 1306 1057 aus
1325 1022 1571 1058 Deutschland
1591 1025 1824 1059 1572—1535

57 1074 116 1113 IV.
146 1074 262 1108 Berlin
286 1075 386 1114 1903,
405 1086 491 1109 xv-
507 1077 662 1117 xxvril).
701 1075 938 1110 Profectionis
957 1076 1188 1120 elgardianae
1207 1087 1352 1111 causam
1372 1078 1410 1111 l’.
1435 1080 1631 1121 Greyorz'ns
1647 1079 1826 1122 Roseffi'ns

56 1128 181 1162 domus
199 1128 232 1162 S.
252 1129 285 1162 J.
312 1131 537 1172 augustanae
562 1129 726 1173 superior
752 1132 787 1163 et
810 1129 1031 1164 cathedralis
1050 1130 1224 1164 ecclesiae
1243 1131 1467 1165 contionator
1485 1131 1641 1176 epistula
1658 1132 1826 1176 Augusta

56 1181 110 1216 22.
126 1180 339 1216 Novembris
369 1183 458 1216 1572
485 1182 570 1216 data
597 1182 752 1216 Polanco
778 1182 913 1217 vicario
940 1183 1100 1226 generali
1126 1183 1179 1218 sic
1205 1183 1472 1227 *significavitz
1506 1184 1648 1230 „Nuper
1674 1189 1826 1229 egerunt

57 1235 186 1269 domini
213 1234 368 1279 Fuggeri
405 1247 467 1279 per
494 1235 619 1270 literas
655 1248 734 1270 cum
762 1235 1075 1271 Reuerendissimo
1102 1239 1224 1272 nostro
1250 1249 1314 1282 pro
1341 1241 1443 1283 parte
1470 1239 1677 1284 monasterij
1703 1239 1739 1274 S.
1758 1239 1824 1273 Do-

56 1288 185 1330 minici,
221 1299 312 1332 quae
339 1300 418 1323 cum
447 1289 490 1323 ad
518 1289 714 1324 claustrum
748 1291 890 1334 proprie
916 1302 985 1324 non
1012 1293 1162 1335 spectet,
1199 1291 1338 1325 locatur
1364 1292 1525 1326 externis
1551 1294 1587 1326 et
1613 1292 1824 1338 hospitibus,

56 1342 115 1386 qui
142 1353 309 1386 magnum
330 1353 501 1386 equorum
528 1355 714 1377 numerum
742 1343 849 1377 isthic
876 1346 1100 1385 conseruant,
1128 1347 1165 1378 et
1191 1345 1526 1379 Reuerendissimus
1552 1357 1654 1380 suam
1681 1358 1825 1391 operam

55 1394 208 1430 obtulit¹
235 1412 242 1421 ·
273 1395 335 1430 sed
363 1396 445 1429 dum
473 1396 562 1431 haec
598 1397 759 1441 cogitant
786 1397 878 1432 Ecce
914 1397 986 1431 alia
1020 1409 1100 1432 sese
1136 1398 1240 1432 offert
1276 1399 1414 1433 occasio
1442 1399 1638 1433 Catholicis
1664 1401 1826 1444 patronis

55 1448 282 1483 continuandi
318 1449 505 1484 diuturnas
541 1462 626 1485 suas
662 1451 898 1493 cogitationes
936 1451 977 1484 de
1013 1451 1228 1486 stabilienda
1263 1452 1451 1486 Societate.
1515 1452 1605 1486 Sunt
1640 1453 1698 1487 hic
1733 1454 1827 1488 inter

55 1506 195 1537 caetera
231 1502 299 1537 duo
334 1503 551 1537 monasteria
578 1504 836 1539 Canonicorum
873 1504 1091 1548 regularium
1120 1504 1153 1539 S.
1182 1505 1388 1551 Augustinj,
1425 1505 1586 1540 eiusdem
1620 1506 1765 1541 habitus
1792 1510 1827 1541 et

54 1555 210 1599 regulae,
245 1568 395 1600 quorum
428 1569 536 1591 vnum
570 1560 720 1592 vocatur
746 1558 899 1593 Sanctae
927 1558 1052 1593 Crucis
1072 1576 1079 1583 ·
1099 1558 1252 1592 alterum
1288 1559 1361 1593 diui
1397 1559 1555 1604 Georgij,
1592 1559 1690 1594 illius
1726 1571 1825 1605 prae-

59 1610 193 1654 positus
211 1609 300 1655 obijt
318 1613 401 1644 ante
419 1610 556 1654 aliquot
582 1611 823 1645 hebdomadas
835 1611 858 1653 ²,
886 1611 1022 1646 relictis
1048 1614 1128 1657 post
1154 1623 1194 1646 se
1220 1612 1346 1654 tribus,
1372 1613 1407 1646 ni
1437 1612 1550 1655 fallor,
1577 1613 1826 1648 sacerdotibus

56 1663 91 1697 in
118 1666 307 1704 conuentu,
344 1675 492 1708 quorum
520 1667 686 1699 neutrum
714 1665 837 1699 dicunt
863 1666 906 1699 ob
933 1677 1062 1700 causas
1097 1677 1229 1709 graues
1256 1666 1340 1710 eligi
1377 1678 1482 1711 posse
1508 1667 1542 1700 in
1568 1666 1825 1711 praepositum.

57 1715 146 1751 Sunt
180 1720 367 1762 praeterea
402 1718 436 1752 in
474 1717 508 1753 S.
538 1717 682 1763 Georgij
719 1719 899 1763 perpauci,
935 1719 986 1754 ita
1021 1722 1062 1753 vt
1094 1719 1285 1764 vtrobique
1320 1719 1363 1754 ob
1398 1732 1631 1765 personarum
1669 1721 1825 1766 inopiam

57 1769 174 1804 oultus
200 1770 352 1813 diuinus,
380 1774 420 1805 vt
447 1771 600 1813 deceret,
627 1772 773 1806 minime
799 1776 1006 1817 peragatur.
1059 1772 1146 1807 Cum
1174 1774 1296 1817 itaque
1323 1774 1470 1807 videant
1497 1774 1628 1819 dominj
1649 1774 1825 1809 Catholici

57 1834 101 1858 ex
127 1822 262 1858 duobus
288 1824 435 1870 conflarj
462 1836 567 1870 posse
587 1837 694 1859 vnum
723 1828 949 1866 conuentum,
976 1826 1071 1860 vnde
1096 1825 1215 1860 cultus
1241 1826 1386 1861 diuinus
1403 1838 1474 1860 non
1492 1827 1727 1869 minueretur,
1754 1828 1824 1862 imo

56 1879 257 1921 augeretur,
294 1878 324 1912 si
352 1879 464 1912 nostri
500 1879 544 1913 ad
572 1878 740 1913 Sanctam
770 1879 930 1919 Crucem,
966 1879 1153 1922 regulares
1188 1882 1309 1914 autem
1345 1880 1525 1922 coniuncti
1552 1880 1586 1914 in
1614 1881 1647 1915 S.
1671 1880 1825 1925 Georgio

57 1929 247 1974 degerent:
274 1931 368 1965 inter
402 1931 485 1966 iilos
521 1935 737 1967 conuentum
765 1935 821 1967 est
845 1933 1004 1967 scribere
1030 1933 1074 1967 ad
1093 1932 1446 1968 Reuerendissimum
1465 1935 1624 1967 nostrum
1652 1936 1826 1978 tanquam

56 1983 100 2019 ad
128 1984 372 2019 ordinarium³
395 1997 458 2030 pro
487 1986 711 2030 impetrando
738 1997 924 2026 consensu,
951 1998 991 2020 se
1018 1986 1110 2020 enim
1138 1989 1284 2031 paratos
1310 1997 1389 2020 esse
1416 1987 1508 2032 apud
1530 1986 1658 2021 Sedem
1676 1989 1826 2033 Aposto-

55 2035 161 2072 licam
196 2037 359 2072 laborare
393 2050 457 2084 pro
490 2040 634 2083 negotio
669 2042 742 2073 tam
773 2039 863 2074 vtili.
915 2039 962 2074 Et
987 2051 1031 2074 ne
1058 2039 1249 2074 videantur
1274 2039 1437 2075 insidiari
1471 2040 1670 2076 redditibus
1696 2041 1826 2086 amplis

55 2089 159 2126 huius
195 2092 414 2138 monasterij,
451 2095 491 2127 vt
517 2092 585 2127 hac
610 2093 748 2128 ratione
775 2093 864 2127 nihil
891 2093 1098 2138 expendant
1134 2105 1197 2138 pro
1224 2093 1433 2128 fundatione
1461 2093 1661 2136 societatis,
1696 2096 1827 2138 rogant

55 2145 97 2178 vt
130 2155 251 2180 omnes
286 2146 446 2181 redditus
482 2145 636 2181 Sanctae
672 2147 798 2182 Crucis
834 2158 904 2181 vna
939 2158 1022 2181 cum
1056 2146 1220 2192 pauculis
1254 2146 1441 2182 monachis
1479 2148 1746 2182 transferantur
1780 2149 1825 2183 ad

55 2195 91 2232 S.
109 2197 314 2242 Georgium,
342 2202 383 2234 vt
408 2199 476 2235 hac
502 2200 640 2234 ratione
667 2201 887 2235 commodius
914 2201 1038 2234 viuere
1064 2200 1204 2246 possint
1215 2201 1239 2235 4.
1290 2201 1345 2235 Ad
1380 2200 1447 2235 hoc
1473 2200 1736 2246 impetrandum
1762 2201 1826 2236 im-

55 2250 196 2297 plorant
229 2252 402 2288 auxilium
442 2253 643 2299 principum
679 2258 713 2288 et
753 2254 883 2289 dueum
919 2254 1129 2296 vicinorum,
1169 2254 1230 2298 qui
1266 2254 1420 2299 idipsum
1458 2266 1479 2289 a
1513 2254 1826 2290 Reuerendissimo

56 2311 174 2340 nostro
207 2308 340 2352 petent,
377 2307 447 2342 illis
474 2307 567 2342 enim
602 2308 724 2352 magni
750 2308 900 2343 interest
925 2309 956 2343 si
982 2308 1071 2342 haec
1100 2308 1203 2342 vnica
1231 2308 1368 2342 Ciuitas
1394 2308 1429 2342 in
1464 2308 1554 2343 bono
1590 2311 1825 2344 conseruetur

177 2465 186 2485 ¹
215 2465 268 2500 Cf.
300 2467 386 2501 Can.
406 2467 438 2501 V
465 2467 533 2502 249
561 2468 640 2502 511.
686 2467 738 2501 De
765 2468 982 2503 monasterio
1009 2468 1324 2503 Dominicanorum
1352 2468 1618 2510 landishutano,
1645 2469 1739 2513 quod
1766 2469 1825 2503 Al-

57 2515 179 2553 bertus
197 2518 240 2554 V.
260 2519 333 2554 dux
359 2532 423 2565 per
440 2521 644 2565 pontificem
662 2522 698 2555 in
717 2522 933 2556 Societatem
952 2522 1149 2563 transferre
1167 2522 1360 2566 cogitabat,
1381 2522 1417 2556 S.
1437 2522 1473 2555 F
1472 2525 1655 2556 runcise-us
1672 2524 1826 2567 Boryias

0 2564 1 2572 ¹
55 2572 278 2617 praepositus
304 2574 484 2618 generalis
502 2575 650 2609 Hoffaeo
677 2575 890 2620 provinciali
917 2575 1029 2610 Roma
1051 2576 1082 2610 7.
1102 2575 1236 2620 Aprilis
1257 2576 1344 2610 1571
1375 2575 1618 2621 *scripserat:
1650 2568 1699 2620 „E
1725 2577 1824 2619 bene,

55 2623 120 2659 che
144 2625 203 2660 dal
228 2637 292 2660 suo
319 2629 423 2662 canto
443 2627 484 2663 V.
505 2627 546 2663 R.
574 2628 744 2664 dissuada
771 2631 899 2673 questa
922 2640 1017 2670 cosa,
1044 2640 1144 2664 come
1171 2628 1218 2672 gl‘
1234 2640 1252 2662 e
1279 2631 1374 2663 stato
1400 2629 1536 2672 scritto,
1564 2632 1583 2664 ὸ
1602 2630 1742 2664 almeno
1760 2629 1825 2665 che

54 2675 241 2713 intenda’l
268 2679 376 2725 Papa,
412 2681 478 2716 che
512 2681 571 2716 noi
605 2693 674 2716 non
710 2682 823 2717 siamo
859 2682 1023 2717 inclinati
1058 2682 1101 2716 ad
1137 2684 1319 2716 accettare
1347 2685 1476 2727 questo
1510 2694 1555 2717 ne
1590 2683 1674 2718 altri
1703 2684 1824 2718 Mona-

55 2731 174 2778 sterij;
201 2759 208 2767 .
229 2759 237 2768 .
257 2760 264 2768 .
290 2735 348 2768 noi
374 2746 444 2769 non
481 2735 704 2770 desideramo
730 2736 754 2770 li
781 2736 991 2782 Monasterij
1020 2737 1062 2770 de
1089 2735 1283 2779 Religiosi“
1317 2736 1378 2779 (ex
1405 2747 1527 2781 apogr.
1555 2736 1668 2772 eiusd.
1694 2739 1824 2783 temp.;

61 2782 179 2820 Germ.
207 2787 251 2822 70
277 2787 301 2821 f.
323 2788 436 2832 164b).

174 2838 188 2858 ²
213 2838 388 2884 Georgius
423 2841 575 2886 Faiglin,
611 2843 668 2877 29.
697 2842 919 2888 Septembris
947 2843 1039 2877 1572
1074 2844 1238 2877 mortuus
1277 2842 1493 2884 (Schellhass
1518 2843 1540 2878 l.
1568 2855 1597 2878 c.
1625 2843 1676 2878 IV
1700 2844 1825 2886 xxix),

55 2889 200 2936 reliquit
224 2893 245 2928 5
275 2894 428 2936 „fratres
454 2896 732 2931 conventuales“
766 2897 964 2939 (Schwarz,
990 2896 1101 2931 Nunt.
1131 2895 1175 2931 18
1202 2895 1276 2940 20).

174 2946 187 2966 ³
216 2945 368 2988 „Questo
394 2949 612 2983 monasterio
639 2952 658 2984 e
683 2952 778 2985 sotto
806 2950 840 2984 la
867 2950 1135 2994 giurisdittione
1163 2950 1219 2984 del
1247 2961 1402 2985 vescovo
1429 2950 1465 2984 di
1483 2951 1650 2995 Augusta
1675 2950 1712 2984 in
1737 2954 1825 2984 tern—

57 2997 175 3042 porale
201 3001 238 3034 et
261 3000 491 3046 spirituale'⁴:
528 3001 730 3038 Cardinalis
760 3004 952 3037 Truehsess
988 3003 1161 3047 Gregorio
1187 3002 1284 3038 XIII.
1321 3003 1421 3038 initio
1456 3015 1487 3038 a.
1515 3004 1606 3039 1573
1638 3003 1827 3048 (Sclzwarz

57 3049 80 3086 l.
107 3061 135 3085 c.
161 3051 234 3094 20).

61 3155 135 3202 (Sl
175 3107 187 3126 ⁴
217 3106 496 3196 ”T?ntu¹¹im⁰d⁰
522 3120 638 3144 vacua
664 3109 828 3145 aedificia
853 3111 1017 3156 petunt⁴‘:
1043 3111 1229 3154 Elam-dus
1247 3109 1420 3155 Gregorio
1438 3110 1533 3146 XIII,
1553 3111 1654 3146 initio
1681 3121 1712 3146 a.
1733 3110 1825 3146 1573

105 3169 243 3194 cuonrz
283 3188 289 3195 .
318 3172 345 3195 c.
397 3162 446 3205 8).
