2051 3433
202 175 287 216 48ss
437 171 541 207 2030.
570 171 776 206 Everardus
804 171 1054 206 Mercurianus
1081 170 1234 206 Canisio.
1275 171 1387 206 Roma
1415 172 1447 207 3.
1467 172 1622 206 Ianuarii
1652 173 1754 209 1579.

205 288 378 333 temporis
405 292 544 333 partem
572 288 854 323 contionatorem
882 289 957 332 egit
986 288 1095 332 (Hist.
1116 288 1195 322 coll.
1215 287 1302 323 Oen.
1322 300 1355 334 p.
1379 289 1421 324 10
1448 289 1522 333 26).
1559 290 1723 336 Epistula
1751 292 1861 335 igitur
1888 292 1978 327 haec

207 342 300 375 inter
327 353 356 376 a.
378 342 469 376 1576
497 344 533 376 et
562 342 653 376 1580
679 342 763 376 data
786 344 862 382 est;
895 345 930 376 et
957 342 1112 376 maxime
1140 342 1335 376 verisimile
1363 345 1428 384 est,
1464 355 1541 377 eam
1569 356 1600 378 a.
1623 345 1713 380 1580
1739 345 1861 380 datam
1889 357 1978 380 esse.

203 446 370 483 2030.
443 445 866 483 EVERARDUS
895 445 1389 483 MERCURIANI'S
1419 449 1647 492 praepositus
1665 449 1846 492 generalis
1865 450 1981 485 Socie-

395 501 483 535 tatis
510 501 591 535 Iesu
618 500 820 536 CANlSlO.
1450 501 1563 536 Roma
1591 502 1623 536 3.
1642 503 1800 536 Ianuarii
1830 503 1932 538 1579.

321 565 377 600 Ex
403 565 610 610 apographo
634 564 746 599 eiusd.
773 567 900 610 temp.;
930 566 965 599 in
993 566 1166 608 margine,
1192 546 1319 599 ¹eadem
1341 577 1470 601 manu:
1504 566 1715 611 „Oeniponti
1742 567 1781 601 P.
1803 567 1977 602 Canisio.“

206 619 273 653 Rh.
303 619 368 653 lnf.
401 621 429 659 l,
457 618 489 651 II
516 619 542 652 f.
563 619 635 651 25¹³.

324 680 410 721 Quis·
437 680 628 712 mittendus
654 679 819 712 ris-irato}-
846 680 881 711 in
916 680 1148 712 Germaniam
1176 681 1427 722 superiorem?

323 750 626 804 Superioribus
669 750 818 792 diebus
861 751 1007 805 accepi
1040 752 1191 794 literas
1232 751 1281 793 R.
1308 750 1359 794 V.
1394 751 1436 792 in
1471 751 1623 803 quibus
1666 750 1887 792 consilium
1931 751 1982 793 de

202 815 287 857 ista
310 815 540 857 Prouincia
572 815 790 857 uisitanda
822 816 950 858 ualde
982 817 1273 870 pmbauimus,
1308 816 1384 857 sed
1417 816 1549 871 uarijs
1583 816 1762 858 subinde
1795 817 1982 870 negotijs

203 880 610 930 interuenientibus,
645 894 728 921 non
751 881 971 934 potuimus
1003 885 1093 924 tam
1128 882 1213 924 cito
1247 883 1456 932 statuere,
1491 881 1557 922 cui
1587 895 1686 923 nain
1711 881 1981 935 potissimum

202 946 244 988 id
273 946 464 987 muneris
487 949 607 988 recte
631 946 841 1000 committj
865 948 1026 1000 posset.
1081 947 1194 989 Nam
1230 947 1275 989 P.
1300 947 1552 997 Balduinus,
1587 960 1712 1000 quem
1737 947 1788 989 R.
1807 947 1858 989 V.
1883 960 1982 1000 pro—

203 1013 432 1065 ponebat',
477 1025 561 1052 non
604 1013 751 1066 potest
792 1012 880 1053 ulla
921 1012 1090 1054 ratione
1132 1027 1158 1055 a
1192 1012 1341 1065 Belgio
1377 1011 1520 1066 auellj‚
1563 1025 1617 1053 ne
1658 1011 1702 1053 in
1740 1011 1982 1067 huiusmodj

203 1077 500 1131 temporibus2
533 1078 669 1131 nostrj
714 1077 886 1119 omnino
919 1078 1213 1132 superioribus
1247 1077 1553 1125 destituantur,
1597 1091 1691 1118 cum
1725 1078 1983 1131 praesertim

203 1142 334 1185 etiam
368 1142 497 1196 paulo
531 1147 633 1184 ante
660 1143 703 1184 Ρ.
729 1142 999 1184 Harlemium
1033 1143 1088 1186 fe.
1118 1158 1177 1185 re.
1207 1142 1474 1185 amiserint?
1530 1142 1704 1184 Patrem
1738 1142 1868 1184 etiam
1904 1143 1982 1184 Co-

203 1211 366 1250 sterum
381 1211 398 1234 ⁴
421 1208 676 1261 quibusdam
702 1208 754 1250 de
778 1208 919 1250 causis
942 1222 1026 1250 non
1049 1208 1111 1251 ita
1135 1211 1283 1262 aptum
1308 1208 1560 1256 iudicamus
1593 1207 1658 1249 cui
1682 1211 1852 1250 tantam
1876 1208 1983 1249 Pro-

203 1273 389 1315 uinciam
423 1273 501 1315 soli
525 1273 786 1327 praesertim
810 1273 1146 1316 committamus.
1186 1274 1348 1326 Jtaque
1371 1272 1495 1314 nobis
1528 1272 1613 1314 alia
1637 1273 1848 1325 quaedam
1883 1287 1982 1314 con-

202 1338 300 1381 silia
320 1339 618 1383 occurrebant.
638 1353 749 1392 quae
767 1353 852 1381 una
872 1353 966 1380 cum
984 1338 1249 1381 Reuerentia
1266 1339 1314 1381 V.
1333 1338 1651 1380 communicare
1673 1338 1805 1393 uoluj,
1825 1341 1873 1380 ut
1891 1337 1983 1379 eius

203 1404 466 1447 sententiam
488 1404 531 1445 in
555 1419 602 1446 re
624 1404 844 1459 praesenti
868 1405 1154 1457 exquirerem.
1189 1404 1255 1446 Ea
1277 1407 1379 1445 sunt
1401 1406 1450 1446 ut
1471 1404 1582 1445 hanc
1606 1403 1809 1445 uisitandi
1834 1417 1982 1445 curam

205 1470 458 1512 mandemus
492 1470 537 1512 P.
562 1470 741 1512 Costero
765 1470 913 1512 addito
935 1470 995 1510 illi
1024 1470 1139 1511 socio
1163 1469 1295 1512 Patre
1319 1469 1584 1511 Theodorico
1599 1470 1627 1519 5,
1652 1469 1720 1510 uel
1745 1469 1877 1510 etiam
1901 1468 1981 1523 ipsi

204 1535 324 1589 Patrj
349 1535 631 1587 Theodorico,
665 1536 734 1577 uel
768 1535 952 1588 denique
988 1536 1030 1578 Ρ.
1056 1535 1225 1588 Tyreo6
1259 1548 1354 1576 cum
1389 1534 1533 1587 aliquo
1566 1533 1696 1583 socio,
1731 1548 1856 1587 quem
1886 1534 1983 1576 hinc

204 1600 427 1643 mittemus
450 1601 570 1643 Jtalo
593 1601 719 1651 bono,
755 1614 806 1643 ac
839 1601 979 1655 perito
1013 1600 1119 1651 uiro,
1155 1604 1199 1641 et
1232 1600 1303 1653 qui
1337 1600 1445 1641 bene
1477 1601 1630 1642 teneat
1660 1602 1753 1640 tum
1776 1598 1980 1653 uisitandj

203 1665 431 1715 rationem,
474 1668 566 1708 tum
609 1666 742 1708 etiam
784 1667 1057 1708 uoluntatem
1099 1668 1308 1715 nostram,
1350 1679 1376 1706 a
1409 1679 1492 1718 quo
1525 1679 1609 1706 non
1652 1677 1804 1718 parum
1846 1663 1887 1705 in
1932 1678 1982 1705 eo

205 1745 383 1773 munere
416 1731 613 1773 adiuuari
636 1731 810 1785 poterit.
862 1732 1002 1773 Velim
1026 1731 1160 1784 igitur
1182 1732 1305 1780 scire,
1341 1730 1440 1783 quid
1466 1730 1514 1772 R.
1537 1730 1587 1772 V.
1613 1730 1664 1771 de
1697 1728 1763 1770 his
1786 1728 1983 1770 omnibus

205 1799 395 1847 censeat,
421 1800 465 1839 et
488 1811 614 1849 quem
638 1811 692 1838 ex
715 1797 794 1845 his,
820 1810 927 1850 quos
944 1797 1147 1851 proposui
1171 1800 1263 1839 tum
1287 1796 1440 1837 melius
1457 1796 1538 1837 hoc
1556 1794 1698 1837 officio
1716 1794 1980 1845 functurum,

203 1864 296 1904 tum
320 1862 556 1915 gratiorem
583 1862 836 1904 Prouinciae
859 1862 933 1904 isti
955 1862 1147 1904 futurum
1173 1862 1424 1904 arbitretur.
1472 1861 1529 1902 Et
1552 1860 1587 1902 si
1611 1874 1706 1902 cum
1730 1860 1874 1912 aliquo
1897 1859 1982 1901 alio

205 1927 255 1969 R.
273 1927 324 1969 V.
350 1927 669 1969 communicare
702 1927 900 1978 uoluerit,
937 1941 1019 1969 non
1052 1927 1253 1981 impedio,
1288 1927 1413 1968 modo
1446 1926 1509 1968 ita
1541 1928 1732 1966 secreto⁸
1763 1938 1816 1966 ne
1848 1938 1918 1965 res
1940 1923 1983 1965 in

205 1992 423 2046 publicum
447 1997 605 2035 manet.
647 1993 825 2034 Cui-abit
848 1995 993 2035 autem
1017 1995 1065 2034 ut
1088 1992 1404 2045 quamprimum
1429 1991 1483 2032 ad
1506 2004 1585 2032 nos
1608 2003 1863 2043 responsum
1886 2002 1984 2043 per-

205 2058 386 2109 feratur,
411 2061 459 2100 ut
481 2059 524 2099 in
546 2060 742 2112 tempore
761 2058 1002 2099 deliberare
1025 2058 1253 2111 possimus,
1278 2056 1379 2110 quid
1397 2057 1455 2098 sit
1472 2055 1702 2109 agendum.
1737 2054 1830 2104 Qua
1853 2055 1984 2097 etiam

207 2123 258 2165 de
292 2137 423 2165 causa
455 2124 726 2165 commodum
760 2123 906 2174 fuerit,
941 2123 976 2164 si
1010 2122 1169 2176 duplici
1202 2122 1286 2172 uia,
1321 2122 1433 2164 sicut
1466 2124 1510 2163 et
1537 2135 1615 2162 nos
1647 2119 1831 2162 facimus
1863 2119 1985 2161 nobis

205 2189 430 2231 rescribat.
495 2189 756 2231 Commendo
790 2202 858 2230 me
893 2194 963 2230 etc.
1028 2188 1193 2229 Romae
1227 2190 1284 2230 35>
1306 2187 1503 2240 Januarij
1544 2187 1668 2228 1579.

327 2264 493 2298 Canisius
520 2264 748 2298 Mercuriano
774 2263 960 2308 respondit
987 2263 1081 2296 circa
1107 2262 1262 2296 medium
1292 2273 1336 2296 m.
1359 2261 1591 2295 Februarium
1622 2260 1723 2294 1579.
1768 2308 1770 2311 y

326 2335 354 2364 a)
378 2335 516 2366 Sequitur
536 2335 579 2361 ut.
600 2335 689 2360 oblim.

333 2431 338 2448 ¹
369 2430 535 2464 Canis-ius
556 2430 588 2463 in
610 2429 767 2474 epistula
788 2428 950 2464 18.1unii
969 2428 1058 2463 1578
1079 2428 1161 2461 data
1183 2427 1292 2471 (quae
1311 2427 1381 2460 iani
1400 2438 1469 2460 non
1489 2424 1626 2469 exstat)
1647 2437 1667 2459 a
1686 2424 1911 2458 Mercuriano
1929 2434 1986 2467 pe-

207 2483 296 2517 tisse
316 2483 471 2523 videtur,
491 2487 529 2517 ut
548 2486 611 2517 aut
632 2484 671 2517 1).
688 2483 886 2517 Balduinus
905 2482 948 2516 ab
967 2480 1106 2523 Angelo
1129 2482 1186 2523 (de
1206 2492 1275 2524 quo
1295 2492 1327 2514 V.
1344 2491 1453 2524 supra
1471 2491 1504 2524 p.
1524 2479 1618 2521 104),
1639 2482 1701 2512 aut
1721 2478 1759 2511 P.
1776 2476 1988 2511 Franciscus

207 2536 378 2571 costerus
404 2537 621 2571 mitteretur.
666 2538 875 2570 Florentius·
900 2535 1180 2569 Eram-horstius
1207 2534 1240 2567 S.
1262 2534 1294 2567 J.
1344 2532 1544 2577 Oeniponte
1571 2532 1626 2566 21.
1647 2531 1870 2576 Septembris
1899 2529 1988 2563 1576

206 2589 433 2624 Mercuriano
469 2590 512 2624 de
547 2590 587 2624 P.
618 2590 773 2624 Antonio
806 2588 925 2623 Vinck
961 2590 991 2623 7.
1020 2587 1241 2632 Septembris
1279 2587 1370 2621 1576
1407 2585 1586 2619 Bononiae
1620 2588 1760 2618 mortuo
1796 2582 1988 2627 *scripsit:

212 2644 472 2688 „Oenipontani
508 2644 768 2677 existimabant
803 2654 867 2676 nos
902 2652 974 2675 vna
1009 2642 1181 2674 ducturos
1212 2641 1247 2674 l’.
1277 2639 1483 2677 Antonium,
1519 2641 1628 2682 atque
1655 2649 1735 2671 euin
1763 2637 1987 2670 visitatorem

207 2708 294 2730 suae
320 2697 527 2741 prouinciae
554 2697 787 2731 vtilissimuin
823 2696 985 2729 futurum
1012 2694 1243 2738 sperabanff.
1294 2693 1341 2727 Et
1368 2693 1406 2727 P.
1432 2693 1670 2726 Theodericus
1699 2692 1868 2725 Came-ius
1894 2689 1927 2723 S.
1956 2688 1988 2722 J.

208 2750 323 2783 eidem
341 2750 517 2795 ¹'scripsit
534 2750 682 2794 Dilinga
701 2751 732 2785 5.
754 2749 909 2783 Ianuarii
932 2749 1042 2782 1577:
1068 2748 1129 2789 ,a
1149 2748 1187 2781 Γ.
1208 2746 1472 2780 l‘rouincialem
1492 2745 1660 2790 [Paulum
1681 2742 1882 2787 Hoffaeum]
1904 2743 1987 2776 iam-

209 2803 268 2837 diu
287 2815 355 2837 non
383 2803 476 2838 vidi:
504 2815 572 2837 non
602 2804 759 2837 instituit
778 2803 1023 2836 visitationem
1045 2800 1285 2844 Collegiorum
1313 2811 1405 2833 anno
1432 2799 1595 2844 proxime
1622 2798 1756 2842 elapso,
1784 2797 1876 2841 quod
1896 2795 1988 2829 Visi-

211 2858 365 2890 tatorem
396 2869 440 2890 ex
467 2857 555 2891 vrbe
582 2857 698 2891 indies
726 2855 955 2901 expectaret“
988 2854 1049 2896 (ex
1075 2852 1330 2897 autograpliis;
1360 2852 1479 2887 Germ.
1503 2853 1567 2886 137
1596 2853 1621 2885 f.
1644 2851 1753 2891 162³;
1782 2848 1989 2884 Germ.138

211 2910 235 2943 f.
265 2909 385 2953 114⁸).

331 2970 342 2988 ²
368 2968 420 3002 De
436 2968 621 3013 provincia
635 2969 669 3002 S.
681 2969 713 3003 J.
728 2968 866 3012 belgica
881 2967 958 3001 sive
973 2965 1144 3000 flandrica
1160 2976 1327 3008 magnam
1344 2966 1482 3009 partem
1499 2964 1660 3008 dispersa
1675 2975 1707 2996 v.
1723 2972 1831 3006 supra
1845 2973 1877 3005 p.
1892 2960 1989 2995 4612.

331 3022 343 3041 ⁸
370 3022 408 3055 P.
438 3023 590 3055 loannes
618 3021 803 3055 Wilhelmi
832 3020 1036 3055 Harlemius
1073 3018 1134 3061 (de
1161 3029 1230 3061 quo
1255 3029 1365 3062 supra
1393 3030 1426 3061 p.
1456 3018 1515 3059 19)
1555 3019 1673 3050 rector
1708 3014 1929 3049 lovaniensis
1956 3016 1990 3046 et

210 3075 526 3120 viceprovincialis
558 3075 675 3118 Belgii
706 3076 735 3109 l.
755 3074 923 3109 Octobris
953 3073 1044 3108 1578
1079 3071 1287 3117 pestilentia
1323 3071 1495 3115 abreptus
1531 3072 1587 3103 est
1621 3070 1756 3111 (Germ.
1784 3068 1850 3101 156
1878 3067 1902 3100 f.
1923 3067 1990 3100 292¹

213 3129 294 3162 111a
324 3129 424 3163 112³:
454 3128 575 3162 Germ.
597 3129 662 3162 157
691 3127 854 3170 f.1111=).
1002 3128 1014 3146 ⁴
1042 3124 1306 3160 Provincialem
1335 3124 1542 3157 rhenanum.

329 3182 342 3200 ⁵
370 3181 525 3220 Canisio,
552 3184 691 3215 rectore
719 3181 913 3224 dilingano.
1061 3180 1073 3198 ⁰
1103 3178 1139 3211 P.
1161 3178 1366 3210 Hermanno
1393 3176 1570 3221 'l'hyraeo.
