2062 3443
711 160 804 194 Hala
832 160 886 194 13.
906 160 1061 204 Augusti
1092 160 1193 193 1577.
1755 163 1840 204 409

70 279 133 322 uti
166 279 210 321 in
243 279 494 322 uisitatione
527 278 784 332 prouintiae‚
819 278 940 320 initio
974 277 1143 330 quidem
1168 277 1308 319 Halae
1331 281 1515 331 sumpto.
1567 278 1612 318 In
1637 277 1718 319 hac
1741 277 1843 318 uisi-

70 344 236 388 tatione
269 344 389 393 duOS,
432 345 481 385 ut
512 343 677 397 opinor,
722 357 904 393 menseS,
949 356 999 384 ac
1032 356 1082 383 eo
1116 343 1301 395 amplius
1335 356 1649 384 consumemus,
1714 342 1844 384 Faxit

69 409 278 458 ChristuS,
321 411 370 450 ut
402 408 563 461 aliquid
597 422 678 462 ego
711 411 938 462 praestare
976 407 1136 462 possim
1179 408 1220 448 in
1261 408 1538 460 collegiorum
1574 407 1844 460 fratrumque

72 474 322 517 utilitatem.

189 538 309 588 Quod
342 538 396 580 ad
430 538 593 581 editum
625 552 731 592 opus
755 538 927 587 attinet,
962 537 997 579 si
1023 538 1067 580 P.
1092 538 1139 580 T.
1175 537 1400 591 placuerit,
1435 540 1482 580 ut
1505 538 1730 591 exemplar
1753 537 1845 579 eius

71 604 196 646 Pont.
221 604 338 645 Max.
364 606 408 645 et
431 603 554 645 Card.
579 603 773 652 Morono,
808 603 980 652 Sirleto‚
1013 602 1288 651 Warmiensi,
1323 604 1444 645 uelut
1468 602 1668 644 Patronis
1702 602 1755 644 de
1778 616 1844 643 me

71 669 178 711 bene
201 668 368 711 meritis
391 670 612 718 offeratur,
637 669 808 710 mittam
827 668 863 710 si
886 682 1074 722 possum,
1099 667 1224 721 plura
1248 667 1439 709 eiusdem
1463 667 1605 720 operis
1628 667 1844 721 exempla,

70 733 152 776 etsi
184 733 290 775 haec
322 733 468 775 missio
500 747 583 775 non
607 747 758 787 parum
783 733 971 774 difficilis
994 732 1207 775 uideatur.
1251 732 1334 774 Sed
1360 733 1602 786 expectabo
1626 731 1746 786 prius
1769 746 1846 774 no-

69 800 256 841 strorum
292 812 531 848 censuram,
577 812 631 840 an
665 812 771 851 opus
804 798 884 840 hoc
917 798 1103 840 lectione
1136 797 1311 850 dignum
1345 799 1512 851 putent,
1558 800 1602 840 et
1633 811 1755 851 rogo,
1800 801 1847 840 ut

70 863 203 905 libere
235 863 441 914 iudicent,
475 867 518 905 et
552 863 779 905 iudicando
813 863 1049 916 corrigant,
1089 876 1200 916 quae
1233 862 1374 904 minus
1407 863 1673 905 arridebunt.
1728 862 1847 904 Nihil

70 928 182 970 enim
217 928 404 982 ambigo,
438 929 577 970 multa
610 929 677 970 hic
709 928 949 982 irrepsisse,
984 942 1095 981 quae
1128 928 1231 970 lima
1258 931 1431 981 egeant,
1465 930 1510 970 et
1542 942 1682 970 meam
1705 928 1847 971 tenui-

70 996 208 1036 tatem
243 996 424 1048 superat
456 994 702 1047 argumenti
737 993 1020 1047 praestantia.
1067 993 1166 1035 Non
1190 993 1363 1035 decreui
1395 993 1449 1035 ad
1473 993 1597 1047 plura
1619 993 1848 1035 scribenda

70 1058 285 1112 progredi,
329 1072 452 1101 meae
485 1060 682 1101 conscius
714 1058 1040 1109 imbecillitatis,
1075 1058 1156 1100 nisi
1190 1061 1389 1111 urgeant,
1425 1058 1496 1111 qui
1530 1058 1633 1100 mihi
1665 1061 1848 1112 possunt

71 1123 281 1176 quidlibet
312 1124 550 1178 iniungere.
614 1124 670 1166 Jn
703 1124 784 1166 hac
817 1126 964 1166 aetate
997 1124 1150 1166 lubens
1183 1124 1238 1166 ad
1271 1138 1323 1165 ea
1356 1138 1424 1165 me
1458 1123 1693 1174 conferam,
1738 1137 1848 1176 quae

70 1192 172 1231 sunt
205 1189 463 1243 professioni
495 1189 587 1231 siue
620 1189 836 1232 uocationi
860 1203 983 1231 meae
1006 1189 1355 1242 congruentiora,
1391 1192 1435 1231 et
1464 1188 1561 1243 alijs
1584 1188 1849 1232 doctioribus

69 1253 240 1296 tradam
274 1254 491 1308 lampada,
525 1269 609 1296 non
644 1255 829 1309 amplius
862 1268 957 1296 cum
992 1254 1226 1297 haereticis
1259 1254 1602 1297 conflictaturus,

190 1325 236 1368 P.
271 1325 509 1368 Tui-rianus
551 1326 606 1367 ad
647 1340 715 1368 me
748 1325 923 1380 scripsit
965 1326 1017 1368 de
1049 1326 1171 1368 libris
1213 1326 1378 1368 duobus
1411 1327 1565 1369 contra
1602 1325 1850 1368 haereticos

72 1390 342 1445 conscriptis,
376 1405 483 1443 quos
516 1391 719 1433 Coloniae
751 1391 793 1432 in
826 1391 965 1433 lucem
1000 1391 1067 1433 edi
1100 1391 1369 1434 desideraret
1384 1394 1410 1435 1.
1476 1391 1675 1446 Optarim
1718 1391 1763 1432 P.
1801 1390 1848 1433 T.

71 1455 272 1497 iudicium
305 1457 526 1506 accedere,
561 1456 662 1510 quid
695 1456 798 1498 mihi
831 1457 912 1499 hac
944 1456 987 1498 in
1020 1470 1066 1498 re
1089 1456 1335 1499 faciendum
1358 1457 1579 1500 uideatur:
1613 1459 1767 1511 postea
1789 1455 1850 1497 illi

71 1521 351 1575 respondero.

192 1586 454 1629 Commendo
487 1600 554 1629 me
587 1587 800 1629 submisse
823 1601 873 1630 ac
895 1590 1151 1630 reuerenter
1177 1588 1223 1631 P.
1243 1588 1290 1630 T.
1325 1602 1377 1630 ac
1400 1587 1604 1630 Patribus
1627 1587 1851 1630 Assisten-

70 1649 189 1693 tibus
237 1651 456 1702 omnibus,
506 1666 742 1705 eorumque
795 1653 994 1707 precibus
1047 1652 1098 1694 in
1143 1652 1366 1695 Christo
1414 1653 1568 1696 JESV
1622 1651 1851 1694 Domino

71 1718 310 1759 nostro2.
376 1717 516 1759 Halae
554 1719 605 1760 13
628 1718 817 1772 Augusti
845 1719 990 1761 ‚1577.

898 1789 944 1832 Ρ.
969 1789 1017 1832 Τ.

1157 1853 1374 1907 Jndignus
1406 1854 1520 1896 filius

957 1919 1114 1962 Petrus
1147 1919 1344 1962 Canisius
1376 1934 1507 1963 manu
1539 1919 1730 1974 propria.

191 2007 218 2059 †
260 2006 503 2049 Admodum
551 2008 807 2050 Reuerendo
852 2008 896 2050 in
944 2008 1114 2051 Christo
1160 2008 1283 2051 Patri
1328 2011 1502 2059 nostro,
1548 2008 1595 2051 P.
1630 2008 1853 2050 Euerardo

72 2071 365 2123 Mercuriano‚
401 2072 656 2127 Praeposito
690 2073 884 2127 generali
909 2073 1141 2116 Societatis
1169 2074 1315 2118 IESV.
1371 2073 1437 2115 Ad
1470 2088 1626 2115 manus
1654 2073 1854 2128 proprias

1543 2139 1731 2181 Romae:

189 2225 230 2258 In
257 2225 405 2269 antiqua
424 2225 485 2259 illa
509 2225 545 2267 „⁸
558 2227 724 2260 Historia
744 2226 887 2269 collegii
908 2226 1226 2269 Ingolstadiensis“
1253 2226 1302 2267 (ν.
1326 2228 1414 2261 Can.
1434 2226 1466 2260 ΙΙ
1485 2226 1536 2269 L1)
1566 2238 1586 2260 a
1613 2226 1715 2260 Socio
1733 2225 1855 2269 aliqua

71 2277 195 2312 horum
222 2280 423 2323 temporum
445 2279 586 2323 aequali
614 2282 784 2313 narratur
810 2280 845 2312 in
873 2291 1005 2313 annum
1037 2280 1146 2314 1577:
1179 2279 1238 2321 „R
1262 2280 1390 2313 Petrus
1409 2279 1577 2314 Canisius
1604 2291 1624 2313 a
1643 2280 1683 2313 R.
1705 2279 1743 2313 P.
1771 2279 1854 2313 Pro—

71 2330 217 2365 uinciali
256 2335 439 2371 euocatus,
476 2335 516 2366 vt
552 2333 585 2366 in
622 2333 746 2366 futura
782 2331 996 2367 Prouinciae
1032 2333 1241 2367 visitatione
1277 2334 1396 2367 socius
1436 2333 1549 2374 foret,
1587 2332 1654 2367 sub
1694 2344 1855 2366 mensem

73 2387 279 2428 Augustum
305 2385 388 2419 hinc
416 2385 516 2430 abijt,
543 2397 722 2430 suumque
748 2385 950 2420 Marianum
979 2398 1068 2430 opus
1096 2387 1130 2419 in
1160 2386 1274 2420 lucem
1295 2386 1411 2420 dedit“
1446 2386 1546 2429 (Cod.
1567 2389 1715 2430 eystett.
1739 2386 1854 2429 „Hist.

71 2436 151 2472 coll.
179 2438 276 2481 Ing.“
308 2450 340 2483 p.
368 2439 444 2482 41).
506 2439 625 2482 Atque
661 2439 738 2483 ipse
772 2439 810 2473 P.
839 2440 977 2472 Paulus
1011 2441 1187 2483 Hoffaeus
1222 2440 1451 2484 praepositus
1489 2439 1723 2484 provincialis
1762 2438 1856 2473 Hala

72 2490 245 2525 Kalendis
277 2492 455 2535 Augustis
494 2493 582 2526 1577
621 2492 877 2526 *Mercuriano
913 2492 1076 2538 scripsit:
1121 2492 1179 2535 „R
1210 2493 1340 2527 Petrus
1377 2493 1545 2527 Canisius
1583 2495 1639 2526 est
1675 2492 1762 2526 mihi
1797 2491 1856 2526 hic

71 2545 192 2578 socius
219 2546 255 2579 in
282 2545 523 2580 visitatione..
542 2572 570 2579 ..
608 2545 754 2579 Librum
791 2557 896 2579 suum
923 2546 1127 2580 Marianum
1165 2546 1308 2580 tandem
1343 2545 1509 2580 absoluit.
1565 2546 1600 2580 P.
1621 2546 1664 2580 V.
1685 2558 1753 2579 non
1793 2546 1855 2579 im-

71 2600 182 2641 ponat
208 2598 259 2632 illi
285 2598 440 2632 similem
469 2610 603 2640 curam,
630 2599 693 2633 sed
721 2611 836 2643 neque
864 2599 1053 2633 Postillam
1081 2599 1227 2640 scribat,
1265 2599 1327 2633 sed
1356 2599 1498 2633 libellos
1523 2602 1666 2633 tantum
1705 2600 1856 2633 deuotos

71 2654 109 2684 et
134 2663 276 2696 paruos,
304 2653 363 2696 qui
393 2653 506 2686 multa
533 2653 733 2686 eruditione
761 2656 797 2687 et
824 2654 977 2687 fratrum
1004 2653 1219 2696 fatigatione
1254 2665 1323 2687 non
1360 2655 1503 2696 egeant.
1556 2653 1642 2687 Eius
1678 2664 1786 2698 opera
1812 2652 1856 2685 ob

71 2704 253 2738 hominum
282 2706 467 2749 penuriam
495 2705 582 2739 mihi
609 2705 690 2750 alijs
718 2706 752 2739 in
781 2706 886 2740 rebus
923 2707 991 2740 erit
1016 2706 1232 2746 necessaria,
1269 2706 1498 2750 faceremque
1526 2717 1693 2749 magnam
1723 2707 1758 2740 in
1787 2705 1855 2739 hac

74 2758 254 2802 prouintia
281 2759 468 2800 iacturam,
504 2759 534 2793 si
563 2759 601 2792 P.
621 2758 664 2793 V.
684 2759 800 2803 ipsum
838 2759 908 2794 alio
944 2760 1115 2798 mitteret,
1153 2759 1246 2803 quod
1286 2772 1329 2793 ne
1366 2759 1478 2793 saciat
1505 2761 1626 2803 rogo‘.
1680 2760 1723 2793 Et
1751 2758 1855 2794 Oeni-

72 2812 180 2854 ponte
210 2811 264 2845 12.
283 2812 439 2854 Augusti
471 2812 560 2846 1577
590 2812 628 2845 P.
654 2814 802 2845 Ioannes
828 2814 1039 2846 [tollenstein
1069 2812 1212 2855 collegii
1250 2815 1367 2846 rector
1402 2812 1676 2847 *Mero-miano:
1723 2812 1857 2855 „Adest

72 2945 180 2979 stadii
217 2945 406 2980 Convictui
439 2946 664 2989 „Albertin0“
705 2959 834 2991 regens
871 2948 976 2982 datus
1013 2950 1087 2988 est;
1123 2948 1217 2982 unde
1253 2947 1518 2993 Mussipontum
1555 2948 1598 2982 ad
1636 2946 1856 2991 theologiam

73 2998 285 3032 tradendam
321 3000 521 3034 accersitus
557 3003 622 3041 est,
660 3001 715 3035 vir
750 3001 852 3036 libris
878 3013 1020 3045 quoque
1047 3000 1262 3044 dogmaticis
1288 3001 1528 3045 asceticisque
1554 3001 1662 3035 editis
1697 3001 1787 3035 bene
1813 3001 1857 3034 de

72 3051 227 3086 ecclesia
244 3052 396 3086 meritus
417 3054 689 3097 (Sommercoyel
706 3054 729 3089 l.
749 3066 778 3089 c.
800 3054 849 3088 Vl
867 3054 1077 3094 802—817;
1107 3055 1279 3097 Agyricola
1297 3053 1320 3089 l.
1340 3065 1369 3088 c.
1389 3054 1404 3088 I
1431 3054 1515 3089 Dec.
1534 3056 1567 3095 4,
1594 3067 1626 3089 n.
1649 3054 1855 3089 156—158:

74 3106 236 3139 Mederer
254 3105 276 3139 l.
297 3117 326 3140 c.
347 3106 379 3140 II
399 3106 442 3140 17
464 3106 540 3148 30).

197 3159 205 3178 ¹
231 3158 324 3192 Vide
350 3170 460 3204 supra
487 3171 518 3204 p.
539 3160 619 3195 404.
765 3161 778 3182 2
805 3161 894 3195 Rom
922 3162 953 3203 6,
984 3162 1021 3195 11
1053 3160 1097 3194 ⁴23
1125 3163 1214 3201 etc.;
1243 3172 1275 3194 v.
1295 3172 1404 3205 supra
1431 3173 1463 3206 p.
1483 3161 1589 3196 219⁶.
