2051 3433
174 187 259 227 664
944 185 1039 219 Mon.
1071 185 1173 219 1181.

172 300 387 335 clesiasticis
414 304 449 335 et
475 300 733 340 saecularibus,
767 301 1055 346 archiepiscopis,
1083 301 1272 346 episcopis,
1300 301 1452 337 ducibus
1478 305 1515 336 et
1540 304 1816 345 marchionibus,
1844 305 1950 339 comi—

171 354 282 395 tibus,
317 354 505 395 nobilibus,
543 354 747 395 clientibus,
781 356 985 399 praefectis,
1021 355 1349 389 locumtenentibus
1375 367 1416 389 ac
1443 356 1642 397 ciuitatum,
1679 358 1888 402 oppidorum
1915 361 1951 392 et

172 407 331 442 locorum
368 419 662 452 quorumcunque
698 407 917 453 capitaneis,
953 407 1266 452 gubernatoribus,
1303 409 1490 451 magistris
1525 410 1726 451 curiarum,
1758 411 1950 456 judicibus,

172 461 390 499 consulibus.
418 472 553 495 necnon
574 473 744 506 passuum
762 463 772 482 ¹
797 464 832 496 et
859 465 1025 506 portuum
1046 461 1268 501 offitialibus‚
1297 463 1529 505 vectigalium
1550 463 1753 508 praefectis,
1781 465 1949 509 daciarijs

172 517 207 549 et
241 514 510 559 thelonearist
547 526 589 548 ac
615 515 898 559 quibuscunque,
935 516 994 559 qui
1030 515 1282 559 praesentibus
1319 516 1482 560 requisiti
1517 517 1663 557 fuerint,
1700 518 1829 552 debitis
1856 529 1947 552 com-

171 568 459 602 mendationibus
495 570 530 601 et
565 567 748 612 obsequijs
774 569 908 602 nostris
944 568 1152 612 praemissis
1178 572 1301 602 notum
1329 569 1493 610 facimus,
1525 571 1740 604 reuerendos
1766 575 1888 616 patres
1914 573 1950 605 et

172 622 334 655 dominos
353 620 538 655 societatis
557 620 670 655 Jhesu
689 621 896 655 sacerdotes
916 621 1066 656 Paulum
1087 622 1289 662 Hoffaeum,
1317 622 1475 656 eiusdem
1493 623 1678 657 societatis
1697 624 1948 669 prouintialem

171 676 207 709 in
226 675 402 719 superiorj
421 674 625 714 Germania,
654 674 802 708 Petrum
821 675 1015 714 Canisium,
1044 675 1268 719 Alphonsum
1295 675 1475 717 Pisanum,
1502 676 1726 711 Theodorum
1749 678 1948 718 Peltanum,

170 739 295 762 sacrae
322 727 526 771 theologiae
553 728 728 767 doctores,
756 739 797 762 ac
817 728 991 762 Jacobum
1012 729 1210 762 Bautenum
1241 729 1456 762 confratrem
1485 731 1520 763 et
1539 730 1793 771 coadiutorem,
1821 731 1947 765 harum

170 781 358 815 literarum
393 780 625 822 exhibitores,
661 780 705 814 ob
739 782 885 825 negotia
920 782 1010 815 sua³
1046 782 1114 815 iter
1148 781 1297 816 Romam
1333 782 1547 818 instituisse.
1608 783 1695 817 Cum
1733 784 1843 827 igitur
1878 784 1946 829 ipsj

169 834 254 868 hinc
280 834 506 869 discedentes
531 846 596 868 nos
623 836 841 877 rogauerint,
878 839 918 869 vt
944 835 996 869 eis
1030 835 1276 869 testimonium
1305 836 1339 869 in
1366 836 1512 881 scriptis
1539 837 1815 881 impartiremur,
1853 838 1947 882 quod

170 888 207 922 in
234 888 300 922 hac
328 888 476 922 ciuitate
504 886 754 932 Oenipontana
780 888 880 922 nulla
906 888 1019 932 pestis
1046 891 1243 931 grassetur,
1281 889 1387 933 idque
1413 890 1570 937 ita-sese
1597 889 1728 924 habeat
1755 903 1797 925 ac
1821 902 1948 925 verum

171 941 229 983 sit,
256 953 298 975 ac
325 941 432 984 longo
458 941 529 974 iam
556 944 717 985 tempore
743 952 846 975 nemo
873 942 1063 985 quisquam
1091 953 1131 975 eo
1157 942 1282 975 morbo
1301 942 1335 975 in
1364 942 1431 976 hac
1450 943 1597 977 ciuitate
1616 947 1802 988 correptus
1829 944 1948 984 fuerit,

169 1006 286 1039 neque
313 995 343 1029 is
369 994 405 1028 in
432 994 701 1028 circumvicinis
727 994 786 1028 vel
813 994 885 1028 illis
911 994 1009 1036 locis,
1046 1006 1109 1039 per
1136 1006 1226 1038 quae
1257 996 1516 1040 praenominati
1543 997 1728 1031 reuerendi
1765 1001 1886 1041 patres
1912 997 1947 1031 in

170 1049 319 1083 Jtaliam
347 1060 410 1093 per
435 1048 530 1082 hunc
557 1049 767 1082 comitatum
794 1048 1028 1093 Tyrolensem
1056 1049 1253 1093 profecturi
1280 1053 1374 1090 sunt,
1404 1050 1536 1093 vigeat,
1572 1062 1641 1084 non
1668 1051 1948 1085 detrectauimus

170 1102 242 1136 illis
268 1103 303 1135 in
330 1102 496 1136 veritatis
522 1101 774 1135 certitudinem
801 1101 908 1136 huius
926 1102 1051 1147 scripti
1071 1103 1183 1136 nostri
1202 1103 1418 1137 adminiculo
1445 1104 1653 1147 gratificari.
1679 1117 1761 1139 narn
1788 1104 1947 1148 benigni-

169 1158 245 1189 tate
272 1155 393 1189 diuina
418 1167 490 1189 non
515 1155 619 1188 modo
645 1154 803 1199 vlla²[‘?]
831 1156 923 1200 apud
951 1167 1014 1189 nos
1047 1156 1164 1189 saeuit
1190 1157 1303 1200 pestis
1329 1157 1391 1190 sed
1419 1169 1483 1191 nec
1510 1158 1631 1202 aliqua
1658 1158 1701 1192 de
1728 1170 1769 1193 ea
1795 1157 1949 1203 suspitio

170 1211 239 1243 est.
301 1208 351 1242 Vt
386 1209 498 1252 igitur
535 1209 712 1253 praefatis
754 1209 962 1243 reuerendis
1004 1209 1167 1254 patribus
1211 1212 1246 1243 et
1285 1210 1437 1244 dominis
1475 1216 1598 1244 nostra
1641 1212 1948 1246 commendatione

169 1264 366 1306 nostroque
391 1261 596 1296 testimonio
622 1264 724 1296 tanto
750 1262 895 1296 liberior
923 1262 1054 1306 vbique
1081 1266 1204 1307 pateat
1222 1274 1392 1297 accessus
1411 1267 1447 1297 et
1471 1265 1657 1302 transitus.
1684 1265 1762 1299 ideo
1781 1265 1948 1299 omnibus

170 1318 207 1350 et
232 1315 386 1359 singulis
412 1314 671 1360 suprascriptis
698 1315 943 1359 cuiuscunque
969 1320 1098 1357 status,
1126 1316 1261 1359 gradus
1288 1319 1352 1351 aut
1369 1317 1582 1352 conditionis
1601 1319 1769 1360 existant,
1797 1329 1948 1352 comme-

169 1369 300 1404 morati
335 1368 557 1403 serenissimi
593 1369 766 1413 principis
800 1369 1014 1403 Ferdinandi
1050 1370 1205 1404 subditis
1239 1371 1463 1411 mandamus,
1499 1372 1589 1406 alios
1625 1384 1710 1406 vero
1745 1372 1950 1406 humaniter

170 1423 400 1466 requirimus,
433 1426 474 1456 vt
500 1422 597 1467 ipsos
625 1434 704 1456 cum
732 1422 839 1457 rebus
865 1423 950 1463 suis,
978 1423 1109 1467 vbique
1136 1424 1228 1467 apud
1258 1436 1323 1457 vos
1349 1425 1427 1458 sine
1453 1425 1708 1470 impedimento
1733 1426 1888 1459 transire
1915 1427 1953 1459 et

170 1475 242 1510 illis
279 1476 424 1520 hospitii
459 1475 577 1509 locum
614 1475 691 1509 dari
726 1476 946 1520 permittatis
972 1478 1006 1510 et
1033 1477 1177 1511 curetis.
1231 1477 1270 1510 In
1301 1477 1367 1511 hoc
1402 1479 1622 1522 praemissae
1648 1490 1735 1513 suae
1761 1477 1950 1512 serenitati

169 1529 305 1564 subditi
331 1540 540 1573 expressam
560 1528 785 1563 voluntatem
811 1532 983 1570 nostram,
1010 1531 1142 1564 coeteri
1162 1533 1282 1564 autem
1302 1543 1375 1565 rem
1397 1531 1497 1566 nobis
1524 1535 1730 1577 pergratam
1750 1532 1948 1566 executuri.

170 1583 210 1616 In
238 1583 339 1616 cuius
357 1582 408 1627 rej
435 1583 541 1616 fidem
560 1584 596 1616 et
622 1582 866 1616 testimonium
887 1582 952 1617 has
971 1582 1094 1618 literas
1112 1583 1243 1627 sigillis
1261 1586 1394 1619 nostris
1412 1585 1647 1620 annularibus
1665 1586 1948 1628 obsignauimus.

170 1635 303 1670 Datum
330 1636 380 1670 IX
406 1636 527 1681 martij
555 1647 648 1670 anno
675 1639 743 1670 etc.
770 1635 1005 1671 MDLXXIII.

171 1752 306 1789 1131.
382 1753 534 1789 Ineunte
561 1756 598 1789 et
625 1753 742 1790 medio
770 1765 803 1790 a.
831 1753 923 1790 1573.

291 1819 346 1852 Ex
378 1819 466 1854 libro
506 1819 579 1862 „De
607 1820 684 1853 vita
711 1820 809 1853 Petri
837 1820 970 1855 Canisii
999 1820 1042 1854 de
1069 1820 1247 1854 Societate
1274 1821 1367 1855 Iesu.
1387 1849 1394 1856 .
1415 1849 1449 1856 ..
1488 1821 1584 1856 Libri
1619 1826 1694 1857 tres
1721 1835 1741 1857 a
1772 1824 1948 1858 Mattlzaeo

170 1873 314 1906 Radero
340 1885 384 1906 ex
412 1874 537 1907 eadem
558 1873 738 1907 Societate
765 1873 993 1918 conscripti“,
1020 1874 1201 1908 Monachii
1225 1875 1324 1914 1614,
1356 1875 1552 1910 138—142.
1594 1876 1647 1910 Ex
1674 1876 1814 1911 Radere
1834 1879 1951 1911 Iulius

173 1927 340 1960 Con-dara
358 1926 381 1960 S
413 1927 446 1960 J.
465 1927 587 1961 hausit
617 1927 671 1969 (ut
691 1927 849 1970 videtur)
879 1938 931 1967 ea,
959 1938 1050 1971 quae
1077 1929 1197 1972 posuit
1215 1927 1250 1961 in
1274 1928 1446 1972 „collegii
1466 1928 1671 1965 Germanici
1696 1934 1732 1964 et
1750 1931 1948 1974 Hungarici

170 1979 366 2021 Historia“,
394 1980 529 2015 Romae
550 1982 651 2022 1770,
678 1980 699 2015 1.
721 1981 752 2019 2,
771 1992 805 2015 n.
827 1982 929 2014 1—4.
968 1980 1104 2014 Deinde
1124 1981 1247 2015 eadem
1267 1994 1312 2016 ex
1331 1981 1472 2017 Radero
1491 1986 1528 2017 et
1547 1982 1704 2018 Cordara
1730 1985 1950 2030 transcripta

169 2036 255 2067 sunt
282 2045 302 2067 a
328 2035 504 2078 Doriyny‚
532 2036 682 2078 Python,
710 2035 822 2078 Re'ess,
849 2036 975 2078 Boero,
1001 2036 1133 2068 Mic-hel
1159 2039 1228 2069 etc.

294 2100 486 2133 Car-dinan
517 2101 707 2133 Tricchsess
732 2104 877 2133 (uictore
907 2102 1052 2134 Romam
1084 2101 1253 2134 Canisins
1279 2103 1484 2135 arcessitur.
1539 2104 1609 2144 Qui
1638 2104 1811 2147 Greglori'o
1837 2105 1947 2139 XIII.

168 2154 304 2196 suadet,
337 2158 373 2185 ut
400 2153 581 2194 colleqz'mn
605 2155 850 2196 yermanicum
878 2155 1067 2197 (amplificet
1093 2159 1123 2187 et
1150 2155 1224 2187 alia
1253 2155 1397 2197 colleyia
1423 2156 1557 2189 Romae
1582 2157 1736 2200 alibique
1762 2158 1900 2191 condat.

291 2224 338 2266 P.
373 2226 619 2268 Matthaeus
651 2226 855 2267 Raderus
889 2227 930 2268 S.
955 2226 998 2268 J.
1036 2228 1077 2267 in
1121 2228 1206 2267 vita
1242 2227 1409 2268 Canisii
1451 2242 1489 2268 a.
1523 2230 1636 2269 1614
1671 2229 1889 2270 Monachz'af
1922 2244 1949 2270 a

170 2304 213 2331 se
245 2291 359 2331 edita
391 2292 556 2345 lonqaw
590 2293 731 2346 posuit
763 2292 986 2346 epistulam
1019 2292 1067 2332 de
1103 2292 1224 2333 rebus
1249 2292 1408 2333 Romae
1439 2294 1536 2334 olim
1570 2308 1594 2334 α
1621 2294 1793 2335 Canisio
1823 2296 1950 2350 yestis

172 2369 221 2396 ex
255 2356 399 2397 eadem
432 2356 536 2397 urbe
568 2371 607 2398 α.
634 2358 748 2398 1613
782 2357 841 2397 (ch
873 2371 915 2397 se
957 2358 1101 2398 datam
1136 2372 1162 2398 α
1197 2357 1245 2400 P.
1270 2358 1520 2400 Sebastiano
1552 2359 1775 2401 Beretario
1808 2361 1850 2401 S.
1875 2361 1919 2402 J.
1934 2375 1950 2412 ,·

171 2421 256 2476 qui,
290 2425 334 2462 ut
366 2421 569 2462 Raderus
602 2423 675 2471 ait,
714 2427 942 2476 „spectator
973 2422 1129 2475 adfuit,
1164 2437 1254 2463 cum
1290 2423 1449 2464 Romae
1483 2424 1684 2465 Canisz'us
1715 2426 1866 2475 esset“;
1899 2426 1951 2467 de

172 2500 254 2541 qua
298 2487 476 2540 epistula
514 2489 731 2541 complura
775 2487 888 2528 dicta
930 2493 1028 2529 sunt
1062 2489 1164 2529 Can.
1206 2488 1266 2529 VI
1300 2490 1549 2531 578—581.
1614 2490 1665 2530 In
1710 2491 1855 2532 eadem
1899 2491 1950 2532 de

173 2551 346 2592 Canisz'o
379 2552 558 2593 Romam
592 2566 630 2594 α.
656 2554 772 2594 1573
801 2552 987 2607 profecto
1022 2553 1270 2594 Beretarius
1309 2554 1410 2595 haec
1441 2560 1621 2596 narrat:
1655 2555 1834 2596 Occasio
1868 2555 1949 2597 Ca-

171 2615 269 2656 nisii
302 2616 550 2658 accersendi
584 2616 660 2659 illa
692 2617 787 2659 fuit.
838 2617 1048 2667 Conflato,
1081 2620 1260 2660 auctore
1294 2618 1370 2660 Pio
1405 2618 1527 2661 Pont.
1564 2620 1680 2662 Max,
1715 2619 1830 2662 inter
1862 2620 1949 2662 Ro-

170 2694 343 2723 manam
394 2681 650 2731 Ecclesiam,
696 2682 932 2736 Hispaniae
977 2682 1164 2734 Regem,
1213 2686 1258 2725 et
1306 2683 1572 2725 Venetorum
1622 2684 1947 2738 Rempublicam

170 2744 346 2787 foedere
379 2746 589 2787 aduersus
611 2746 797 2788 Turcam
830 2747 986 2790 Italiae
1018 2748 1327 2799 imminentem,
1362 2762 1412 2790 ac
1447 2753 1545 2803 post
1566 2752 1738 2803 partam
1762 2750 1948 2792 nobilem

170 2809 290 2852 illam
332 2811 533 2852 naualem
576 2811 804 2853 victoriam
845 2812 900 2853 ad
933 2812 1200 2862 Echinadas,
1244 2827 1295 2855 ac
1337 2817 1436 2867 post
1469 2814 1533 2855 Pii
1562 2814 1613 2857 V.
1654 2817 1837 2857 mortem
1878 2828 1948 2856 re·

171 2874 329 2921 scisso2
366 2875 601 2928 Gregorius
619 2877 736 2927 XllI,
771 2876 843 2930 qui
870 2877 942 2918 Pio
965 2881 1251 2928 successerat,
1286 2892 1445 2932 niagno
1469 2879 1612 2921 animo
1638 2879 1736 2921 belli
1770 2879 1950 2922 consilia

171 2943 437 2993 susceperat,
471 2954 547 2994 spe
580 2943 791 2995 concepta
823 2940 920 2994 (eae
944 2941 1060 2984 vires
1082 2942 1162 2984 hac
1186 2943 1507 2997 conspiratione
1530 2943 1801 2986 Christianae
1821 2945 1947 2998 Reip.

292 3032 320 3061 a)
343 3032 406 3061 Sic,·
425 3033 609 3057 scribendum
629 3034 724 3063 fuisse
746 3034 879 3058 videtur:
901 3033 992 3059 nulla.

294 3136 306 3157 ¹
332 3136 503 3170 Adituum
531 3138 703 3172 custodiis
731 3139 959 3173 munitorum.

293 3187 306 3208 ⁹
332 3188 570 3224 Exactoribus
598 3191 811 3225 tributorum
840 3195 875 3225 et
902 3191 1148 3235 vectigalium.
1273 3193 1284 3212 ³
1311 3192 1363 3226 De
1390 3192 1446 3227 his
1474 3204 1507 3227 ν.
1527 3204 1635 3238 supra
1661 3204 1694 3238 p.
1716 3193 1782 3228 106
1813 3193 1890 3228 110.
