2062 3443
910 705 991 747 VII

144 790 516 847 EPISTULAE
553 790 600 846 A
638 790 919 927 CANIIS5I?2
938 790 1152 927 14]Τὸἒῦ
1191 791 1510 848 CANISIUM
1547 792 1771 848 DATAE

77 1045 228 1084 1769.
310 1046 526 1082 CANISIUS
551 1047 724 1081 cardinali
744 1046 1006 1083 OTTONI
1028 1046 1427 1084 TRUCHSESS
1456 1049 1622 1095 episcopo
1640 1054 1843 1094 augustano

263 1103 298 1135 et
325 1100 564 1145 praenestino,
592 1100 730 1145 imperii
758 1101 921 1145 principi,
949 1101 1084 1135 Romae
1111 1102 1266 1145 degenti.

967 1154 1168 1200 Oeniponte
1195 1148 1343 1189 ineunte'
1369 1155 1425 1198 (ut
1452 1156 1609 1200 videtur)
1638 1169 1667 1191 a.
1694 1158 1794 1191 1572.

194 1231 247 1264 Ex
267 1230 485 1275 apographo,
505 1242 596 1264 anno
617 1230 708 1265 1896
728 1242 748 1265 a
765 1230 807 1265 D.
824 1231 1013 1265 Vincentio
1032 1232 1188 1266 Nardoni
1209 1233 1390 1277 exscripto
1409 1245 1453 1267 ex
1472 1233 1678 1278 apographo
1697 1234 1843 1278 antiquo

79 1284 217 1326 (eodem
244 1284 304 1317 illo
330 1286 491 1328 tempore
517 1284 681 1329 scripto),
710 1285 802 1328 quod
831 1287 952 1319 exstat
979 1285 1113 1319 Romae
1140 1285 1174 1319 in
1202 1285 1417 1320 bibliotheca
1444 1287 1623 1326 vaticana,
1658 1287 1741 1321 Cod.
1770 1290 1843 1322 vat.

76 1336 167 1371 6207
194 1337 218 1371 f.
238 1336 318 1372 208.

194 1434 384 1471 Praefatio
411 1434 577 1471 editoris.
629 1437 887 1482 Apographum
914 1438 1101 1482 antiquum
1138 1439 1190 1473 sic
1216 1439 1286 1472 iam
1313 1438 1397 1473 olim
1423 1439 1635 1484 inscriptum
1663 1442 1737 1474 est:
1769 1439 1842 1481 „Ex

77 1490 207 1524 litteris
226 1490 325 1524 Petri
345 1490 512 1534 Canisij.“
553 1490 651 1532 Quae
677 1494 775 1525 recte
794 1492 863 1526 dici
883 1491 989 1525 facile
1017 1504 1062 1526 ex
1080 1492 1156 1536 ipso
1174 1492 1381 1537 apographo
1400 1493 1638 1536 cognoscitur.
1676 1492 1842 1528 Ceterum

76 1542 132 1577 his
158 1543 289 1577 litteris
316 1543 374 1577 vel
400 1544 519 1588 potius
546 1543 749 1578 litterarum
776 1544 938 1589 partibus
964 1557 1030 1579 nec
1056 1548 1198 1590 tempus
1224 1557 1289 1580 nec
1315 1546 1415 1580 locus
1442 1559 1507 1581 nec
1533 1558 1661 1581 nomen
1685 1546 1771 1588 eius,
1799 1547 1843 1580 ad

77 1608 180 1641 quem
207 1600 292 1631 sunt
318 1597 435 1638 datae,
462 1598 620 1641 ascripta
640 1601 735 1633 sunt.
782 1597 898 1638 Quare
924 1598 1013 1632 haec
1040 1599 1157 1633 omnia
1184 1611 1228 1633 ex
1252 1600 1340 1644 ipsis
1368 1600 1483 1639 rebus,
1511 1611 1602 1644 quae
1629 1600 1844 1641 scribuntur,

76 1650 195 1694 colligi
233 1653 382 1695 oportet.
435 1650 609 1686 Scribitur
645 1653 764 1685 autem
800 1652 953 1696 primum
982 1652 1024 1686 de
1055 1652 1269 1698 „Onophrij“
1299 1653 1377 1687 sive
1410 1653 1448 1687 P.
1476 1653 1651 1698 Onuphrii
1678 1654 1843 1687 Panvinii

78 1703 345 1748 (1530—1568)
380 1707 522 1746 „contra
550 1704 836 1739 Centuriatores“
868 1717 973 1751 opere
1001 1706 1059 1740 diu
1090 1706 1352 1748 „desiderato“;
1382 1707 1611 1741 doctissimus
1638 1711 1758 1741 autem
1786 1707 1845 1742 ille

75 1757 208 1792 ordinis
236 1757 475 1792 Eremitarum
504 1758 625 1792 Sancti
652 1759 846 1801 Augustini
873 1759 1007 1794 sodalis
1033 1771 1064 1793 a.
1088 1761 1176 1794 1567
1204 1772 1284 1794 cum
1312 1760 1484 1794 cardinali
1510 1760 1710 1795 Truchsess
1737 1772 1844 1804 agere

76 1814 241 1856 coeperat
277 1811 319 1845 de
354 1812 469 1846 tribus
506 1812 749 1846 voluminibus
779 1812 981 1855 „Historiae
1007 1813 1306 1848 Ecclesiasticae“
1336 1815 1372 1847 in
1408 1814 1524 1848 lucem
1560 1814 1717 1855 edendis,
1753 1826 1844 1858 quae

75 1867 269 1910 paraverat
303 1865 478 1900 adversus
509 1865 823 1908 „Ecclesiasticam
860 1867 1077 1901 Historiam“
1108 1869 1304 1902 secundum
1340 1868 1505 1912 singulas
1540 1868 1730 1903 Centurias
1766 1880 1844 1902 con-

75 1918 259 1963 scriptam,
286 1930 392 1963 quam
420 1919 595 1953 Matthias
620 1919 763 1953 Flacius
791 1920 957 1965 Illyricus
983 1921 1115 1965 aliique
1142 1921 1299 1964 theologi
1325 1921 1506 1956 lutherani
1530 1933 1561 1955 a.
1583 1922 1673 1956 1559
1699 1922 1844 1965 Magde-

74 1971 178 2015 burgi
198 1972 349 2016 vulgare
376 1975 569 2017 coeperant
589 1972 639 2016 (v.
664 1974 802 2007 Canisic‘
828 1974 1012 2019 Epistulas
1031 1975 1082 2009 111
1100 1975 1164 2013 292
1193 1975 1226 2009 V
1245 1975 1463 2019 522-523).
1502 1975 1639 2009 Deinde
1662 1988 1681 2009 a
1702 1975 1844 2010 Canisio

79 2025 213 2070 „prima
238 2027 341 2070 pars“
365 2029 666 2060 commemoratur
688 2026 980 2069 „Authoritatum
1005 2028 1136 2062 Sacrae
1155 2028 1362 2074 Scripturae
1389 2032 1425 2062 et
1451 2029 1663 2063 Sanctorum
1683 2029 1843 2068 Patrum,

75 2089 166 2123 quae
202 2079 237 2112 in
273 2078 419 2113 Summa
455 2080 638 2114 doctrinae
674 2080 903 2115 Christianae
939 2081 1104 2116 Doctoris
1132 2083 1230 2116 Petri
1258 2084 1399 2116 Cam‘se‘e·
1426 2109 1462 2117 ..
1482 2110 1489 2116 .
1518 2083 1717 2123 citantur⁴‘;
1753 2094 1844 2126 quae

75 2143 158 2177 pars
184 2144 205 2167 a
231 2132 270 2166 P.
290 2134 394 2167 Petro
421 2134 559 2167 Busaeo
587 2133 621 2168 S.
643 2134 675 2168 J.
703 2134 857 2179 primum
895 2136 930 2168 in
965 2135 1081 2169 lucem
1117 2136 1250 2170 emissa
1285 2138 1340 2170 est
1367 2136 1535 2170 Coloniae
1570 2148 1615 2170 m.
1644 2135 1844 2180 Septembri

76 2196 105 2220 a.
128 2186 217 2220 1569
246 2186 352 2228 (Can.
374 2186 462 2231 Epp.
481 2187 532 2221 VI
553 2187 769 2231 685-687).
805 2188 887 2233 Ipse
906 2200 992 2223 vero
1011 2189 1187 2231 Canisius,
1214 2201 1295 2223 cum
1320 2189 1414 2223 hanc
1441 2188 1633 2234 epistulam
1660 2189 1843 2231 scriberet,

79 2250 160 2284 ,pro
195 2239 341 2284 deipara
375 2240 562 2284 pugnabat
597 2244 722 2275 contra
757 2243 990 2283 novatores“;
1028 2243 1147 2277 iussus
1183 2243 1276 2276 enim
1303 2254 1324 2276 a
1350 2243 1384 2277 S.
1414 2243 1477 2276 Pio
1504 2243 1547 2277 V.
1576 2243 1844 2277 Centuriatores

75 2292 403 2336 magdeburgenses
440 2294 609 2335 refutare,
641 2296 722 2339 post
756 2295 887 2329 librum
914 2296 956 2330 de
984 2295 1018 2330 S.
1039 2296 1169 2330 Ioanne
1195 2297 1361 2341 Baptista
1397 2298 1569 2330 autumno
1596 2296 1679 2330 anni
1710 2296 1794 2331 1571
1825 2308 1845 2331 a

75 2356 113 2380 se
139 2346 273 2380 editum
303 2346 408 2388 (Can.
428 2346 477 2380 VI
505 2347 590 2391 712)
626 2347 757 2382 librum
793 2349 1028 2393 componebat
1054 2350 1097 2384 de
1124 2351 1237 2384 Beata
1262 2350 1378 2384 Maria
1405 2349 1554 2393 Virgine
1593 2349 1669 2393 (qui
1696 2362 1726 2384 a.
1754 2350 1842 2384 1577

75 2399 226 2443 primum
252 2399 288 2433 in
314 2399 431 2434 lucem
466 2401 635 2445 prodiit);
674 2402 729 2436 cui
766 2401 894 2436 librum
924 2403 966 2437 de
994 2403 1101 2437 Petro
1128 2403 1301 2448 Apostolo
1335 2403 1466 2437 addere
1493 2403 1637 2437 volebat
1666 2402 1773 2446 (Can,
1795 2404 1843 2438 VI

75 2452 263 2488 487——494
289 2454 476 2489 699—703
504 2456 602 2497 etc.).
650 2456 754 2489 Hanc
780 2455 891 2499 igitur
917 2456 953 2490 in
979 2468 1053 2491 rem
1082 2457 1247 2491 Canisius
1274 2457 1330 2491 his
1356 2457 1490 2491 litteris
1516 2469 1580 2501 per
1606 2457 1759 2491 amicum
1786 2457 1844 2491 vel

75 2504 250 2540 fautorem
273 2507 522 2551 „antiquitatis
549 2508 774 2543 testimonia*
801 2510 891 2555 petit
918 2522 938 2544 a
965 2510 1138 2544 cardinali
1161 2510 1353 2545 Guilielmo
1380 2510 1522 2550 Sirleto,
1549 2521 1702 2552 magnae
1730 2511 1844 2544 erudi-

76 2557 181 2593 tionis
205 2560 294 2601 viro,
331 2559 466 2594 Romae
499 2561 653 2605 degente
687 2561 747 2605 (de
774 2575 843 2608 quo
870 2575 904 2597 v.
936 2564 1022 2597 Can.
1050 2563 1100 2597 III
1131 2564 1221 2597 134¹
1249 2565 1315 2598 241
1344 2563 1448 2607 402);
1485 2575 1550 2597 1100
1587 2575 1673 2597 sane
1710 2564 1845 2598 frustra

76 2610 163 2646 haec
188 2614 297 2657 petit;
326 2625 410 2648 nam
437 2614 593 2659 epistula
621 2614 822 2661 Oeniponte
841 2617 897 2651 23.
916 2617 1002 2651 Maii
1025 2617 1114 2651 1572
1141 2618 1226 2651 data
1253 2617 1361 2661 (quae
1382 2617 1476 2651 infra
1495 2629 1559 2651 suo
1578 2617 1655 2651 loco
1676 2620 1843 2661 ponetur>

80 2665 175 2708 ,agit
200 2666 338 2710 gratias
366 2667 408 2701 de
434 2667 626 2713 multiplici
653 2671 820 2704 munere⁴⁴
851 2672 1067 2715 scriptorum
1095 2670 1278 2712 eiusmodi,
1305 2682 1326 2704 a
1352 2669 1483 2704 Sirleto
1511 2670 1578 2705 sibi
1604 2671 1726 2705 misso.
1769 2671 1845 2705 Has

77 2728 160 2761 ergo
186 2718 327 2754 litteras
355 2720 521 2755 Canisius
556 2721 650 2756 inter
675 2734 721 2758 m.
750 2723 996 2768 Septembrem
1024 2735 1055 2758 a.
1076 2723 1167 2758 1569
1194 2726 1229 2758 et
1255 2735 1302 2758 m.
1320 2724 1482 2768 Aprilem
1509 2735 1540 2758 a.
1561 2724 1652 2758 1572
1678 2724 1843 2769 scripsit:

78 2773 113 2805 et
137 2772 223 2806 mihi
249 2773 391 2817 quidem
418 2775 576 2808 maxime
602 2776 784 2820 probatur,
821 2788 902 2811 eum
929 2777 1026 2811 circa
1052 2777 1191 2811 initium
1220 2788 1251 2811 a.
1274 2777 1375 2819 1572,
1401 2789 1470 2812 non
1498 2777 1607 2822 prius,
1635 2778 1844 2823 scripsisse;

78 2822 228 2860 Sirletus
254 2827 358 2868 enim,
394 2827 463 2861 iam
491 2831 598 2862 antea
628 2841 750 2871 „suam
778 2842 922 2875 operam
959 2831 1160 2875 pollicitus“
1192 2834 1228 2864 et
1253 2830 1310 2864 his
1336 2830 1468 2865 litteris
1494 2831 1539 2865 ad
1566 2831 1715 2865 eandem
1745 2843 1844 2876 prae-

77 2878 239 2913 standam
266 2879 498 2915 vehementer
525 2882 716 2922 excitatus,
751 2882 886 2917 Canisii
913 2884 1088 2918 desiderio
1114 2883 1192 2918 sine
1217 2895 1317 2918 mora
1342 2885 1557 2918 satisfacere
1584 2884 1754 2926 debebat;
1788 2898 1843 2919 ac·

78 2930 170 2965 cedit
202 2931 290 2967 haec
325 2934 437 2969 ratio:
474 2933 665 2970 Centuriae
692 2936 735 2970 X.
764 2940 799 2971 et
826 2937 886 2971 XI.
913 2949 945 2971 a.
975 2938 1081 2979 1567,
1119 2937 1197 2971 XII.
1227 2937 1336 2979 1569,
1373 2937 1461 2972 XIII
1491 2938 1581 2972 1574
1616 2939 1733 2972 editae
1760 2942 1844 2973 sunt

81 2983 184 3023 (Can.
210 2985 261 3019 III
287 2986 369 3028 29);
408 2987 573 3022 Canisius
600 2991 720 3023 autem
752 2990 888 3031 scribit,
929 2991 1070 3033 „mirari
1096 2991 1169 3030 se“,
1205 2991 1299 3035 quod
1330 2991 1439 3033 „nihil
1466 2991 1620 3036 amplius
1648 2992 1794 3025 edatur“
1825 3003 1845 3026 a

79 3035 404 3081 Centuriatoribus;
434 3052 525 3085 quae
550 3042 739 3077 admiratio
762 3043 868 3088 longe
893 3044 1010 3087 magis
1034 3056 1126 3078 anno
1147 3045 1237 3079 1572
1265 3056 1371 3089 quam
1393 3045 1483 3080 1570
1502 3048 1537 3079 01
1557 3045 1645 3079 1571
1667 3045 1843 3088 congruit.

78 3088 181 3176 11111110
207 3103 238 3126 a.
259 3092 349 3127 1572
372 3093 553 3129 Canisium
582 3095 781 3141 Oeniponte
807 3096 993 3132 habitasse
1019 3097 1125 3132 facile
1152 3100 1252 3142 patet
1278 3109 1323 3132 ex
1350 3098 1516 3143 epistulis
1542 3100 1578 3133 et
1604 3099 1844 3134 monumentis

104 3143 182 3178 111118
208 3145 409 3182 voluminis.

147 3206 458 3244 Braunsberger,
479 3212 590 3238 Canisii
611 3213 768 3247 Epistulae
788 3214 819 3240 et
837 3214 922 3241 Acta.
952 3214 1014 3240 VII.
1540 3212 1554 3245 1
