2051 3433
200 139 285 180 218
465 134 567 169 1888.
595 133 761 168 Canisius
788 133 827 168 P.
846 133 968 167 Ioanni
996 131 1137 166 Rethio.
1181 130 1381 176 Oeniponte
1407 130 1463 165 24.
1483 129 1575 164 Iunii
1604 130 1705 166 1574.

198 254 439 296 subleuent.
508 252 690 305 Scripsit
732 252 787 294 ad
829 266 897 294 me
939 252 995 294 M.
1041 250 1327 293 Harleniusal
1359 263 1471 291 nunc
1513 263 1689 304 operam
1730 249 1773 290 in
1816 248 1967 302 Belgio

199 319 306 368 dari,
341 322 388 362 ut
420 318 642 373 ploerique
665 318 822 360 Patres
854 330 1036 372 syncere
1069 315 1198 367 uersi,
1244 318 1321 357 aut
1352 315 1485 369 probe
1518 314 1723 368 castigati
1753 314 1967 371 inlucem

200 385 413 439 prodeant
425 386 452 428 2.
487 384 536 426 Id
559 398 639 437 ego
662 397 768 425 sane
790 383 980 425 maxime
1002 380 1233 434 probarim.
1275 380 1437 433 Pergat
1459 379 1631 422 interim
1655 379 1852 422 Charitas
1875 379 1969 421 Tua

199 464 369 492 sacrum
393 464 547 492 saxum
570 449 760 499 uoluere,
797 452 841 491 et
864 447 1169 491 adhortatione
1191 460 1270 487 sua
1292 445 1463 487 illorum
1485 458 1740 499 promouere
1762 444 1968 493 laborem,

199 515 272 569 qui
315 516 503 558 Graecos
546 515 701 556 Patres
747 516 983 565 coeperunt
1022 511 1177 554 Latine
1221 511 1434 553 uerteress.
1485 510 1710 552 Coeterum
1757 513 1805 553 ut
1849 512 1970 552 certa

199 580 406 635 pecuniae
429 594 598 622 summa
619 579 716 621 huic
743 581 820 621 aut
850 579 912 620 illi
945 578 1188 620 destinetur
1218 576 1459 630 interpreti,
1495 590 1590 617 cum
1613 578 1704 618 tam
1729 574 1851 618 multi
1873 588 1970 617 sese

199 647 398 697 offerant,
433 645 607 687 difficile
639 644 773 686 fuerit
804 643 1084 697 Magnatibus
1116 641 1390 696 persuadere.

318 718 409 759 Deo
450 716 666 769 inprimis,
714 730 765 758 ac
810 715 962 757 deinde
1009 713 1167 757 Christi
1200 712 1404 755 Vicario4
1446 712 1629 755 multum
1672 712 1876 754 debemus
1917 710 1971 753 ob

198 785 391 825 erectum
425 782 589 824 Romae
623 781 859 834 Collegium
895 779 1212 829 Germanicum,
1255 778 1369 831 quod
1401 778 1540 831 magis
1580 792 1631 820 ac
1663 777 1803 831 magis
1834 775 1971 819 indies

199 847 449 897 efflorescit,
485 848 566 890 etsi
599 861 684 889 non
718 860 866 888 omnes
899 846 986 888 illic
1018 845 1254 887 incolumes
1287 843 1451 886 uiuant.
1498 843 1732 886 Confirmet
1764 841 1972 884 Dominus

200 914 243 956 in
276 913 525 966 Apostolico
568 926 744 954 munere
776 913 829 955 D.
864 910 1175 964 Gropperum5‚
1221 909 1340 951 cuius
1382 923 1558 963 operam
1601 908 1715 963 apud
1752 922 1830 950 uos
1868 907 1972 949 uici-

199 993 363 1032 nosque
406 980 575 1020 uestros
617 977 892 1020 utilissimam
935 991 1030 1018 esse
1071 989 1157 1017 non
1191 974 1352 1017 dubito.
1402 974 1561 1028 Scripsi
1596 974 1790 1024 Romam,
1836 975 1884 1015 ut
1916 987 1972 1014 ex

199 1045 281 1086 hoc
314 1044 538 1097 praeclaro
573 1057 702 1085 cursu
733 1043 806 1084 ille
839 1057 923 1084 non
957 1042 1085 1084 facile
1117 1043 1347 1082 reuocetur
1361 1041 1390 1091 6,
1424 1039 1497 1093 qui
1528 1039 1694 1082 utinam
1717 1037 1971 1081 Coloniense

199 1109 504 1164 gymnasium
537 1112 582 1152 et
614 1108 851 1162 Collegium
882 1109 1077 1150 uestrum
1110 1106 1286 1160 egregie
1319 1104 1556 1157 prouehere
1589 1104 1739 1159 possit.
1786 1104 1833 1147 P.
1868 1103 1970 1146 Bal·

201 1174 383 1217 duinus8
416 1175 468 1216 de
500 1177 620 1218 statu
643 1173 780 1229 Belgij
816 1174 871 1215 ad
903 1187 982 1215 nos
1015 1172 1144 1222 misit,
1179 1171 1231 1213 ob
1266 1184 1376 1224 quae
1407 1171 1566 1223 partim
1590 1170 1863 1224 gratulamur
1884 1168 1970 1210 illis

200 1240 440 1295 Prouincijs
480 1243 580 1294 post
620 1239 795 1282 caedem
838 1238 1057 1281 hostium9
1101 1241 1319 1290 utcunque
1351 1235 1681 1290 respirantibus,
1725 1238 1769 1277 et
1801 1233 1972 1276 diuinae

200 1305 562 1348 uisitationis
584 1308 787 1357 tempus
810 1302 1316 1357 agnoscentibusw,
1340 1301 1497 1356 partim
1518 1301 1679 1342 eisdem
1698 1300 1974 1342 condolemus

201 1371 492 1413 miserandum
526 1371 568 1412 in
603 1371 777 1412 modum
810 1369 999 1420 afflictis,
1034 1383 1163 1422 quam
1191 1367 1262 1409 diu
1295 1367 1436 1409 uicina
1467 1366 1542 1408 illa
1574 1365 1804 1419 sacrilegia
1835 1364 1974 1406 horri-

200 1436 345 1479 biliter
377 1437 695 1480 exercenturll.
747 1436 866 1477 Bene
898 1435 1041 1486 habet,
1077 1433 1189 1487 quod
1213 1432 1351 1475 nostri
1374 1432 1594 1474 fauentem
1629 1431 1971 1473 Gubernatorem

200 1501 547 1554 experiunturw.
593 1501 804 1543 Audimus
837 1500 1091 1543 Chronicum
1125 1499 1322 1541 ultimum
1356 1498 1402 1540 P.
1428 1497 1539 1552 Surij
1574 1511 1656 1538 non
1691 1497 1744 1538 ab
1778 1495 1974 1538 omnibus

201 1567 375 1620 probari
394 1568 437 1618 ¹3,
473 1569 517 1610 et
546 1570 799 1620 optaremus
821 1565 1033 1608 maturius
1056 1565 1268 1619 quaedam
1293 1564 1347 1606 ab
1371 1563 1463 1616 ipso
1497 1561 1721 1611 conscribi,
1756 1561 1856 1615 quia
1888 1574 1973 1602 non

201 1646 330 1686 quam
349 1633 545 1682 multum,
572 1633 647 1674 sed
666 1646 793 1685 quam
813 1632 921 1673 bene
944 1631 1169 1683 scripseris
1186 1629 1417 1671 uidendum
1436 1631 1515 1672 est.
1549 1628 1767 1670 Debemus
1784 1626 1972 1676 Calenio,

321 1731 349 1762 a)
371 1731 418 1756 Sic
440 1731 554 1755 “cozisii
575 1730 743 1761 Iib1·ar1'us;
764 1730 811 1754 cui
830 1729 1014 1754 scribendam
1033 1729 1127 1760 fuisse
1148 1728 1265 1753 ridetur
1284 1726 1475 1757 Harlemius;
1494 1726 1560 1751 vide
1580 1726 1674 1757 infra,
1693 1725 1790 1750 adnot.
1812 1726 1835 1749 1.

324 1860 334 1881 ¹
361 1860 517 1894 Litteras
537 1859 574 1894 P.
596 1859 737 1894 Ioannis
755 1857 941 1892 Wilhelmi
961 1856 1134 1892 Harlemii
1153 1856 1187 1891 S.
1214 1857 1246 1891 J.
1273 1856 1470 1900 significari
1496 1855 1680 1896 existim0;
1707 1854 1750 1889 de
1776 1865 1845 1898 quo
1864 1863 1973 1897 supra

202 1926 235 1959 p.
256 1914 299 1948 19
326 1913 371 1948 30
399 1914 477 1948 111.

321 1968 334 1988 ²
361 1968 463 2001 Anno
493 1966 581 2001 1575
608 1966 759 2000 Parisiis
786 1977 872 2000 cura
892 1965 937 2000 M.
960 1963 1054 1998 dela
1073 1964 1187 2007 Bigne
1214 1963 1370 1997 doctoris
1396 1962 1599 1997 sorbonnici
1626 1963 1661 1996 et
1688 1959 1851 1995 canonici
1877 1959 1972 1993 baio-

200 2021 320 2056 censis
347 2021 529 2066 (Bayeux)
567 2020 740 2064 probante
774 2019 948 2053 facultate
982 2018 1046 2052 illa
1080 2017 1284 2060 theologica
1320 2016 1340 2050 8
1368 2015 1612 2050 voluminibus
1647 2014 1794 2059 (quibus
1820 2024 1852 2047 a.
1883 2012 1973 2046 1579

206 2075 426 2120 „appendix'⁴
449 2074 619 2116 accessit)
647 2073 744 2107 edita
770 2076 826 2106 est
851 2072 1002 2117 piima„
1012 2071 1235 2106 Bibliotheca
1253 2069 1314 2105 SS.
1334 2070 1502 2104 Patrum“
1516 2082 1523 2111 ;
1550 2070 1586 2103 in
1613 2080 1683 2113 qua
1709 2068 1846 2112 scripta
1863 2065 1971 2101 Grae-

200 2139 323 2163 corum
349 2140 418 2162 non
446 2130 593 2162 exstant
621 2128 690 2160 nisi
718 2126 830 2160 latina
856 2137 974 2160 versa.

322 2182 335 2201 3
361 2182 497 2215 Horum
523 2180 667 2215 nomina
685 2180 767 2214 vide
786 2191 895 2224 supra
922 2191 956 2224 p.
981 2178 1177 2213 198-199.
1277 2178 1289 2197 4
1317 2176 1491 2221 Gregorio
1509 2176 1623 2216 X111.;
1651 2176 1696 2210 cf.
1716 2186 1825 2220 supra
1844 2186 1876 2218 p.
1894 2172 1972 2208 143.

322 2236 334 2255 ⁵
361 2235 561 2280 Gasparum
590 2234 825 2279 Gropperum,
851 2233 1017 2267 nuntium
1044 2231 1299 2277 apostolicum3
1328 2243 1361 2266 v.
1382 2242 1492 2276 supra
1518 2242 1551 2275 p.
1574 2230 1651 2264 132.

322 2290 335 2310 ⁶
360 2289 451 2323 Vide
477 2300 587 2333 supra
612 2300 645 2332 p.
667 2288 746 2322 213.
896 2287 907 2307 ⁷
934 2286 1220 2321 Universitatem
1248 2285 1344 2319 dicit.

322 2343 335 2363 ⁸
362 2342 560 2376 Balduinus
587 2342 631 2376 ab
659 2340 798 2384 Angelo
833 2340 1062 2385 praepositus
1097 2339 1303 2384 provinciae
1330 2337 1522 2372 Societatis
1551 2336 1745 2371 fiandricae
1779 2335 1858 2369 sive
1887 2333 1972 2369 Ger·

201 2396 344 2431 maniae
370 2396 563 2430 inferioris.

322 2451 335 2470 ⁹
360 2450 485 2483 Mense
512 2448 626 2494 Aprili
661 2459 692 2483 a.
719 2447 811 2482 1574
846 2447 1049 2482 Ludovicus
1084 2445 1340 2480 Nassoviensis
1367 2444 1581 2479 Geusiorum
1617 2442 1689 2476 dux
1726 2442 1770 2476 ab
1802 2440 1973 2486 Hispanis

203 2514 311 2548 prope
336 2504 456 2537 vicum
484 2502 590 2536 Mook
617 2502 659 2536 ad
688 2501 825 2536 Mosam
852 2501 962 2535 situm
989 2501 1109 2534 victus
1136 2502 1201 2534 est.

310 2556 335 2576 ¹⁰
362 2556 411 2590 Lc
440 2557 494 2596 19,
521 2556 586 2595 44;
615 2556 660 2589 cf.
688 2555 745 2589 Ier
769 2555 825 2596 46
854 2555 917 2594 21;
945 2555 1002 2595 49,
1028 2554 1069 2594 8;
1098 2553 1154 2593 50,
1183 2553 1238 2588 31.

310 2610 334 2630 ¹¹
363 2609 461 2643 Haec
497 2609 652 2643 maxime
684 2609 719 2642 in
746 2608 947 2650 Hollandia‚
984 2607 1162 2647 Zelandia,
1197 2605 1327 2640 finibus
1361 2603 1678 2639 ultraiectensibus
1704 2613 1725 2636 a
1752 2601 1974 2636 Calvinianis

203 2662 347 2703 fiebant,
375 2674 464 2707 quos
491 2662 705 2697 Guilielmus
732 2662 898 2706 princeps
924 2661 1093 2695 auriacus
1118 2659 1266 2694 fovebat
1292 2660 1328 2693 ct
1354 2658 1513 2702 1egebat.

310 2716 337 2737 ¹²
363 2716 583 2750 Ludovicum
610 2716 653 2750 de
680 2716 889 2760 Requesens
914 2727 939 2760 y
966 2715 1115 2762 Cuniga,
1151 2725 1172 2748 a
1207 2712 1372 2758 Philippo
1398 2712 1443 2746 ΙΙ.
1470 2723 1500 2745 a.
1523 2710 1612 2745 1573
1648 2710 1684 2743 in
1720 2709 1837 2743 locum
1873 2707 1974 2743 ducis

209 2769 338 2804 Albani
365 2770 614 2804 substitutum.

312 2823 338 2843 ¹⁸
364 2823 440 2857 Hoc
466 2834 565 2867 opus,
601 2834 682 2856 cum
709 2822 862 2867 primum
888 2833 960 2856 una
986 2833 1067 2856 cum
1094 2820 1269 2855 Chronico
1295 2818 1473 2857 Naucleri.
1510 2818 1636 2852 deinde
1662 2815 1812 2851 seorsim
1839 2815 1972 2859 aliquo-

202 2876 307 2918 tiens,
334 2878 375 2910 ut
402 2876 549 2910 Lovanii
570 2876 660 2910 1566
677 2876 741 2919 (2³),
770 2876 937 2910 Coloniae
960 2875 1059 2916 1568,
1087 2875 1121 2908 in
1147 2874 1264 2908 lucem
1291 2873 1479 2918 prodisset,
1507 2872 1634 2906 iterum
1664 2869 1829 2905 Coloniae
1860 2868 1972 2913 „apud

204 2929 400 2964 Geruinum
420 2929 606 2964 Calenium
633 2932 669 2963 et
695 2929 868 2963 haeredes
886 2929 1029 2963 loannis
1048 2927 1248 2972 Quentelij⁴‘
1271 2939 1301 2961 a.
1324 2927 1414 2961 1574
1440 2925 1629 2969 vulgatum
1648 2925 1704 2958 est
1723 2926 1760 2957 et
1776 2922 1811 2956 id
1830 2922 1973 2967 quidem

203 2983 257 3017 sic
283 2983 516 3027 inscriptum:
548 2982 856 3024 „Commentarius
882 2982 1002 3017 brevis
1028 2993 1146 3016 rerum
1165 2982 1201 3014 in
1220 2981 1304 3014 orbe
1325 2982 1522 3024 gestarum,
1548 2978 1592 3012 ab
1611 2989 1703 3012 anno
1721 2975 1850 3011 salutis
1867 2975 1915 3009 M.
1930 2974 1972 3009 D.

204 3047 319 3080 vsque
350 3037 384 3070 in
420 3047 554 3070 annum
584 3036 632 3069 M.
657 3035 698 3070 D.
724 3035 900 3070 LXXIllI.
937 3047 983 3069 ex
1018 3034 1164 3080 optimis
1194 3034 1395 3078 quibusque
1430 3031 1670 3076 Scriptoribus
1706 3032 1910 3074 congestus,
1938 3031 1974 3063 et

205 3101 299 3123 nunc
325 3100 450 3124 recens
477 3101 546 3123 non
573 3100 699 3133 parum
727 3091 855 3123 auctus
882 3091 918 3123 et
944 3088 1196 3133 locupletatus,
1228 3098 1292 3132 per
1319 3086 1615 3121 F.·L‹1urencsmn
1643 3085 1793 3119 Surium
1821 3081 1972 3117 Carthu-

204 3143 378 3177 suanum.u
