2062 3443
328 161 430 199 1995.
458 161 664 195 Everardus
690 160 938 194 Mei-curiarius
966 158 1119 193 Canisio.
1164 158 1276 192 Roma
1303 158 1359 193 28.
1378 158 1462 192 Dec.
1492 158 1593 192 1577.
1756 160 1839 201 427

71 281 290 313 mercatores
325 280 388 312 aut
422 278 543 321 aliqua
579 277 649 311 alia
683 277 830 310 ratione.
883 276 928 309 Jn
965 287 1033 319 quo
1070 277 1190 308 tamen
1218 286 1260 307 ea
1286 275 1528 308 moderatione
1564 274 1631 308 erit
1659 274 1841 308 vtendum.

74 335 112 366 vt
138 335 173 366 et
200 331 340 376 inopiae
369 331 546 376 Pontificij
575 330 702 374 aerarij
731 330 821 363 ratio
840 329 963 363 habita
983 328 1158 366 videatur,
1186 339 1300 371 neque
1328 328 1430 361 bonis
1457 328 1536 361 istis
1555 327 1844 360 adolescentibus

70 385 276 420 necessaria
303 385 419 419 desint
455 387 518 418 aut
544 384 652 418 etiam
689 384 830 417 occasio
858 383 931 416 vlla
958 381 1174 426 praebeatur
1200 387 1407 425 susceptum
1446 382 1512 414 iter
1548 381 1665 413 minus
1692 379 1844 413 libenter

70 441 133 473 aut
159 439 229 473 cito
256 438 528 483 prosequendi&
580 437 679 478 Quod
707 439 827 470 autem
855 437 1113 470 lum-curianus
1138 434 1187 468 ait
1213 446 1251 467 se
1279 435 1320 467 de
1349 435 1386 467 Ρ.
1409 434 1571 473 Elderen,
1608 432 1843 472 F1·.Halensi,

70 492 127 527 Fr.
147 492 306 526 Masseto
333 503 353 525 a
381 491 524 525 Canisio
551 490 810 524 commendatis
841 491 888 531 (v.
909 500 1017 533 supra
1044 500 1076 532 p.
1110 488 1207 531 418),
1245 487 1392 521 lloffaeo
1429 486 1638 531 provinciali
1668 486 1844 519 scribere:

70 545 244 590 *scripsit
269 544 329 579 ille.
361 545 472 578 Roma
502 545 556 578 14.
581 543 796 577 Novembris
828 544 935 576 1577:
968 542 1026 584 „11
1048 541 1178 574 Petrus
1211 541 1376 574 Canisius
1410 540 1536 574 scribit
1569 539 1607 573 Ρ.
1627 539 1843 573 Gulielmium

70 598 226 632 Elderen
253 601 289 632 et
308 597 604 642 Christophorum
627 597 819 630 Halensem
847 598 1043 640 emptorem
1072 594 1216 628 idoneos
1237 594 1349 627 videri
1369 593 1428 637 qui
1457 593 1599 627 formati
1619 593 1844 626 coadiutores

70 652 159 685 fiant
185 651 242 685 hic
268 651 478 695 temporalis
505 650 564 684 ille
591 650 791 694 spiritualis
818 652 853 683 et
873 649 920 682 M.
941 648 1141 682 &erardum
1169 647 1336 691 possead
1364 646 1604 680 sacerdotium
1632 645 1843 690 promoueri.

69 704 168 746 Quod
204 705 234 739 si
261 705 302 738 R.
330 704 370 738 T.
399 704 468 737 erit
502 704 537 737 in
574 704 698 737 eadem
734 703 913 737 sententia
948 700 1186 735 consideratis
1224 700 1269 745 ijs
1306 711 1398 743 quae
1433 699 1656 743 praescripta
1692 698 1845 732 formula

69 758 231 802 requirit,
259 757 378 802 placet
396 759 437 790 vt
456 757 593 801 priores
612 756 663 790 illi
683 756 751 790 duo
778 756 867 789 fiant
886 755 1119 789 Coadiutores
1147 754 1215 787 etsi
1234 754 1325 787 alias
1343 752 1431 786 nihil
1451 753 1519 786 erit
1544 752 1617 786 tale
1641 752 1844 785 faciendum

70 811 137 845 nisi
166 812 264 856 prius
290 811 374 844 data
401 810 503 844 iuxta
531 810 720 844 formulam
750 808 1010 849 informatione,
1038 811 1079 842 vt
1105 811 1225 841 autem
1253 807 1304 841 3¹¹⁵
1321 806 1490 840 sacerdos
1516 806 1580 839 fiat
1607 805 1695 839 nihil
1716 805 1845 839 attinet

67 876 89 898 a
115 865 216 899 nobis
252 876 345 898 nunc
381 863 598 909 peculiarem
636 862 847 897 facultatem
875 862 949 896 dari
977 861 1264 906 quandoquidem
1301 859 1481 903 generalis
1508 870 1615 903 quam
1642 859 1845 893 reuerentia

68 921 93 952 t.
113 917 233 958 habet,
260 918 350 952 satis
368 917 434 951 hoc
453 917 505 950 illi
525 916 702 961 permittit
722 916 783 952 (ex
802 915 1081 950 commentariis.
1114 914 1180 948 Rh.
1200 914 1267 948 lnf.
1291 915 1319 955 l,
1349 914 1379 947 ΙΙ
1399 914 1422 947 f.
1445 913 1504 947 151¹
1525 913 1614 955 16¹7.
1645 913 1844 946 Massetum

67 972 268 1006 sacerdotio
287 972 469 1005 initiatum
489 982 568 1004 esse
588 973 624 1004 et
643 969 940 1014 Christophorum
961 960 1083 1002 Offner
1103 967 1217 1001 Halae
1236 968 1293 1001 26.
1312 966 1480 1001 Octobris
1497 966 1588 1000 1578
1603 970 1686 999 vota
1704 965 1844 999 coadiu-

66 1028 185 1059 torum
220 1025 472 1069 temporalium
509 1025 743 1058 formatorum
780 1023 943 1056 emisisse
971 1024 1113 1056 constat
1140 1033 1185 1055 ex
1212 1020 1425 1063 *Catalogis
1451 1020 1494 1054 ab
1523 1021 1674 1062 Hoffaeo
1699 1018 1845 1063 scriptis

69 1078 171 1120 (Cod.
194 1078 275 1121 „VL
296 1078 360 1112 35⁸⁴
391 1078 415 1112 f.
436 1078 498 1112 ‘272²
524 1078 614 1120 79³).
665 1076 704 1111 P.
734 1076 887 1110 Elderen
924 1078 955 1110 5.
976 1075 1055 1109 Iulii
1086 1075 1175 1109 1537
1203 1074 1373 1118 Dilingae
1409 1074 1452 1107 ad
1489 1073 1701 1107 sollemnem
1736 1073 1845 1106 trium

68 1134 232 1166 votorum
259 1131 519 1177 professionem
546 1131 726 1165 admissus
754 1132 809 1164 est
838 1129 944 1173 (Can.
964 1130 996 1163 lI
1024 1130 1091 1165 607
1108 1130 1148 1172 2).

69 1248 221 1285 1995.
296 1248 719 1285 EVERARDUS
748 1244 1243 1283 NIERCL'RIANI'S
1271 1244 1498 1290 praepositus
1525 1242 1708 1287 generalis
1729 1241 1844 1276 Socie-

257 1304 344 1337 tatis
374 1304 452 1337 lesu
479 1302 680 1338 CANISIO.
1232 1300 1345 1334 Roma
1372 1298 1428 1332 28.
1452 1297 1664 1332 Decembris
1695 1296 1796 1330 1577.

186 1373 242 1408 Ex
280 1373 537 1408 commentario
577 1373 652 1417 (vel
691 1372 899 1418 apographo
935 1372 1048 1407 eiusd.
1084 1371 1232 1415 temp‚);
1273 1372 1307 1404 in
1344 1370 1518 1413 margine,
1556 1369 1678 1403 eadem
1715 1379 1844 1402 manu:

71 1427 311 1472 „Jngolstadij
339 1427 379 1462 Ρ.
398 1428 506 1462 Petro
534 1426 710 1462 Canisio.'‘
758 1426 824 1460 Rh.
853 1426 918 1460 inf.
950 1427 980 1465 1,
1008 1425 1040 1459 ΙΙ
1073 1425 1096 1459 f.
1127 1425 1197 1459 17³.
1249 1423 1416 1470 Epistula
1442 1424 1497 1457 usi
1524 1426 1609 1456 sunt
1636 1423 1844 1464 Sachnecs,

66 1480 153 1515 Can.
180 1481 260 1523 291,
287 1484 324 1516 et
350 1483 477 1525 Boero,
506 1481 591 1516 Can.
619 1481 699 1515 363.

190 1547 357 1581 Cani-‘sius
375 1548 528 1580 scribere
543 1550 690 1590 peryat;
716 1546 899 1587 Pontifici}⁴
913 1546 1075 1578 voluntas
1092 1545 1203 1587 magiis
1217 1544 1476 1587 eoeplorabitztr.
1507 1544 1603 1584 Opus
1617 1542 1842 1575 Marianum.

70 1601 269 1634 Concilium
287 1601 518 1644 Epltesinum.
566 1601 736 1634 canisius
763 1600 933 1643 Dile'ozyae
958 1599 1009 1632 rel
1036 1598 1251 1640 anolstadic'
1277 1597 1460 1630 habitabit.

189 1685 351 1727 Gratae
383 1685 506 1727 nobis
538 1685 660 1727 fuere
693 1686 741 1726 ut
773 1684 918 1726 solent
939 1683 990 1726 R.
1014 1683 1067 1725 V.
1091 1682 1267 1724 litterae
1299 1695 1407 1734 quas
1440 1679 1686 1734 accepimus
1718 1677 1844 1720 datas

68 1752 123 1792 25
149 1750 244 1793 Oct.
269 1750 423 1804 quibus
446 1751 559 1804 quod
583 1749 754 1804 quaerit
777 1763 802 1791 a
825 1749 948 1791 nobis
971 1748 1073 1802 quid
1094 1748 1152 1790 sit
1174 1747 1254 1789 sibi
1277 1746 1493 1800 agendum
1517 1746 1560 1786 in
1582 1747 1807 1799 posterum
1817 1749 1844 1791 ¹³,

68 1816 121 1857 de
163 1829 213 1858 eo
254 1818 407 1858 nostra
449 1819 516 1859 est
556 1815 777 1857 sententia
818 1817 866 1856 ut
904 1814 1116 1867 siquidem
1148 1813 1200 1856 R.
1226 1813 1276 1855 V.
1301 1812 1430 1866 plane
1462 1808 1764 1865 perspectumb
1797 1822 1847 1850 ac

67 1881 344 1935 exploratum
387 1881 542 1924 habetc
573 1881 686 1922 hanc
718 1894 814 1922 esse
846 1879 1002 1921 summi
1034 1877 1285 1921 Pontificis¹
1319 1877 1591 1919 uoluntatem
1626 1877 1675 1917 ut
1707 1873 1847 1916 adhuc

67 1946 188 1988 libris
219 1947 459 1989 scribendis
491 1948 632 1996 uacet,
666 1949 824 2000 pergat
857 1959 985 1999 porro
1018 1943 1205 1987 feliciter
1236 1943 1353 1984 illius
1384 1941 1613 1996 imperium
1647 1954 1698 1982 ac
1730 1939 1848 1981 iussa

66 2012 246 2065 exequi:
281 2011 387 2054 nosd
420 2012 533 2054 enim
566 2026 645 2053 nec
678 2012 878 2053 uolumus
911 2024 991 2052 nec
1014 2024 1117 2051 uero
1150 2022 1379 2063 possumus
1403 2006 1494 2049 eius
1517 2020 1595 2048 nos
1619 2003 1848 2047 autoritati

66 2083 307 2132 opponeree
331 2099 340 2108 ·
364 2091 445 2119 nec
476 2077 602 2119 uideo
636 2077 739 2130 quid
765 2090 791 2118 a
814 2076 936 2118 nobis
959 2076 1002 2117 in
1035 2076 1116 2117 hoc
1140 2073 1431 2116 Reuerentiae
1453 2072 1641 2114 Vestrae
1664 2069 1849 2124 amplius

67 2143 284 2197 praestari
316 2145 465 2197 posset
497 2157 625 2196 quam
659 2145 708 2185 ut
731 2141 927 2184 Pontifici
960 2142 1249 2195 loqueremur,
1289 2138 1411 2181 cuius
1443 2137 1674 2191 explorata
1697 2135 1850 2177 uolun-

66 2209 161 2250 tate
184 2208 344 2251 certius
367 2208 530 2261 aliquid
552 2207 838 2262 responderef
868 2220 1115 2260 possemus:
1150 2205 1263 2258 quod
1286 2203 1409 2245 nobis
1432 2215 1538 2244 sane
1561 2205 1658 2244 erat
1681 2200 1849 2243 animus

68 2272 227 2324 facere,
272 2273 349 2315 sed
395 2288 480 2315 non
513 2275 750 2326 antequam
782 2273 1027 2314 Marianum
1063 2285 1170 2325 opus
1208 2269 1271 2312 illi
1304 2269 1573 2317 offerremus,
1617 2269 1666 2308 ut
1699 2265 1850 2308 eadem

67 2352 202 2393 opera
242 2340 474 2392 utrumque
514 2341 863 2393 praestaremus:
907 2337 983 2379 sed
1025 2336 1165 2379 adhuc
1199 2348 1338 2388 neque
1376 2333 1546 2382 librum,
1590 2345 1729 2384 neque
1762 2331 1850 2373 Do-

71 2404 234 2445 minum
267 2404 556 2458 Episcopumss
588 2403 927 2446 Sebastensem2
959 2402 1146 2444 uidimus
1180 2400 1248 2442 cui
1270 2400 1322 2442 V.
1346 2399 1398 2442 R.
1423 2398 1590 2451 aliquot
1622 2411 1669 2438 se
1703 2409 1851 2438 exem-

67 2468 209 2523 plaria
250 2469 428 2512 scribit¹²
469 2469 640 2511 dedisse
683 2468 933 2511 deferenda.
998 2467 1145 2520 Atque
1187 2466 1296 2507 haec
1339 2464 1512 2517 quidem
1546 2463 1598 2504 de
1633 2460 1852 2504 Pontificis

68 2534 320 2577 uoluntate:
363 2549 464 2577 nam
509 2534 546 2576 si
587 2536 782 2576 nostram
827 2532 1012 2586 quaerit,
1059 2531 1261 2585 quoniam
1304 2530 1454 2571 uideor
1486 2527 1609 2570 mihii
1643 2526 1777 2581 uarijs
1808 2526 1850 2568 in

69 2598 229 2642 litteris
274 2600 324 2642 R.
361 2600 414 2642 V.
450 2599 642 2652 aliquam
686 2598 926 2641 uoluntatis
971 2596 1258 2640 mutationem
1303 2593 1621 2649 perspexissek,
1671 2592 1852 2644 eiusque

0 2701 1 2722 ³
68 2664 259 2707 animum
293 2664 471 2706 uidisse¹
504 2664 630 2706 modo
664 2664 719 2706 ad
752 2663 1026 2705 scribendum
1060 2674 1336 2716 propensum,
1371 2659 1497 2700 modo
1531 2657 1663 2700 etiam
1697 2671 1724 2699 a
1746 2657 1853 2698 scri-

0 2729 19 2788 ᾗ
70 2730 211 2771 bendo
244 2730 606 2772 abhorrentemm:
642 2729 739 2771 ideo
774 2742 975 2783 cuperem
1009 2726 1113 2769 mihi
1145 2740 1171 2768 a
1199 2726 1250 2768 R.
1274 2725 1327 2767 V.
1350 2738 1428 2766 suo
1462 2723 1686 2765 commodo
1719 2722 1854 2775 signi-

189 2829 217 2858 a)
238 2829 378 2859 Sequitur·
398 2828 429 2852 et
449 2835 496 2860 ag,
517 2828 609 2853 oblite.
703 2826 733 2856 b)
756 2827 896 2859 Srquilur
916 2824 1019 2854 habet.
1040 2826 1129 2850 uldin.
1217 2829 1242 2854 e)
1265 2825 1325 2849 Hoc
1346 2831 1369 2848 v.
1390 2831 1483 2854 supra
1508 2830 1620 2847 versum
1642 2822 1784 2853 scriptum
1804 2825 1854 2845 est.

68 2866 101 2900 d)
122 2870 263 2901 Sequitur
282 2876 354 2899 non,
374 2870 464 2894 oblim.
539 2874 566 2899 e)
589 2870 729 2901 Sequitur
749 2875 947 2901 quamquam,
973 2869 1064 2892 oblim.
1142 2867 1164 2897 f)
1186 2867 1233 2891 Sic
1254 2867 1284 2890 in.
1304 2874 1401 2890 comm.
1423 2868 1582 2889 vorrertmn
1605 2867 1645 2888 es!
1666 2872 1703 2888 ea:
1722 2862 1855 2888 certiora

69 2909 108 2935 ad
128 2910 162 2936 R.
178 2910 211 2935 V.
233 2909 431 2943 respondere.
524 2914 554 2942 g)
575 2912 622 2936 Itu
645 2912 672 2935 in
700 2919 798 2935 comm.
819 2919 894 2935 cot-r.
915 2914 955 2935 est
983 2918 1019 2934 tur
1046 2915 1145 2940 neque
1166 2907 1447 2939 Archiepiscopum.
1541 2905 1573 2935 h)
1595 2906 1642 2930 Sic
1661 2913 1736 2929 corr.
1757 2908 1798 2929 est
1819 2912 1856 2929 ea·

69 2950 157 2977 dedit
178 2954 220 2977 vel
241 2952 323 2978 dicit.
397 2952 418 2983 i)
439 2954 486 2978 Sic
505 2961 580 2977 corr.
595 2956 635 2977 es!
657 2960 692 2976 es
712 2953 822 2983 aliquo!
846 2960 897 2982 rc„
918 2960 990 2983 quae
1014 2952 1072 2975 iam
1093 2950 1149 2980 leui
1171 2957 1224 2973 nun
1243 2952 1376 2980 possunt.
1451 2947 1483 2975 k)
1504 2948 1551 2972 Ita
1572 2955 1648 2971 corr.
1669 2950 1709 2971 est
1730 2954 1767 2970 es
1786 2952 1855 2978 per-

70 2993 250 3027 spexissem.
271 2994 302 3019 et
323 2993 446 3026 quidem
466 3001 534 3019 cum
554 2994 614 3025 [cel
634 3000 697 3018 non
720 2994 762 3018 rel
781 2994 878 3017 simile
900 2993 995 3024 qnid).
1053 2991 1074 3022 1)
1097 2993 1156 3016 ΙΙιιι·
1178 2999 1200 3015 ι’.
1221 2998 1315 3020 supra
1339 2997 1453 3014 versum
1474 2990 1616 3020 scriplum
1638 2992 1688 3013 est.
1745 2990 1785 3018 m)
1806 2988 1854 3012 Se-

68 3036 173 3065 quitur
193 3033 318 3066 uidisse,
339 3036 430 3060 omitt.

195 3166 203 3186 ¹
232 3164 396 3209 Gregorii
424 3144 520 3199 xlii.
667 3165 681 3185 2
708 3164 940 3199 Franciscum
967 3162 1146 3207 Sporeno3
1174 3173 1207 3195 v.
1224 3171 1334 3205 supra
1360 3172 1392 3205 p.
1413 3159 1481 3195 305
1496 3160 1518 3194 ³.
