2062 3443
826 129 926 163 1575.
969 129 1068 162 1576.
1749 135 1834 174 745

185 243 450 287 „GVILIELMI
518 243 717 278 RODINGl
754 244 862 278 HAS=
927 243 986 284 Si,
1024 243 1212 278 CONTRA
1254 246 1415 280 IMPIAs
1452 247 1587 281 SCHO-
1652 248 1737 281 LAS
1775 248 1833 282 IE-

63 297 321 336 SVITARVM,
342 296 399 330 ET
419 296 506 330 EOS
522 296 602 338 QVI
648 309 732 331 suos
752 308 879 341 pueros
899 298 985 342 ipsis
1005 298 1247 332 informandos
1267 301 1505 339 committunt,
1551 301 1595 334 ad
1612 301 1834 335 Christianos

62 351 225 385 homines
287 350 423 384 Oratio.
461 378 463 382 .
488 351 639 393 It'aptori
674 352 705 383 si
732 363 830 384 nemo
865 352 948 394 lupo
975 353 1186 384 ‹·‹›1›1rm'serit
1213 360 1356 393 «tynum.
1423 355 1518 387 Huic
1548 366 1682 396 pueros
1709 367 1763 387 res
1788 359 1836 387 est

62 405 201 438 credere
234 404 341 437 stulta
375 405 484 446 yreyi,
548 404 706 436 Ermliat
735 416 776 436 ne
802 405 892 437 alios
926 405 1025 436 tetris·
1059 406 1244 438 erroribus
1278 407 1348 448 ipse
1380 424 1381 445 1
1411 408 1600 440 Imbuttcs?
1624 409 1747 440 didicit
1775 409 1837 451 qni

63 458 163 501 nihil,
179 469 224 491 an
241 458 391 490 doceat?
431 456 812 496 thlDELBERGAE,
852 456 981 490 APVD
1004 456 1218 491 lOANNEM
1241 459 1406 493 MAiER.
1440 462 1542 493 Anno
1559 460 1655 494 MD.
1671 460 1831 494 LXXV.⁴

63 510 150 545 Cum
176 509 280 553 signo
306 509 568 554 typographico
595 509 651 544 his
679 510 798 543 verbis
825 510 961 544 cincto:
992 510 1156 551 „Mathes
1176 511 1367 546 Harnisch.
1411 513 1512 546 Ditat
1539 517 1686 547 servata
1712 514 1835 547 fides&

180 574 339 608 Libellus
369 575 441 616 (4⁰2
480 586 537 618 pp.
567 575 631 611 3:22
668 578 855 618 praeterea
891 575 924 608 in
953 575 1053 609 initio
1080 576 1100 608 2
1128 576 1161 609 ff.
1191 587 1258 609 non
1295 577 1403 619 sign.)
1433 589 1453 610 a
1481 579 1643 619 Rodinyo
1673 578 1835 620 „Heidel-

60 627 190 671 bergae
217 639 236 661 e
260 627 484 670 Paedagogio
507 627 757 661 Franciscano.
798 627 943 661 Calend.
964 628 1067 672 lunij,
1098 629 1207 662 1575“
1236 629 1415 663 Friderico
1436 630 1508 667 Ill..
1536 631 1701 665 Palatino
1722 631 1836 664 Rheni

61 682 96 715 et
121 681 259 726 imperii
286 681 436 725 principi
465 680 612 714 electori
639 693 680 714 ac
709 680 998 715 Calvinianorum
1027 681 1220 726 praecipuo
1247 694 1309 727 per
1336 684 1564 717 Germaniam
1593 687 1752 729 patrono,
1780 684 1836 717 de-

61 733 200 768 dicatus
227 737 292 768 est.
336 734 375 767 In
403 745 473 778 qua
500 734 655 778 epistula
683 734 759 768 ille:
792 735 846 775 „si
866 735 1063 778 requiras“,
1092 735 1217 779 inquit,
1249 737 1500 780 „quamobrem
1529 737 1620 771 hanc
1639 738 1836 771 orationem

61 790 183 822 contra
208 787 421 821 lesuitarum
441 786 590 821 Scholas
618 788 652 820 in
680 787 795 821 lucem
823 787 1014 828 ediderim;
1041 788 1134 822 hanc
1161 789 1386 833 potissimum
1414 802 1561 824 causam
1581 791 1715 832 adfero,
1743 791 1836 834 quod

61 841 255 886 permultos
292 840 462 874 hodierno
500 841 566 879 die,
613 841 674 884 qui
714 841 772 874 vel
811 841 846 874 in
881 841 1088 876 christianis
1128 843 1307 876 numerari
1345 843 1480 883 volunt,
1526 845 1559 877 in
1600 844 1692 878 hanc
1733 844 1836 888 (proh

60 893 174 934 dolor)
202 894 377 928 insaniam
404 897 440 927 et
466 894 687 938 impietatem
717 895 882 938 delapsos
909 906 989 929 esse
1016 895 1311 937 animaduertam,
1339 902 1378 930 vt
1405 897 1498 931 filios
1524 909 1608 931 snos
1634 898 1776 931 lesuitis
1802 898 1838 931 in

60 947 311 992 disciplinnam
347 947 501 987 tradere,
538 951 573 980 et
600 959 749 989 regnum
778 950 932 981 Satanae
969 948 1198 993 amplificare,
1234 949 1380 983 minime
1406 952 1633 984 vereantur.“
1687 950 1840 984 Notavit

59 1004 178 1034 autem
214 1002 243 1034 I.
272 1002 468 1044 Diillinyer,
505 1001 679 1045 scriptum
716 1001 813 1034 istud
850 1013 928 1035 esse
967 1002 1053 1043 „mit
1088 1003 1154 1036 den
1191 1006 1338 1045 {irgsten
1376 1003 1654 1047 Schmahungen
1690 1004 1832 1038 erffillt‘

62 1053 144 1096 (Die
172 1053 415 1088 Reformation
446 1055 484 1095 1²,
523 1055 760 1097 Regensburg
788 1055 890 1094 1848,
927 1057 994 1089 543
1022 1057 1125 1090 Anm.
1146 1056 1243 1096 221).
1296 1057 1350 1090 lta
1378 1060 1434 1100 (ut
1461 1058 1664 1102 exemplum
1692 1058 1838 1103 ponam)

60 1108 245 1151 Rodz‘nyus
272 1108 440 1141 Iesuitam
468 1109 521 1142 sic
548 1108 760 1153 compellat:
792 1108 975 1150 „Quantus
1001 1112 1157 1153 quantus
1185 1122 1233 1147 es,
1261 1113 1375 1144 totum
1405 1115 1438 1144 te
1465 1111 1509 1145 ab
1537 1112 1616 1145 imis
1644 1112 1838 1156 vnguibus,

61 1171 175 1204 vsque
194 1161 237 1195 ad
257 1161 429 1195 verticem
449 1172 639 1201 summum,
667 1161 862 1206 impietate,
891 1162 1026 1202 fraude,
1046 1163 1213 1208 fallacijs,
1234 1163 1430 1209 mendacijs
1449 1168 1615 1199 constare
1631 1193 1638 1200 .
1655 1192 1661 1198 .
1679 1193 1685 1198 .
1713 1168 1839 1209 aperte

60 1213 322 1248 demonstrabo
343 1242 350 1249 .
371 1242 404 1248 ..
443 1214 541 1259 Papa
569 1214 751 1249 Romanus
776 1227 939 1249 summus
969 1216 1046 1250 lesu
1074 1216 1304 1250 aduersarius
1334 1218 1397 1251 tibi
1427 1221 1529 1262 pater
1555 1219 1634 1258 fuit,
1670 1218 1839 1263 impietas

59 1269 185 1309 mater,
225 1267 400 1301 obstetrix
439 1268 596 1307 insania,
635 1279 773 1301 morum
809 1272 845 1302 et
880 1269 1063 1303 doctrinae
1100 1270 1322 1304 imformator
1357 1271 1510 1305 Satanas
1529 1272 1628 1306 ¹....
1680 1272 1839 1306 Fuerunt

61 1320 226 1364 equidem
253 1322 313 1365 qui
340 1322 453 1355 Deum
483 1333 562 1355 esse
588 1326 782 1364 negarent:
815 1323 959 1356 fuerunt
985 1323 1044 1366 qui
1074 1326 1194 1356 vti-um
1221 1324 1318 1357 Deus
1344 1329 1451 1365 esset,
1479 1325 1586 1369 impie
1613 1325 1838 1359 dubitarent:

59 1374 205 1409 fuerunt
231 1375 292 1419 qui
319 1376 405 1409 deos
431 1375 565 1409 multos
592 1386 671 1408 esse
698 1377 972 1410 contenderent:
1000 1377 1147 1410 fuerunt
1173 1378 1232 1420 qui
1259 1377 1379 1417 boues,
1407 1382 1604 1423 serpentes,
1631 1379 1838 1422 crocodilos,

60 1439 216 1469 anseres,
244 1428 343 1462 varia
370 1429 500 1468 auium,
529 1429 692 1473 piscium,
720 1429 876 1462 ferarum
905 1429 1128 1474 aliorumque
1148 1431 1354 1464 animalium
1382 1444 1525 1475 genera,
1554 1436 1724 1475 tanquam
1744 1432 1840 1466 Deos

61 1480 238 1516 colerent:
265 1482 413 1515 fuerunt
431 1482 490 1525 qui
510 1482 777 1527 Aesculapium,
805 1483 969 1523 Martem,
997 1483 1224 1524 Mercurium,
1252 1484 1445 1523 Bacchum,
1473 1485 1620 1529 Lupam,
1648 1486 1837 1525 Leaenam,

59 1534 219 1575 Faulam,
247 1535 397 1575 Floram,
424 1535 630 1577 Fornacem‚
658 1537 808 1577 Mutam,
836 1536 997 1570 homines
1018 1537 1098 1571 illos
1118 1540 1285 1577 mortuos,
1313 1539 1481 1583 impuros,
1508 1539 1713 1579 obscoenos,
1740 1539 1838 1573 adul-

59 1591 166 1627 teros,
195 1590 411 1627 meretrices,
440 1593 476 1622 et
502 1590 595 1623 omni
624 1590 793 1623 vitiorum
821 1602 952 1633 genere
981 1591 1151 1634 insignes,
1189 1592 1223 1624 in
1250 1592 1396 1625 deorum
1424 1604 1610 1626 numerum
1639 1593 1838 1627 referrent:

61 1641 106 1675 Et
131 1642 161 1675 si
188 1653 310 1676 omnes
336 1642 525 1687 impiorum
561 1642 744 1677 hominum
773 1644 915 1677 ordines
942 1655 1152 1678 enumerare
1180 1644 1306 1678 velim:
1343 1645 1479 1679 Icariae
1506 1657 1692 1680 numerum
1720 1646 1839 1680 dicere

61 1706 166 1729 coner
183 1707 309 1739 aquae.
348 1696 416 1730 Sed
436 1696 516 1730 illos
535 1708 657 1730 omnes
676 1697 838 1734 audacia,
865 1697 1010 1737 scelere,
1039 1697 1234 1742 impietate,
1261 1699 1411 1740 insania,
1430 1699 1550 1734 furore
1570 1703 1604 1734 et
1624 1700 1839 1734 crudelitate

61 1748 184 1783 Suitae
210 1749 318 1792 longe
344 1751 538 1793 supe1·ant“
573 1750 609 1791 (l.
630 1762 658 1784 c.
680 1762 711 1794 p.
731 1751 752 1783 2
780 1751 799 1784 5
828 1751 877 1793 7).

180 1813 339 1847 Maxima
367 1813 476 1847 libelli
505 1826 587 1859 pars
618 1815 665 1859 (p.
686 1815 818 1858 8—27)
847 1815 881 1848 in
910 1815 1063 1855 Canisio,
1103 1816 1392 1857 „Institutionum
1422 1817 1640 1851 christianae
1667 1817 1832 1863 pietatis“

61 1866 138 1901 sive
161 1867 289 1908 „Parvi
310 1867 528 1901 Catechismi
548 1868 834 1902 Catholicorum“
860 1870 977 1910 (cuius
997 1869 1031 1903 in
1051 1869 1234 1903 Sociorum
1254 1870 1386 1904 scholis
1404 1871 1619 1916 praecipuus
1638 1874 1715 1905 erat
1735 1872 1837 1915 usus)

60 1921 205 1954 auctore
237 1921 416 1965 carpendo
443 1926 479 1954 et
505 1921 754 1955 calumniando
785 1923 1017 1967 (quamquam
1047 1923 1178 1957 Canisii
1206 1935 1333 1957 nomen
1360 1936 1428 1957 non
1464 1925 1622 1969 ponitur)
1652 1927 1838 1965 versatur;

61 1973 162 2007 velut
188 1985 268 2007 cum
287 1976 474 2018 Rnclz'nyzcs
491 1975 633 2009 scribit:
666 1974 776 2017 „Quid
805 1980 859 2009 est
880 1976 912 2009 in
940 1980 985 2015 te,
1013 1976 1125 2015 Suita,
1154 1980 1296 2021 praeter
1314 1978 1547 2022 impietatem,
1574 1978 1838 2018 crudelitatem,

61 2026 308 2071 petulantiam,
344 2027 561 2062 audaciam?
597 2040 642 2061 ex
670 2028 725 2062 his
752 2028 878 2073 toqus]
915 2029 1185 2072 conglutinatus
1221 2042 1270 2070 es,
1306 2031 1393 2064 nihil
1421 2033 1571 2075 apparet
1597 2032 1630 2065 in
1658 2033 1693 2065 te
1730 2032 1838 2076 pium,

61 2079 150 2114 nihil
178 2080 433 2121 Christianum,
470 2082 559 2115 nihil
594 2084 801 2126 ingenuum,
838 2083 924 2117 nihil
961 2084 1196 2122 moderatum,
1231 2084 1320 2117 nihil
1346 2085 1494 2129 pudens,
1520 2085 1609 2119 nihil
1635 2085 1802 2130 pudicum
1832 2104 1839 2110 ·

61 2131 160 2175 Quid
178 2134 374 2179 impietetis
392 2138 455 2169 aut
481 2135 725 2180 blasphemiae
745 2136 779 2169 in
801 2135 913 2170 Deum
941 2137 1027 2180 fingi
1047 2140 1106 2170 aut
1128 2137 1279 2180 cogitari
1306 2143 1436 2182 potest,
1464 2139 1556 2182 quod
1584 2140 1621 2172 tu
1642 2138 1840 2173 iuuentutis

61 2190 247 2232 corruptor
272 2200 343 2222 non
362 2189 599 2233 conceperis?
634 2189 825 2223 Sumamus
852 2190 945 2224 enim
972 2191 1007 2223 in
1027 2202 1153 2224 manus
1180 2190 1384 2235 praeclaras
1405 2191 1485 2225 illas
1511 2194 1593 2225 tuas
1613 2191 1840 2226 Christianae

60 2240 206 2285 pietatis
241 2241 498 2282 institutiones,
536 2242 749 2286 et-qualem
776 2243 878 2276 nobis
906 2243 1148 2277 Christianum
1177 2256 1325 2288 puerum
1353 2245 1534 2285 informes,
1565 2246 1838 2290 perpendamus·

60 2293 225 2328 Breuiter
260 2296 455 2339 praecipua
490 2298 632 2329 tantum
668 2296 787 2340 capita
823 2297 1076 2340 perstringam.
1128 2297 1271 2331 Nullius
1307 2298 1400 2331 enim
1437 2301 1491 2332 est
1527 2301 1668 2332 tantum
1707 2299 1840 2333 flumen

60 2347 210 2393 ingenij,
236 2347 335 2382 nulla
361 2348 501 2382 dicendi
528 2352 589 2382 aut
615 2349 794 2383 scribendi
821 2353 923 2384 tanta.
950 2351 1004 2384 vis
1032 2352 1205 2394 tantaque
1233 2352 1344 2396 copia,
1372 2363 1464 2395 quae
1490 2363 1557 2386 non
1585 2352 1713 2393 dicam,
1739 2355 1839 2386 tuam

60 2399 282 2445 impietatem
310 2413 372 2446 pro
399 2403 590 2436 atrocitate
617 2403 667 2436 rei
695 2403 891 2447 deplorare,
918 2404 979 2437 sed
1008 2407 1148 2437 tantum
1177 2416 1344 2438 enarrare
1371 2406 1510 2448 queat‘
1554 2404 1686 2439 Eodem
1713 2406 1840 2439 deinde

60 2453 180 2488 furore
207 2454 392 2498 Rodingus
428 2455 462 2488 in
498 2456 599 2489 varia
635 2456 818 2490 doctrinae
854 2457 1058 2491 canisianae
1094 2458 1211 2501 capita
1247 2458 1459 2501 singillatim
1495 2458 1693 2497 invehitur;
1730 2462 1769 2492 ut
1804 2459 1840 2492 in

61 2507 404 2541 commendationem
437 2508 668 2542 salutationis
694 2509 899 2553 angelicae:
939 2510 1158 2552 „Attendite,
1195 2522 1340 2554 quaeso,
1368 2511 1488 2552 verba,
1526 2512 1657 2555 quibus
1683 2515 1777 2545 tetra
1804 2516 1841 2545 et

60 2560 234 2605 pestifera
268 2560 339 2595 ista
366 2561 494 2601 bellua,
531 2562 798 2596 sanctissimam
826 2563 1005 2606 virginem
1033 2563 1184 2597 Mariam
1211 2563 1347 2597 salutat
1378 2567 1485 2608 atque
1512 2567 1725 2599 veneratur:
1762 2565 1840 2598 Aue

61 2613 195 2648 Maria*
234 2616 302 2649 etc.
340 2616 388 2659 (p.
417 2616 437 2649 8
472 2616 522 2658 9).
575 2615 620 2649 Et
658 2616 692 2649 in
731 2616 928 2650 doctrinam
965 2617 1007 2650 de
1041 2619 1268 2651 sacramento
1303 2620 1487 2651 extremae
1524 2618 1723 2652 unctionis:
1764 2618 1838 2660 „Ad

60 2666 212 2708 cloacas,
247 2666 359 2705 Suita,
395 2674 511 2702 rostro
547 2672 607 2702 tuo
642 2669 820 2704 lutulento
857 2670 1073 2714 purgandas,
1109 2682 1215 2714 quam
1245 2671 1287 2704 ad
1314 2677 1482 2714 aegrotos
1509 2672 1707 2715 vngendos,
1739 2683 1840 2706 esses

61 2721 196 2765 aptior“
229 2720 278 2766 (p.
309 2721 382 2765 18).
432 2721 479 2756 Et
514 2722 558 2756 ad
595 2722 792 2756 doctrinam
829 2723 872 2757 de
907 2735 1053 2768 corpore
1082 2723 1216 2757 Christi
1253 2723 1287 2757 in
1324 2725 1571 2759 communione
1599 2725 1839 2760 eucharistica

61 2774 262 2818 praesenti:
301 2774 351 2817 „O
387 2786 487 2808 suem
525 2775 774 2810 detestabilem
811 2780 847 2811 et
874 2778 1156 2817 voracissimani,
1195 2788 1287 2820 quae
1315 2777 1428 2811 Deum
1465 2778 1637 2813 deuorare
1673 2782 1839 2813 conatur:

61 2825 120 2860 hic
157 2827 342 2872 impietate
381 2830 417 2861 et
455 2828 677 2873 blasphemia
714 2829 885 2864 Ethnicos
922 2830 1028 2872 longe
1066 2831 1235 2874 superas“
1280 2830 1329 2875 (p.
1361 2831 1432 2874 19).
1484 2831 1652 2866 Canisius
1687 2832 1840 2876 denique

67 2891 226 2921 „summa
260 2881 459 2925 pertinacia
486 2884 521 2915 et
547 2882 686 2916 malitia
712 2883 830 2917 sciens
857 2895 899 2917 ac
935 2884 1102 2928 prudenS,
1139 2887 1173 2917 et
1205 2886 1329 2917 contra
1355 2884 1610 2919 conscientiam
1637 2897 1739 2920 suam
1765 2886 1841 2919 Deo

62 2932 131 2978 ipsi
157 2933 290 2968 bellum
311 2934 457 2968 indicit⁴¹
481 2962 488 2968 .
510 2961 516 2968 .
537 2947 564 2974 .;
592 2935 693 2969 cuius
714 2938 768 2970 est
799 2939 945 2981 „pectus
972 2937 1131 2981 lupinum
1161 2940 1196 2970 et
1223 2948 1282 2970 cor
1308 2937 1541 2972 diabolicum‘
1575 2944 1624 2984 (p.
1645 2939 1689 2973 25
1716 2939 1790 2983 26).

186 3068 196 3088 ¹
221 3068 341 3103 Fateri
367 3072 489 3103 tamen
516 3070 658 3113 cogitur
683 3072 890 3115 Rodinyus:
920 3071 1087 3115 „Egregij
1117 3074 1152 3105 et
1178 3071 1274 3105 acuti
1301 3070 1504 3117 philosophi
1529 3078 1615 3108 sunt
1641 3073 1776 3114 Saitae,
1803 3077 1841 3108 et

64 3119 233 3165 quicquid
260 3122 472 3157 eruditionis
497 3122 642 3165 habent,
668 3124 704 3158 in
730 3125 980 3159 adolescentes
1007 3124 1220 3159 erudiendos
1248 3125 1455 3159 conferunt*
1489 3127 1526 3169 (l.
1546 3139 1576 3161 c.
1604 3139 1637 3172 p.
1657 3127 1732 3170 28).
