2062 3443
293 153 393 189 1872.
423 153 587 188 Canisius
614 152 795 187 Everardo
822 152 1056 186 Mercuriano.
1101 152 1300 196 Ocuiponte
1326 152 1358 186 8.
1378 152 1478 185 Febr.
1510 152 1610 186 1574.
1752 155 1832 196 183

72 269 220 306 1872.
309 269 525 305 GANISIUS
554 266 932 304 EVERARDO
963 266 1415 303 MERCURIANO
1445 270 1647 313 praeposito
1674 270 1832 311 generali

259 323 450 358 Societatis
478 323 568 357 Iesu.
1185 320 1385 365 Oeniponte
1413 322 1444 355 8.
1471 321 1651 355 Februarii
1682 322 1785 356 1574.

189 394 242 428 Ex
279 394 503 439 autographo
543 394 602 436 (2⁰
629 395 765 427 formae
792 404 893 427 rom.:
934 393 949 426 1
981 404 1029 435 p.;
1058 392 1093 425 in
1121 404 1152 436 p.
1173 393 1205 426 4.
1234 393 1340 426 inscr.
1370 404 1476 426 manu
1508 393 1543 427 1’.
1564 393 1746 427 ‹cluilielmi
1779 394 1834 427 El-

70 449 175 482 deren
204 447 238 482 S.
258 448 290 482 J.
319 448 433 492 posita
462 450 495 481 et
525 447 697 492 reliquiae
724 447 821 491 sign),
849 445 970 481 Germ.
993 446 1058 480 183
1085 446 1108 479 f.
1129 445 1359 480 ‘ku—232¹&

187 513 323 545 Errat«
353 515 509 545 rer-foris.
559 513 803 546 l'roz-imialss.
848 512 886 544 P.
907 511 1037 544 Nasus.
1082 511 1200 543 Norae
1227 511 1390 553 Reynlae.

281 602 307 650 ἦ·
343 601 433 642 Pax
467 600 625 642 Christi
658 599 797 642 JESV
830 599 952 641 nobis
984 601 1176 650 aeterna,

598 665 839 707 Admodum
874 664 1127 706 Reuerende
1160 665 1302 706 Pater.

187 737 346 791 Accepi
370 737 415 779 P.
441 737 487 779 T.
514 737 676 787 literas,
717 740 765 778 16
790 736 984 790 Januarij
1011 736 1063 778 ad
1089 749 1155 777 me
1178 735 1399 788 indignum
1425 736 1564 785 datas,
1599 750 1676 777 nec
1700 735 1836 778 habeo

71 802 181 855 quod
223 802 520 856 respondeam,
564 802 644 844 nisi
688 816 754 844 mo
797 801 987 855 gaudere
1030 801 1081 843 de
1120 802 1346 843 uoluntate
1380 804 1424 842 et
1456 801 1674 843 sententia
1709 801 1753 844 P.
1789 801 1835 843 T.

71 867 230 909 eisdem
264 867 401 909 literis
434 868 667 922 explicata,
703 867 794 909 siue
828 867 939 919 quod
974 867 1027 908 ad
1062 866 1107 908 Ρ.
1142 866 1467 917 Prouintialem,
1501 866 1593 908 siue
1626 866 1705 908 ad⁸
1738 880 1837 908 con-

71 935 258 975 tractum
292 932 424 983 illum,
459 933 530 986 qui
564 936 736 975 nostros
769 932 908 974 adhuc
941 934 1116 985 torquet
1148 945 1198 973 ac
1231 931 1477 981 dissociat¹‚
1513 931 1684 974 attinet.

189 998 328 1051 Cogor
368 1012 479 1039 nunc
523 1012 663 1040 meam
706 997 847 1040 dicere
890 997 1151 1039 sententiam
1196 997 1248 1039 de
1280 996 1405 1038 huius
1450 996 1619 1050 collegij
1653 996 1839 1039 Rectore

72 1063 116 1105 P.
152 1062 408 1105 Wendelino
422 1064 450 1113 2,
487 1063 558 1116 qui
591 1077 703 1105 anuo
736 1061 957 1117 superiore
991 1062 1118 1104 ualde
1151 1062 1366 1105 distentus
1398 1062 1481 1104 fuit
1514 1076 1617 1104 cura
1650 1061 1838 1104 aedifici-

71 1142 206 1179 orum,
241 1131 288 1170 ut
320 1128 445 1170 huius
479 1128 647 1183 collegij
683 1128 891 1170 fabricam
915 1127 1062 1170 multis
1085 1127 1209 1169 annis
1231 1127 1523 1170 intermissam
1546 1128 1837 1170 absolueretb:

71 1193 192 1237 Fecit
223 1193 264 1234 id
299 1193 469 1247 quidem
503 1208 587 1236 non
621 1194 712 1235 sine
745 1193 869 1247 graui
902 1193 1049 1235 labore
1076 1207 1126 1235 ac
1164 1195 1376 1247 perpetua
1415 1192 1704 1242 contentione,
1740 1193 1838 1234 dum

72 1259 258 1312 vndique
300 1262 497 1314 sumptus
538 1261 583 1301 et
622 1273 818 1301 nummos
852 1258 1119 1300 necessarios
1151 1258 1355 1309 corradit,
1399 1258 1629 1311 uariasque
1662 1262 1838 1312 superat

72 1323 351 1367 difficultates
383 1338 513 1379 saepe
546 1323 798 1366 incidentes.
846 1323 927 1365 Sed
970 1336 1083 1365 noua
1125 1323 1297 1366 interim
1341 1323 1487 1366 debita
1520 1323 1753 1374 contraxit,
1797 1327 1842 1365 et

72 1392 268 1444 sumptus
291 1403 421 1444 saepe
444 1404 528 1433 non
551 1389 820 1432 necessarios
853 1389 968 1439 fecit,
1004 1401 1141 1442 eaque
1165 1388 1352 1431 fortasse
1374 1389 1472 1443 plus
1499 1388 1607 1431 satis
1631 1389 1838 1442 neglexit,

75 1469 184 1507 quae
217 1455 270 1497 ad
303 1454 518 1509 integram
553 1454 723 1509 collegij
758 1454 1028 1509 disciplinam
1063 1454 1296 1496 curandam
1329 1454 1600 1508 spectabant.
1650 1454 1841 1496 Monitus

73 1523 139 1562 est
161 1520 202 1563 P.
223 1520 530 1564 Prouintialis3
548 1521 600 1563 de
618 1522 762 1575 uarijs‚
789 1534 898 1573 quae
916 1520 959 1562 in
978 1519 1049 1561 illo
1069 1519 1391 1561 desiderantur:
1415 1518 1597 1571 ideoque
1620 1518 1840 1560 nobiscum

73 1584 226 1628 haeret
259 1586 338 1628 hoc
370 1589 578 1641 tempore,
623 1590 669 1629 vt
702 1586 813 1627 hunc
854 1585 1065 1627 nouitium
1098 1585 1328 1626 Rectorem
1371 1584 1561 1627 instruat
1593 1583 1645 1625 de
1678 1583 1841 1626 officioc

73 1651 234 1693 rectius
267 1651 475 1694 obeundo.
525 1652 667 1701 Quare
700 1665 793 1693 cum
828 1664 996 1704 sperem
1028 1649 1220 1700 meliora,
1255 1663 1340 1691 non
1373 1651 1567 1703 repetam
1602 1651 1765 1699 uetera,
1799 1649 1842 1690 in

75 1716 228 1769 quibus
260 1716 332 1759 ille
365 1717 523 1771 partim
560 1716 830 1771 Principem⁴
863 1718 908 1758 et
940 1715 1104 1758 aulicos
1136 1715 1364 1757 nonnullos
1397 1715 1450 1756 ob
1492 1714 1766 1756 immodicam
1799 1714 1841 1755 in

74 1781 253 1823 dicendo
287 1785 330 1824 et
363 1782 631 1824 aedificando
669 1782 916 1824 libertatem
951 1780 1140 1830 offendit,
1181 1780 1339 1835 partim
1372 1779 1726 1822 Consultoribus5
1759 1793 1841 1821 non

73 1847 300 1898 satisfecit,
335 1848 446 1901 quod
469 1847 562 1889 sine
586 1847 763 1889 consilio
787 1850 831 1889 et
854 1860 908 1888 ex
930 1846 1103 1901 proprio
1130 1860 1258 1888 sensu
1292 1845 1334 1887 in
1358 1845 1638 1899 gubernando
1662 1859 1841 1899 progre-

74 1912 262 1963 deretur,
297 1926 435 1966 neque
458 1913 513 1955 ad
535 1912 829 1967 praescriptas
851 1911 974 1954 nobis
1003 1911 1178 1964 regulas
1210 1925 1305 1953 sese
1338 1910 1446 1953 satis
1479 1910 1842 1953 accommodaret.

74 1978 162 2020 Dat
194 1991 367 2032 operam
402 1978 528 2020 modo
562 1978 608 2021 P.
644 1977 935 2028 Prouintialis,
978 1980 1026 2019 ut
1059 1977 1110 2019 de
1143 1976 1339 2018 omnibus
1381 1975 1479 2017 illed
1512 1975 1671 2017 rectius
1704 1975 1843 2017 discat

74 2042 277 2093 iudicare,
303 2045 347 2086 et
369 2043 607 2098 sapientius
629 2057 783 2097 regere
806 2042 1080 2092 domesticos,
1105 2042 1176 2096 qui
1200 2045 1318 2083 certe
1341 2042 1422 2083 hoc
1444 2041 1538 2082 loco
1562 2055 1646 2082 non
1670 2040 1843 2082 leuitere

75 2111 392 2163 oppugnantur,
427 2113 643 2162 egeritque
665 2108 844 2163 prouido
868 2107 1102 2162 superiore,
1137 2107 1394 2161 praesertim
1427 2107 1479 2148 ob
1514 2120 1587 2148 eas
1620 2105 1843 2148 molestias

75 2177 118 2216 et
150 2174 428 2225 tentationes,
473 2189 579 2228 quas
621 2175 720 2217 aula
763 2174 916 2225 uicina,
960 2177 1004 2216 et
1036 2172 1311 2216 contionator
1351 2186 1489 2214 nouus
1523 2170 1687 2213 aulicus
1721 2171 1844 2213 nobis

73 2238 316 2292 ingerunt⁶‚
360 2238 473 2283 sicut
513 2240 622 2282 alias
665 2240 718 2282 ad
752 2239 798 2282 P.
832 2239 880 2282 T.
915 2239 1122 2293 scriptum
1165 2252 1260 2280 esse
1302 2240 1419 2291 puto.
1469 2236 1588 2286 Quod
1631 2239 1843 2290 superest,

194 2339 221 2362 at
245 2340 302 2363 ΙΙυι·
324 2347 345 2362 r.
366 2347 459 2370 snpra
483 2348 594 2363 versum
615 2339 755 2370 ‚scriptam
778 2341 828 2363 esf.
904 2338 934 2369 b)
956 2338 1094 2369 sequitur
1115 2336 1217 2369 idque,
1239 2346 1254 2361 (t
1278 2340 1305 2361 ι’.
1327 2337 1417 2361 oblitt.
1493 2336 1518 2363 e)
1542 2336 1679 2366 Sequitur
1698 2341 1763 2364 suo,
1784 2344 1799 2357 st
1816 2340 1823 2354 ‘

75 2380 164 2403 atalia.
258 2379 287 2409 d)
311 2381 369 2404 Ilm·
392 2389 414 2405 Γ.
434 2389 526 2412 snpra
550 2389 662 2405 versum
685 2381 825 2411 scriplum
848 2384 898 2405 «sl.
991 2381 1017 2410 e)
1043 2381 1085 2403 Im
1108 2382 1135 2403 (s.
1157 2380 1283 2403 castrari!
1305 2387 1340 2401 m·
1360 2377 1506 2409 grauiter.

199 2513 205 2531 ¹
236 2511 444 2545 pactionem
471 2512 514 2545 de
541 2512 618 2553 5⁰l'o
647 2510 752 2551 dicit;
780 2522 814 2544 V.
842 2521 951 2554 supra
979 2521 1011 2553 p.
1036 2509 1102 2543 154
1133 2509 1208 2542 159.

195 2565 208 2585 ²³
235 2564 400 2598 Canisius
427 2576 519 2598 unus
544 2577 589 2599 ex
616 2564 831 2599 consiliariis
864 2566 942 2596 sive
969 2561 1232 2597 consultoribus
1260 2560 1298 2594 P.
1320 2560 1523 2594 Wendelini
1551 2559 1662 2594 Volck
1696 2558 1846 2592 rectoris

77 2619 304 2663 oenipontani
333 2620 409 2652 erat
437 2619 487 2661 (v.
517 2619 619 2659 infra,
652 2629 806 2652 monum.
838 2616 957 2659 1143).
1010 2615 1183 2649 Mandatu
1211 2616 1329 2648 autem
1357 2613 1576 2648 Mercuriani
1606 2613 1643 2647 P.
1664 2614 1846 2646 Antonius

78 2673 285 2706 Posset-inus
303 2671 494 2706 Societatis
520 2672 737 2706 secretarius
756 2670 915 2704 eiusdem
944 2668 1159 2714 praepositis
1183 2667 1465 2712 provincialibus
1484 2667 1595 2700 Roma
1619 2667 1671 2701 14.
1691 2665 1846 2700 Ianuarii

79 2725 169 2759 1574
205 2726 418 2770 scripserat:
459 2725 608 2768 „Patres
644 2724 885 2770 provinciales
912 2726 1048 2764 curent,
1084 2724 1123 2755 ut
1150 2721 1397 2765 unusquisque
1424 2723 1542 2755 rector
1568 2720 1690 2759 faciat,
1727 2722 1764 2752 ut
1791 2719 1846 2753 sui

78 2780 299 2814 consultores
326 2780 368 2814 de
404 2780 492 2824 ipsis
527 2780 727 2814 rectoribus
762 2778 922 2813 scribant
958 2776 1221 2821 quamprimum
1258 2774 1361 2808 iuxta
1396 2773 1543 2817 regulas
1578 2772 1842 2807 consultorum·

82 2834 242 2875 (Hansen
271 2833 292 2868 l.
313 2846 341 2868 c.
370 2834 490 2876 658¹).
532 2833 585 2867 De
612 2833 748 2877 regulis
774 2832 845 2866 illis
872 2844 906 2866 v.
934 2842 1042 2876 supra
1070 2842 1101 2874 p.
1122 2829 1179 2864 8¹.

198 2889 210 2908 ³
236 2887 370 2922 Paulus
396 2887 578 2921 Hoffaeus.
726 2888 737 2906 ⁴
765 2885 1030 2919 Ferdinandum
1056 2884 1099 2918 11.

197 2942 210 2961 ⁵
238 2941 307 2976 ΡΡ.
336 2942 444 2975 Petro
471 2940 627 2981 Canisio,
655 2939 847 2975 Guilielmo
875 2938 1039 2978 Elderen,
1068 2936 1222 2979 Georgio
1250 2936 1386 2980 Crispo,
1414 2935 1576 2980 Gasparo
1603 2934 1845 2976 Obergasser3

80 3006 112 3029 ν.
140 2994 242 3035 infra,
270 3006 425 3029 monum.
449 2994 549 3029 1143.

199 3049 211 3068 ⁶
239 3048 277 3082 P.
301 3049 451 3083 loannes
476 3047 595 3082 Nasus
613 3046 654 3081 O.
673 3047 776 3085 Min.;
806 3058 837 3080 v.
858 3057 967 3090 supra
999 3057 1029 3089 p.
1050 3044 1126 3079 170.
1171 3042 1265 3076 Hala
1292 3042 1348 3076 28.
1368 3042 1489 3076 Martii
1511 3041 1600 3076 1574
1621 3041 1659 3074 P.
1678 3039 1847 3073 Matthias

80 3103 294 3136 Lacknerus
330 3101 473 3145 collegii
508 3102 626 3135 rector
651 3100 876 3135 Mercuriano
903 3098 1095 3144 *scripsit:
1133 3097 1222 3140 ,Hie
1248 3108 1317 3130 non
1343 3096 1473 3130 desunt
1499 3094 1665 3129 miseriae
1700 3096 1848 3138 propter

81 3155 226 3190 vnicum
245 3156 472 3197 Monachum,
501 3156 561 3199 qui
581 3158 753 3199 quantum
774 3155 882 3188 etiam
901 3152 1121 3187 Halensibus
1139 3150 1304 3191 obfuerit,
1323 3161 1392 3184 non
1410 3149 1538 3189 dicam,
1559 3148 1648 3183 satis
1669 3147 1702 3181 in
1722 3149 1847 3191 aperto
