2051 3433
176 162 229 202 28
282 158 387 193 1789.
417 158 502 191 Can.
531 156 568 192 P.
591 156 694 190 Laur.
717 155 829 190 Surio.
866 155 949 200 Apr.
972 154 1074 189 1572.
1120 153 1221 188 1790.
1251 153 1286 187 P.
1307 153 1403 187 Hier.
1424 152 1565 187 Natalis
1587 152 1672 187 Can.
1708 153 1792 198 Apr.
1814 153 1914 189 1572.

173 275 216 309 de
251 275 375 309 schola
404 273 595 308 Societatis
622 276 767 307 vestrae
804 272 897 318 apud
925 282 988 305 nos
1031 271 1197 314 Friburgi
1225 270 1447 304 instituenda
1474 270 1576 303 iuxta
1602 270 1824 305 voluntatem
1850 283 1944 306 sore-

172 329 311 362 nissimi
347 328 552 362 archiducis
590 328 702 361 nostri
740 327 842 360 cuius
877 325 1020 370 quidem
1059 325 1253 359 aduentum
1282 326 1443 368 expecto,
1480 324 1525 358 Et
1551 326 1741 368 postquam
1768 336 1944 359 commen-

173 382 294 417 dasset
329 382 431 416 nobis
461 382 602 415 Patrem
632 381 810 424 quendam
838 380 970 414 bonum
997 381 1033 412 et
1058 379 1200 413 doctum
1231 378 1449 411 Germanum
1476 377 1535 421 qui
1562 389 1607 411 ex
1634 378 1819 423 Hispanijs
1845 379 1945 413 venit

173 436 304 470 missus
340 448 384 469 ex
413 435 577 480 Capitulo
614 435 658 468 ad
691 435 887 479 prioratum
915 433 1091 477 quendam
1119 432 1385 476 suscipiendum
1413 431 1447 465 in
1475 431 1629 474 quadam
1658 430 1850 466 Cartliusia
1874 444 1944 466 non

171 489 277 533 longe
312 488 395 522 hinc
430 489 557 522 dissita
592 488 653 528 ait,
693 488 767 531 Ego
796 488 893 521 vices
929 486 1120 530 rependam
1160 497 1222 530 pro
1258 497 1337 518 mea
1363 484 1460 518 virili
1492 484 1526 517 in
1554 486 1796 529 promouenda
1822 487 1945 520 vestra

172 543 266 586 apud
292 545 472 576 nostrates
491 542 689 576 Societat&
715 543 777 582 (ex
805 544 965 583 autogr.;
994 540 1078 574 Cod.
1099 539 1210 573 colon.
1235 540 1280 581 „[.
1303 538 1341 572 A.
1364 539 1427 572 19“
1450 538 1472 571 f.
1494 538 1559 578 62;
1588 538 1802 582 particulam
1825 540 1945 584 posuit

172 597 315 630 Hansen
351 596 373 630 lv
404 608 432 630 o.
461 595 559 638 622).
610 595 745 629 Deinde
782 596 956 638 Hoffaeus
992 593 1205 627 Germaniae
1243 591 1439 637 superioris
1478 591 1710 636 provincialis
1744 591 1943 637 Oeniponte

171 649 337 682 23.1unii
369 649 455 683 1572
482 648 648 682 Natalem
677 648 861 681 *monuitz
903 646 1023 689 „Fecit
1056 645 1112 679 hic
1143 657 1264 679 rumor
1299 645 1342 679 do
1368 647 1538 689 suscepta
1564 656 1582 678 a
1609 645 1799 687 Societate,
1835 657 1945 680 causa

173 702 448 746 Jngolstadiana
484 702 578 736 circa
611 713 754 735 cursum
790 704 826 735 et
862 699 1123 744 paedagogium
1141 700 1161 739 ¹,
1198 701 1238 732 vt
1272 710 1366 732 nunc
1397 699 1440 732 ad
1468 698 1704 732 imitationem
1732 699 1943 734 Bauaricam

171 755 229 788 hic
254 756 346 790 serio
372 757 568 789 tractatum
596 757 631 788 et
658 754 865 789 conclusum
892 755 940 787 sit
967 753 1010 786 ab
1037 752 1238 786 Archiduce
1265 754 1301 785 et
1321 751 1474 786 Excelso
1493 752 1691 796 Reginum,
1719 754 1760 785 vt
1778 752 1943 795 Friburgi

171 820 240 842 non
277 808 391 842 solum
418 808 648 842 seminarium
676 808 771 842 sicut
796 806 1014 851 Jngolstadij
1043 805 1214 848 erigatur,
1250 805 1312 839 sed
1341 808 1380 839 vt
1407 805 1515 839 etiam
1544 805 1713 839 societati
1743 805 1943 849 Collegium

173 861 248 896 illic
286 862 498 896 instituatur
536 862 591 895 cui
631 861 738 895 etiam
778 861 896 895 studia
935 859 1153 902 Theologica
1192 860 1228 892 et
1267 858 1520 903 philosophica
1555 861 1622 893 ete.
1659 859 1867 894 tradantur:
1908 861 1944 893 et

170 915 356 949 Archidux
391 915 486 949 circa
514 917 734 948 Autumnum
771 914 863 948 hano
898 925 973 947 rem
1010 924 1128 946 coram
1164 912 1395 946 confecturus
1432 914 1486 946 est
1522 915 1558 946 et
1584 912 1654 946 iam
1681 912 1716 946 in
1737 912 1869 947 Vrbem
1897 913 1942 947 ad

172 968 524 1003 Reuerendissimum
546 968 771 1002 Cardinalem
788 967 1099 1002 Constantiensem
1120 965 1286 1010 Altemps
1299 966 1312 985 ²
1330 967 1413 999 ante
1431 966 1613 1000 octiduum
1633 969 1688 1000 est
1707 966 1944 1011 perscriptum

171 1021 363 1065 diligenter
389 1023 431 1056 de
458 1022 671 1066 applicanda
699 1022 854 1066 quadam
882 1020 1042 1055 Abbacia
1069 1019 1213 1063 vtrique
1239 1019 1438 1053 Seminario
1470 1023 1506 1054 et
1532 1019 1708 1064 Collegio:
1744 1020 1833 1054 haec
1858 1032 1944 1055 vero

171 1076 290 1110 omnia
324 1075 381 1110 hic
418 1075 533 1110 adhuc
560 1078 700 1109 secreta
727 1077 821 1116 sunt,
857 1074 1031 1118 nobisque
1058 1073 1212 1107 nondum
1241 1073 1442 1107 formaliter
1468 1074 1662 1118 proposita,
1699 1078 1798 1108 certa
1822 1076 1945 1108 tamen

170 1131 266 1170 sunt,
294 1129 468 1172 decetque
496 1128 604 1162 isthic
631 1128 748 1162 adhuc
774 1131 914 1162 secreta
941 1127 1090 1162 seruari.
1140 1126 1244 1160 Nunc
1271 1126 1337 1160 hoc
1364 1126 1478 1161 solum
1507 1127 1594 1168 dico,
1630 1127 1727 1161 nullo
1753 1128 1857 1161 modo
1884 1139 1944 1162 ex-

171 1182 292 1227 pedire
318 1185 359 1216 vt
376 1182 590 1226 Friburgum
618 1181 812 1226 reijciatur,
840 1181 869 1215 si
898 1181 1078 1222 offeratur,
1106 1180 1149 1214 ob
1177 1180 1410 1225 multiplicem
1439 1183 1475 1214 et
1494 1180 1677 1215 Ecclesiae
1700 1183 1735 1215 et
1753 1180 1944 1216 Societatis

171 1235 366 1269 vtilitatem
404 1247 510 1279 quam
548 1235 717 1269 maiorem
749 1235 833 1279 (quo
870 1235 913 1269 ad
948 1234 1210 1268 incrementum
1237 1233 1429 1268 Societatis
1456 1234 1491 1268 in
1520 1234 1692 1279 personis,
1728 1245 1810 1268 nam
1838 1233 1944 1268 valde

170 1288 243 1323 illic
261 1291 317 1323 est
342 1289 433 1323 bona
452 1291 487 1323 et
512 1289 630 1322 facilis
658 1289 762 1332 gens)
785 1288 859 1323 illic
876 1299 1064 1333 speramus
1083 1299 1190 1332 quam
1209 1287 1448 1333 Jngolstadij“
1474 1287 1535 1330 (ex
1555 1290 1694 1332 autogr.
1724 1287 1844 1323 Germ.
1874 1288 1941 1323 134

170 1342 194 1376 f.
216 1341 329 1385 243b).
376 1342 501 1386 Neque
539 1344 659 1376 tamen
695 1342 762 1376 hoc
798 1353 890 1376 anno
917 1342 1082 1377 canisius
1109 1341 1324 1385 Friburgum
1352 1341 1496 1375 venisse
1522 1342 1682 1381 videtur;
1719 1353 1834 1386 neque
1860 1344 1943 1376 ante

171 1406 201 1430 a.
223 1396 323 1437 1574,
351 1396 443 1440 quod
472 1395 636 1440 equidem
663 1395 786 1437 sciam,
814 1407 856 1429 ea
882 1406 992 1430 causa
1018 1395 1211 1438 diligenter
1237 1395 1355 1429 curari
1382 1396 1509 1440 coepta
1536 1397 1600 1429 est.
1645 1394 1823 1436 Ceterum,
1851 1406 1943 1439 quae

170 1449 282 1494 posui,
310 1449 435 1483 valent
460 1450 503 1483 ad
532 1449 746 1494 explicanda
774 1451 810 1483 et
836 1461 881 1483 ex
906 1451 1009 1494 parte
1036 1448 1247 1492 corrigenda
1271 1460 1323 1488 ea,
1351 1460 1442 1492 quae
1461 1450 1546 1483 sunt
1564 1448 1656 1493 apud
1677 1450 1723 1483 H.
1746 1449 1941 1492 Schreessber,

172 1502 389 1537 Geschichte
409 1503 470 1537 der
489 1503 1047 1547 Albert-Ludwigs-Universitat
1064 1515 1107 1537 zu
1126 1502 1301 1547 Freiburg
1319 1502 1366 1536 im
1386 1502 1562 1546 Breisgau
1577 1502 1620 1544 Il,
1644 1501 1819 1546 Freiburg
1840 1502 1941 1543 1868,

173 1556 252 1599 307,
279 1559 315 1590 et
341 1557 435 1601 apud
462 1558 562 1590 Hirta
589 1556 611 1590 l.
632 1569 659 1591 c.
679 1556 704 1598 Ι,
732 1556 932 1591 215-216.

291 1615 431 1650 Natalis
459 1616 601 1650 Canisio
627 1616 812 1660 respondit
837 1617 870 1650 5.
890 1615 970 1649 Iulii
999 1615 1100 1649 1572.

170 1719 324 1757 1789.
440 1720 658 1756 CANISIUS
699 1720 760 1756 P.
797 1719 1199 1757 LAURENTIO
1241 1718 1449 1756 SUBIO
1490 1721 1696 1755 cartusiano
1734 1719 1939 1754 coloniensi.

935 1774 1135 1819 Oeniponte
1162 1777 1243 1819 post
1269 1774 1424 1808 medium
1453 1786 1497 1808 m.
1518 1773 1677 1819 Aprilem
1707 1774 1758 1817 (‘?)
1789 1773 1891 1808 1572.

288 1843 352 1884 De
393 1843 728 1884 adulescentibus
770 1843 947 1884 Romam
987 1843 1219 1897 petentibus
1261 1847 1297 1884 et
1338 1843 1500 1897 colleyc'o
1543 1842 1585 1883 S.
1620 1841 1662 1884 ιΙ.
1696 1842 1933 1884 coloniensi.

171 1908 274 1949 Vide
305 1922 439 1963 supra
468 1923 510 1963 p.
533 1910 591 1949 22
625 1913 661 1950 et
693 1907 828 1962 infra,
863 1923 924 1963 ep.
951 1909 1079 1950 1793.

169 2021 325 2059 1790.
458 2023 518 2059 P.
558 2022 1017 2060 HIERONYMUS
1055 2021 1360 2059 NATALIS
1433 2022 1624 2057 Societatis
1663 2023 1745 2057 Iesu
1784 2022 1942 2057 vicarius

358 2077 538 2122 generalis
565 2077 767 2113 CANISIO.
1262 2077 1374 2111 Roma
1401 2076 1456 2111 20.
1479 2076 1552 2121 (19.
1565 2076 1600 2120 ‘?)
1630 2076 1763 2121 Aprilis
1793 2076 1892 2111 1572.

288 2148 345 2182 Ex
383 2148 592 2194 apographo
632 2148 742 2183 eiusd.
774 2151 906 2193 temp.;
950 2148 986 2182 in
1029 2148 1202 2191 margine,
1245 2147 1368 2182 eadem
1409 2159 1538 2182 manu:
1586 2147 1722 2190 „Padre
1761 2147 1940 2182 Canisio¹‘.

171 2200 293 2236 Germ.
317 2202 382 2237 109
409 2202 434 2237 f.
454 2203 526 2238 63¹2.

288 2268 341 2301 De
359 2268 398 2301 P.
416 2268 655 2301 Ilm-manutio
675 2279 716 2300 rx
730 2268 815 2300 aula
836 2268 1041 2311 revocando,
1062 2267 1097 2299 P.
1116 2267 1269 2300 Elderen
1289 2268 1452 2309 Augusta
1473 2267 1535 2307 (ne
1560 2267 1747 2299 canonicos
1765 2266 1939 2308 offendat)

171 2322 337 2365 arcendo,
366 2322 425 2354 lite
451 2322 652 2354 cardinalis
679 2322 868 2363 Μαᾶιηιίίί,
896 2322 1024 2354 itinere
1049 2321 1215 2363 Boryiae,
1241 2321 1431 2364 martyriis
1458 2320 1656 2354 Sociorum.

287 2393 355 2434 Ho
388 2392 584 2436 riceuuto
618 2393 758 2446 quelle
792 2393 905 2435 della
928 2393 978 2436 R.
1004 2393 1057 2435 V.
1082 2393 1151 2435 del
1167 2398 1182 2413 ⁸
1213 2391 1351 2447 primo
1375 2395 1418 2434 et
1451 2391 1602 2434 ultimo
1627 2391 1668 2433 di
1691 2390 1873 2433 Febraio
1897 2393 1941 2432 et

172 2460 240 2500 20.
265 2457 307 2499 di
334 2458 481 2500 Marzo
515 2461 560 2500 et
592 2472 671 2500 con
705 2460 860 2511 questa
893 2458 1045 2500 ultima
1078 2458 1221 2512 quella
1254 2457 1295 2499 di
1327 2457 1370 2500 la
1405 2456 1572 2511 Regina
1598 2456 1831 2499 Madalena
1863 2470 1940 2510 per

169 2523 211 2564 la
244 2522 431 2564 duchesa
464 2523 515 2565 de
538 2524 726 2566 Ferrara
758 2524 800 2566 la
827 2524 954 2577 quale
986 2537 1032 2566 se
1065 2523 1126 2576 gli
1158 2524 1330 2574 manda,
1364 2526 1409 2565 et
1431 2522 1646 2577 speriamo
1680 2522 1757 2564 cho
1790 2523 1939 2564 nostro

169 2587 304 2641 padre
337 2588 549 2630 Generale
590 2589 806 2642 passando
840 2589 882 2630 di
922 2589 967 2630 la
1007 2588 1171 2631 hauera
1211 2588 1324 2631 fatto
1358 2587 1540 2642 qualche
1573 2587 1714 2630 officio
1749 2601 1827 2629 con
1860 2600 1939 2628 sua

170 2653 324 2703 altem,
367 2657 411 2696 et
452 2652 720 2706 bisognando
754 2668 874 2696 come
907 2654 960 2697 V.
985 2654 1036 2697 R.
1061 2654 1154 2696 dice
1187 2653 1223 2696 si
1265 2654 1399 2696 uedra
1433 2653 1474 2695 di
1516 2653 1710 2696 chiamar
1743 2666 1769 2694 a
1800 2652 1940 2694 Roma

170 2717 212 2769 (o
246 2717 432 2771 altroue)
466 2718 495 2759 il
530 2718 670 2760 Padre
703 2719 895 2761 Lorenzo
909 2720 937 2762 3.

288 2804 316 2835 a)
337 2805 401 2829 Duo
422 2812 463 2828 rv.
483 2813 541 2835 sqq.
564 2805 592 2829 in
613 2813 712 2837 apo-tyr.
732 2814 825 2837 supra
848 2813 961 2831 versum
981 2806 1092 2838 scripta
1113 2809 1190 2831 sunt.

294 2900 302 2919 ¹
330 2899 384 2933 Cf.
416 2899 503 2933 Can.
532 2898 581 2932 Vl
607 2899 696 2939 449;
734 2902 771 2933 at
806 2899 873 2934 hoc
909 2900 986 2944 ipso
1023 2900 1095 2934 iam
1122 2911 1213 2934 anno
1249 2903 1395 2945 propter
1420 2910 1563 2934 cursum
1592 2897 1877 2944 philosophicum
1903 2899 1939 2931 et

170 2953 398 2997 gymnasium
437 2952 544 2996 (quod
582 2963 675 2986 nunc
712 2953 900 2996 vocamus)
938 2953 1051 2987 Sociis
1091 2965 1110 2987 a
1147 2953 1236 2987 duce
1274 2953 1446 2987 traditum
1482 2954 1576 2986 inter
1610 2952 1675 2986 hos
1710 2951 1938 2995 reliquosque

171 3006 418 3040 universitatis
445 3005 640 3049 magistros
667 3004 753 3040 lites
780 3008 880 3040 ortae
906 3008 1007 3046 sunt;
1037 3007 1079 3041 de
1106 3006 1235 3051 quibus
1261 3006 1376 3041 multa
1402 3007 1565 3041 dicentur
1590 3005 1695 3039 infra.

293 3060 306 3079 ²
332 3059 494 3093 Marcum
522 3058 688 3093 Sittieum
715 3070 735 3092 a
762 3059 967 3094 Hohenems
994 3060 1198 3105 episcoprum
1226 3061 1543 3095 constantiensem.

293 3113 305 3133 ⁸
330 3112 562 3147 Laurentium
586 3112 870 3155 Hermanutium,
896 3113 1076 3148 Barbarae
1103 3113 1273 3159 principis
1300 3113 1525 3148 ferrariensis
1551 3111 1826 3153 confessarium;
1857 3110 1938 3145 vide

170 3177 280 3211 supra
306 3177 338 3211 p.
365 3166 419 3200 17.
