2051 3433
212 142 296 183 802
910 140 1003 174 Mon.
1032 140 1133 174 1234.
1179 140 1280 174 1579.

210 258 365 292 editione
392 257 545 290 omissae
571 258 674 297 sunt;
711 256 813 290 deest
840 257 946 290 etiam
986 256 1160 301 praefatio
1187 256 1345 290 auctoris
1372 259 1408 290 et
1434 260 1648 301 conspectus
1684 269 1813 291 rerum.
1866 257 1981 292 Editio

210 310 308 350 haec,
336 310 414 344 sive
441 309 533 354 quod
561 309 692 343 attinet
710 309 753 342 ad
772 321 845 343 rem
874 310 1159 353 grammaticam,
1188 309 1265 343 sive
1292 309 1336 343 ad
1363 309 1688 354 orthographicam,
1716 311 1793 345 sive
1813 311 1855 344 ad
1882 315 1982 356 typo-

210 363 430 408 graphicam,
458 363 547 397 satis
565 366 622 396 est
639 374 776 404 manca,
805 375 848 397 ne
875 363 988 397 dicam
1018 363 1160 397 vitiosa.
1203 361 1327 406 Neque
1354 363 1386 396 id
1415 364 1543 396 mirum
1571 376 1649 397 esse
1685 366 1813 408 potest.
1857 363 1982 397 Versio

210 417 305 451 enim'
331 417 419 450 haec
447 428 467 450 a
494 415 684 450 iuvenibus
710 427 834 460 parum
863 417 1014 450 maturis
1034 419 1069 449 et
1087 421 1191 449 extra
1217 417 1370 460 patriam
1390 417 1620 451 versantibus
1646 418 1742 451 facta
1769 422 1804 451 et
1826 417 1862 450 in
1888 420 1984 450 terra.

214 470 402 504 catholicis
422 470 527 503 valde
553 469 674 503 hostili
703 469 794 503 clam
823 472 858 503 et
885 471 987 513 quasi
1015 469 1149 503 furtive
1177 481 1311 503 excusa
1337 472 1402 503 est.
1708 497 1713 502 .

329 524 384 558 25.
416 523 493 556 lulii
531 523 621 557 1580
658 523 695 556 P.
729 524 937 557 Posset-mus
975 522 1141 565 „Nicolao
1179 522 1466 567 Gyllenstierno,
1504 523 1632 557 Bai-oni
1669 525 1702 556 in
1739 523 1912 557 Ludholm
1949 527 1985 557 et

210 576 426 619 Fuglewich,
453 575 780 610 Archicancellario
799 576 957 617 Sueciae,
984 580 1019 610 et
1038 575 1277 610 Gubernatori
1302 576 1548 610 Smolandiae“
1580 582 1722 620 praeter
1748 576 1984 610 catechismos

209 629 340 664 latinos
379 629 544 671 (Canisii)
581 630 689 663 etiam
721 629 853 663 suecici
890 629 995 663 huius
1028 629 1237 663 catechismi
1274 629 1439 673 exempla
1474 629 1583 669 misit,
1627 629 1773 673 „quibus
1809 629 1885 674 ejus
1921 628 1985 662 filii

211 683 474 717 imbue1·entur“
507 683 679 726 (Theiner
705 683 727 716 l.
749 694 778 717 c.
798 683 832 716 ΙΙ
859 683 1075 725 224—229).
1128 683 1224 716 Idem
1254 683 1462 716 Posset-inus
1488 683 1522 716 in
1553 682 1741 727 „Regulis“
1772 683 1872 716 iussu
1900 681 1984 716 Gre-

210 737 300 780 gorii
319 737 415 771 XIII.
435 737 639 771 abbatissae
665 736 872 770 monasterii
892 736 1119 770 vastenensis
1141 736 1370 778 (Vadstena)‚
1397 736 1532 769 ordinis
1550 736 1746 779 biigittani,
1774 736 1867 770 datis
1885 747 1984 780 prae-

209 789 297 834 cipit
319 791 433 824 sacris
451 789 522 824 illis
541 789 756 833 virginibus.
787 793 848 832 „ut
866 789 1123 824 catechismum
1145 789 1278 823 Canisii
1296 789 1592 833 manuscriptum,
1621 793 1657 823 et
1673 789 1810 823 suetice
1831 800 1984 828 versum,

210 853 315 886 quem
343 844 434 883 dedi,
470 843 524 877 bis
556 843 590 877 in
619 855 710 877 anno
736 843 876 884 saltem,
912 843 1054 888 publice
1081 843 1116 876 in
1142 842 1331 876 refectorio
1357 842 1500 885 legant:
1538 842 1709 877 moniales
1735 846 1866 883 autem,
1894 853 1986 886 quae

209 900 340 930 norunt
366 897 533 936 scribere,
569 897 636 931 sibi
663 908 901 940 unaquaeque
928 897 1118 937 describat,
1154 898 1194 929 ut
1220 896 1326 929 etiam
1355 896 1505 940 puellas,
1542 907 1631 939 quas
1657 896 1750 940 apud
1777 907 1816 929 se
1842 895 1985 935 habent,

210 950 360 984 eundem
388 951 559 984 doceant*
586 951 758 990 (Theiner
778 949 800 984 l.
821 962 851 985 c.
874 951 969 991 156).
1014 949 1115 991 Quod
1142 953 1372 994 praeceptum
1401 952 1463 983 aut
1481 952 1672 993 antequam
1694 949 1833 983 Parvus
1852 948 1986 983 Canisii

211 1003 460 1039 Catechismus
495 1003 637 1037 suecice
665 1015 822 1038 excusus
848 1007 945 1037 esset
973 1004 1057 1046 (non
1085 1014 1177 1037 anno
1206 1004 1307 1043 1580.
1344 1006 1383 1036 ut
1409 1002 1563 1036 Theiner
1590 1003 1725 1047 habet),
1757 1003 1879 1036 datum
1907 1013 1986 1036 esse

210 1060 272 1091 aut
298 1058 342 1092 ad
369 1058 538 1092 maiorem
568 1057 702 1092 Canisii
729 1057 987 1091 catechismum
1013 1057 1092 1091 sive
1114 1057 1318 1099 ,Summam
1345 1057 1527 1090 doctrinae
1554 1056 1792 1090 christianae“
1822 1058 1986 1101 spectare

211 1111 377 1156 putarim.
430 1111 584 1146 Volebat
619 1113 806 1155 praeterea
832 1110 1053 1144 Possevinus
1080 1110 1235 1151 efficere,
1270 1113 1310 1144 ut
1335 1109 1499 1144 suecicae
1526 1109 1576 1144 illi
1604 1109 1814 1144 catechismi
1840 1109 1987 1143 editioni

215 1164 481 1207 „Grammatica
507 1164 661 1206 Suetica,
699 1175 806 1208 quam
846 1164 881 1198 in
909 1164 1036 1198 Suecia
1072 1163 1199 1198 confici
1235 1165 1461 1204 euraverat‘,
1498 1166 1787 1208 praeponeretur,
1824 1165 1860 1196 et
1885 1162 1986 1196 utin

215 1218 484 1261 „finlandicam“
507 1230 648 1262 quoque
674 1218 834 1261 linguam
862 1218 954 1252 idem
975 1217 1217 1252 catechismus
1236 1220 1438 1251 verteretur
1459 1217 1632 1259 (Theiner
1656 1217 1679 1251 l.
1699 1228 1728 1251 c.
1747 1216 1846 1259 318).
1889 1215 1986 1258 Quae

211 1274 331 1306 utrum
358 1272 456 1306 facta
482 1272 555 1306 sint
581 1283 703 1313 necne,
731 1272 862 1305 nescio.

334 1325 496 1362 Unicum.
533 1326 625 1369 quod
652 1336 768 1369 usque
795 1324 914 1358 adhuc
939 1325 1088 1369 reperiri
1114 1324 1242 1368 potuit,
1277 1324 1458 1358 suecicum
1487 1323 1695 1358 catechismi
1727 1323 1900 1357 canisiani
1927 1334 1985 1356 ex-

212 1378 369 1424 emplum
404 1391 499 1413 nunc
526 1381 647 1413 exstat
674 1378 969 1421 Helsingoforsae
991 1378 1252 1421 (Helsingfors)
1281 1378 1315 1411 in
1343 1377 1479 1417 Finnia‚
1506 1377 1541 1411 in
1568 1376 1785 1411 bibliotheca
1811 1377 1984 1410 universi-

211 1434 310 1467 tatis.
346 1432 445 1475 Quod
465 1433 506 1467 R.
526 1432 709 1476 Dahlberg
738 1432 810 1475 (vir
836 1431 1075 1475 acatholicus)
1104 1433 1154 1465 ita
1181 1431 1301 1472 edidit,
1327 1433 1368 1465 ut
1393 1431 1483 1465 haec
1504 1431 1611 1465 editio
1638 1431 1746 1475 priori
1767 1431 1817 1464 illi
1845 1430 1985 1464 omnino

213 1485 343 1520 similis
370 1489 477 1526 esset,
504 1487 607 1530 eique
634 1486 814 1530 copiosum
843 1485 974 1520 adiecit
999 1486 1294 1519 commentarium
1323 1486 1396 1529 (pp.
1415 1485 1495 1526 28):
1530 1485 1679 1527 „Petrus
1707 1484 1881 1518 Canisius.
1934 1483 1986 1516 En

212 1539 299 1573 Iiten
326 1539 576 1574 catechismus
602 1540 613 1573 i
640 1539 830 1574 Facsimile
856 1538 922 1573 och
948 1539 1028 1572 med
1056 1551 1098 1572 en
1122 1538 1337 1572 Esterskrift
1361 1538 1528 1582 utgifven
1555 1539 1593 1572 af
1617 1539 1770 1581 Ragnar
1795 1538 1984 1581 Dahlbery.

212 1593 671 1637 Helsingfors-Stockholm
700 1593 801 1627 1921.
853 1593 1083 1636 Helsingfors
1113 1593 1213 1626 1921.
1267 1591 1402 1635 Holger
1438 1591 1596 1626 Schildts
1631 1591 1826 1636 Tryckeri“
1859 1590 1983 1633 („Fac-

211 1647 532 1692 simile-Upplagor
558 1647 598 1681 af
621 1646 720 1681 aldre
747 1646 912 1681 Svenska
938 1646 1059 1691 Tryck
1086 1646 1199 1679 under
1225 1645 1428 1679 Redaktion
1454 1646 1494 1679 af
1518 1644 1578 1680 Dr.
1596 1646 1682 1679 Isak
1711 1645 1840 1688 Collijn
1860 1643 1987 1685 lV“).¹

212 1700 290 1735 Hac
316 1701 471 1735 editione
497 1712 585 1734 usus
610 1712 700 1735 sum.
722 1701 977 1744 Sommervoyel
1001 1699 1096 1734 hunc
1124 1700 1251 1733 librum
1279 1711 1345 1733 non
1374 1700 1503 1743 posuit.

213 1803 364 1841 1234.
439 1804 532 1840 1579.

334 1867 497 1911 „Parvus
526 1865 764 1899 Catechismus
795 1863 1082 1899 catholicormffl
1108 1866 1219 1898 latine
1244 1866 1362 1898 editur
1392 1865 1594 1906 Cracoviae,
1627 1865 1808 1907 Dilinyae,
1844 1863 1986 1903 Romae,

215 1920 471 1953 Salmanticae.

334 1991 364 2024 1.
409 1990 543 2025 Canisii
587 1989 765 2032 ⁷,Parvum
809 1989 1076 2024 Catechismum
1120 1989 1406 2024 Catholicorum⁴⁴
1452 2000 1483 2023 a.
1522 1988 1612 2022 1579
1655 1987 1851 2021 Cracoviae
1893 1986 1985 2031 apud

213 2044 260 2079 M.
280 2043 545 2088 Siebeneycher
568 2043 703 2077 editum
722 2055 801 2077 esse
819 2046 991 2077 notarunt
1009 2044 1056 2077 K.
1074 2044 1286 2084 Estreicher,
1316 2042 1505 2076 Polnische
1524 2040 1790 2086 Bibliographie
1813 2044 1861 2083 (v,
1880 2051 1988 2084 supra

214 2109 247 2142 p.
268 2097 353 2140 751)
382 2096 439 2138 70,
475 2100 511 2131 et
541 2097 602 2139 (ex
628 2109 678 2138 eo,
705 2096 810 2142 puto)
840 2098 1096 2140 Sommervoyel
1122 2097 1144 2130 l.
1173 2108 1202 2130 c.
1222 2096 1254 2130 Π
1281 2096 1362 2130 636.
1414 2095 1580 2129 Ceterum
1608 2095 1690 2128 vide
1716 2106 1823 2139 supra
1850 2106 1883 2138 p.
1909 2093 1987 2127 751.

333 2162 365 2196 2.
396 2161 781 2204 „INSTITVTIONES
830 2161 1152 2196 CHRISTIANAE
1175 2200 1176 2203 Ἴ
1200 2160 1429 2201 PIETATIS,
1492 2161 1580 2195 SEV
1633 2159 1824 2194 PARVVS
1851 2158 1987 2193 CATE-

213 2215 422 2250 CHISMVS
459 2214 461 2259 Ι
499 2215 892 2255 CATHOLICORVM,
934 2217 935 2253 l
974 2214 1136 2249 Authore
1166 2217 1168 2256 Ι
1200 2214 1355 2248 ΡΕΤΒΟ
1384 2213 1571 2248 CANISlO
1609 2213 1848 2254 Societa-,tis
1882 2212 1989 2247 lESV

213 2268 405 2312 Theologo.
427 2270 428 2311 3
452 2268 631 2303 PRECES
651 2268 899 2303 HORARIAE
919 2268 979 2302 DE
1002 2284 1003 2310 ᾗ
1026 2271 1173 2302 aeterna
1193 2267 1255 2301 Dei
1274 2267 1462 2312 sapientia.
1506 2266 1734 2301 DILINGAE
1756 2266 1757 2279 ¹
1781 2265 1991 2300 Excudebat

216 2323 364 2356 loannes
399 2322 537 2367 Mayer.
568 2324 570 2366 1
602 2323 647 2357 Μ.
667 2322 709 2357 D.
729 2322 886 2356 Lxxlx.“
957 2322 1094 2356 Versus
1129 2321 1161 2362 2,
1199 2322 1229 2361 3,
1265 2321 1297 2363 8,
1333 2322 1364 2362 9,
1405 2321 1456 2361 12,
1496 2322 1538 2355 14
1568 2320 1664 2354 rubri
1699 2322 1796 2354 sunt.
1845 2319 1987 2353 Titulus
2016 2339 2019 2343 -

215 2376 442 2419 max-ginatus
469 2374 701 2420 inclususque
728 2383 784 2410 est
810 2375 922 2410 variis
948 2375 1085 2419 figuris.

337 2429 413 2472 160;
441 2429 477 2463 ff.
495 2429 654 2463 numeris
679 2429 825 2472 signata
852 2429 916 2470 80;
944 2431 1132 2474 praeterea
1157 2428 1194 2462 in
1220 2427 1320 2462 initio
1345 2428 1380 2461 ff.
1400 2439 1470 2461 non
1496 2427 1589 2469 sign.
1609 2426 1629 2460 9
1650 2425 1786 2468 (addito
1812 2425 1987 2468 titulari);

213 2482 352 2526 reliqua
387 2485 428 2516 ut
463 2484 497 2516 in
535 2483 688 2517 editione
732 2481 918 2526 dilingana
961 2482 1044 2516 anni
1083 2482 1193 2523 1578;
1238 2493 1271 2515 v.
1300 2492 1410 2526 supra
1445 2492 1477 2526 p.
1508 2480 1588 2515 783.
1650 2480 1703 2513 Cf.
1741 2479 1848 2512 etiam
1887 2478 1989 2516 infra,

215 2547 371 2570 monum.
392 2536 494 2571 1248.

333 2589 479 2624 Librum
517 2589 591 2623 vidi
626 2588 811 2634 Herbipoli
846 2589 881 2622 in
919 2588 1136 2623 bibliotheca
1171 2587 1378 2622 monasterii
1409 2587 1573 2621 Fratrum
1614 2586 1790 2620 Minorum
1831 2584 1990 2618 Conven-

214 2642 384 2683 tualium;
422 2643 517 2677 idem
553 2645 675 2677 exstat
700 2642 882 2677 Monachii
918 2643 952 2676 in
989 2642 1209 2676 bibliotheca
1242 2640 1415 2675 nationali
1442 2643 1478 2674 et
1509 2640 1669 2674 Veronae
1704 2640 1739 2673 in
1776 2637 1991 2673 bibliotheca

215 2695 314 2729 urbis
342 2696 548 2738 (biblioteca
574 2696 798 2739 comunale);
827 2696 903 2730 eius
930 2696 1147 2730 mentionem
1175 2695 1262 2729 fecit
1288 2695 1545 2737 Sommercoyel
1571 2693 1593 2728 l.
1613 2705 1641 2727 c.
1664 2693 1693 2726 ll
1721 2692 1802 2727 636.

334 2761 366 2795 3.
415 2760 768 2803 „CATECHISMVS
808 2761 810 2803 l
850 2760 1148 2796 CATHOLICVS
1187 2760 1188 2769 ¹
1229 2760 1505 2794 JVJ'ENTJ'TJ
1538 2758 1768 2793 FORMAN-
1800 2790 1801 2801 ,
1834 2759 1889 2791 dae
1929 2757 1992 2790 hoc

215 2814 344 2847 sset-nlo
371 2826 477 2858 quam
502 2816 658 2848 maxime
688 2851 689 2857 ἵ
720 2816 949 2848 necessarius.
997 2812 1222 2847 AVCTORE
1242 2813 1283 2847 D.
1303 2811 1460 2846 PETRO
1492 2849 1494 2855 y
1525 2811 1680 2852 Canisio,
1708 2810 1860 2845 Doctore
1878 2809 1989 2843 Theo-

339 2931 348 2951 ¹
379 2932 529 2973 „Petrus
556 2932 756 2973 Canisius“‚
793 2933 911 2976 inquit
936 2933 1128 2975 Dahlbery,
1167 2942 1253 2974 „var
1283 2931 1351 2965 den
1386 2929 1556 2964 katolska
1581 2929 1807 2963 reactionens
1841 2927 1992 2960 framste

217 2980 392 3018 malsman
420 2985 430 3018 i
457 2984 655 3029 Tyskland.
698 2986 798 3020 Hans
834 2985 957 3020 arbete
992 2986 1047 3020 for
1082 2984 1352 3019 katolicismens
1387 2982 1609 3017 utbredande
1644 2980 1833 3016 darstades
1858 2991 1925 3014 var
1950 2976 1992 3013 sa

215 3037 430 3082 betydande,
457 3041 511 3072 att
535 3050 618 3072 man
645 3039 761 3073 kallat
786 3039 914 3073 honom
935 3039 995 3072 det
1021 3037 1211 3072 lutherska
1228 3036 1436 3081 Tysklands
1453 3035 1603 3081 apostel.
1623 3061 1630 3069 .
1651 3061 1658 3069 .
1678 3061 1686 3069 .
1714 3035 1814 3068 Hans
1839 3031 1992 3067 katekes

216 3116 225 3125 .
245 3115 281 3125 ..
308 3102 394 3124 voro
430 3091 484 3124 s'or
520 3092 586 3125 den
622 3092 791 3126 katolska
829 3091 972 3136 kyrkan
1007 3092 1048 3126 af
1071 3101 1209 3125 samma
1243 3089 1430 3135 betydelse
1465 3100 1541 3123 som
1569 3087 1723 3122 Luthers
1758 3086 1912 3121 katekes
1937 3085 1992 3119 for

215 3143 285 3176 den
312 3144 640 3187 protestantiska“:
668 3144 883 3179 Efterskrift
908 3157 941 3190 p.
961 3145 992 3179 6.
