2051 3433
208 165 263 205 42
691 160 791 195 1797.
828 158 867 195 P.
887 157 1092 204 Alphonsus
1119 157 1304 192 Sahneron
1331 156 1484 191 Canisio.

209 279 390 321 viriliter
422 276 727 332 propugnanti,
762 275 829 318 cui
861 275 1069 330 peculiari
1102 275 1265 330 pietate
1299 288 1344 316 es
1371 275 1568 324 affectus,
1603 274 1754 316 deesse
1786 274 1970 329 poterim

208 358 319 398 quae
351 343 548 386 omnibus
580 342 790 392 fidelibus,
825 341 955 384 etiam
984 342 1035 383 de
1058 355 1104 383 se
1127 340 1301 382 minime
1323 339 1627 393 cogitantibus,
1662 353 1708 382 se
1730 340 1843 382 solet
1873 353 1971 395 pro-

209 409 358 464 pitiam
392 408 666 458 aduocatam,
712 406 1101 461 protectricemque
1143 407 1400 460 praestare?
1464 405 1590 447 Certe
1623 407 1785 458 quanto
1818 404 1972 448 acriori

208 474 251 516 in
293 473 456 528 proelio
490 487 587 515 cum
628 472 824 515 hostibus
858 471 1061 521 versaris,
1105 485 1156 513 ac
1196 485 1273 524 pro
1306 469 1505 524 ampliori
1538 484 1584 512 re
1624 469 1706 512 inis
1739 473 1972 520 certamen,

209 543 254 582 et
297 538 588 593 contemptius
621 536 856 587 Haeretici,
901 538 1032 589 atque
1074 534 1284 578 abiectius
1320 535 1372 577 de
1405 535 1517 578 Diua
1548 535 1741 588 Virgine,
1775 535 1846 577 vel
1877 548 1974 577 sen—

207 604 334 655 tiunt,
370 604 438 646 vel
472 603 740 658 praedicant,
774 602 843 644 vel
877 601 1084 651 scribunt,
1118 603 1243 643 tanto
1276 603 1322 643 tu
1356 599 1696 654 praesentiorem
1721 600 1812 643 eius
1836 614 1973 655 opem,

208 672 252 713 et
284 668 568 724 patrocinium
605 667 854 722 experieris,
889 680 971 719 quo
1006 680 1100 708 eam
1134 666 1188 707 ab
1223 665 1419 707 omnibus
1456 666 1778 709 contumeliosis
1809 666 1974 708 Haere-

207 735 390 778 ticorum
425 733 761 787 cogitationibus
794 732 998 781 vindices,
1038 731 1216 784 eiusque
1249 730 1519 784 dignitatern,
1555 730 1751 784 gloriam,
1785 731 1976 774 illustres

212 800 410 852 denique,
457 801 588 852 atque
621 797 868 852 splendidos
901 796 1051 839 titulos
1083 795 1126 837 in
1159 796 1298 837 lucem
1331 809 1471 847 eruas,
1517 798 1649 849 atque
1680 799 1845 839 tueare.
1907 796 1978 838 In·
2038 839 2040 842 ,

207 879 327 918 gens,
362 864 488 906 crede
510 863 625 914 mihi,
661 863 817 905 exinde
839 861 1006 905 meritis
1028 861 1115 904 tuis
1137 862 1212 904 fiet
1235 861 1439 912 accessio,
1465 875 1755 915 magnumque
1778 864 1977 916 propter-

208 944 260 972 ea
292 944 354 986 ex,
379 932 469 972 tam
504 929 692 982 glorioso
726 927 962 970 certamine
994 927 1169 968 laudum
1204 926 1420 968 cumulum
1453 927 1714 981 reportabis,

326 1000 446 1051 Quod
479 1000 514 1042 si
538 1002 710 1042 veteres
733 1000 900 1049 Patres,
935 997 1006 1052 qui
1029 997 1284 1052 simpliciter
1315 1011 1393 1051 pro
1418 997 1671 1051 virginitate
1693 997 1808 1041 inter
1830 998 1978 1040 fideles

208 1066 422 1109 seruanda
463 1066 730 1116 laborarunt,
774 1058 945 1107 tantam
987 1066 1088 1106 sunt
1129 1063 1301 1105 laudem
1345 1063 1459 1117 apud
1501 1066 1700 1118 posteros
1745 1063 1976 1114 consecuti,
2042 1090 2046 1120 :

208 1145 440 1184 eorumque
472 1131 648 1185 scripta,
682 1132 809 1172 tanta
836 1143 931 1171 cum
965 1131 1163 1171 autorum
1197 1128 1338 1181 gloria
1369 1128 1674 1172 lectitantur1:
1711 1142 1817 1182 quos
1848 1131 1979 1183 putas

208 1197 401 1240 edituros
442 1195 623 1247 fructus,
668 1198 712 1237 et
752 1194 1067 1249 promerituros
1108 1193 1283 1236 laudum
1323 1193 1487 1244 titulos,
1531 1197 1576 1237 et
1606 1194 1862 1248 triumphos,
1906 1194 1978 1247 qui
2041 1199 2049 1219 ‘¹

207 1276 292 1304 non
334 1264 503 1304 tantum
547 1275 623 1315 pro
659 1260 892 1303 Genitricis
925 1259 1004 1302 Dei
1037 1259 1305 1313 virginitate,
1348 1259 1425 1301 sed
1467 1259 1598 1302 etiam
1640 1273 1716 1313 pro
1756 1259 1852 1301 aliis
1885 1259 1977 1302 eius
2047 1258 2049 1271 '

211 1326 485 1381 amplissimis
529 1326 722 1377 dotibus,
767 1328 811 1367 et
853 1325 980 1380 plane
1022 1324 1177 1366 diuinis
1219 1324 1467 1366 muneribus
1510 1324 1747 1367 dimicant?
1811 1325 1974 1367 Beatus

207 1391 512 1446 Ildephonsus,
557 1391 781 1434 Ecclesiae
823 1390 1063 1433 Toletanae
1105 1389 1323 1439 Antistes,
1377 1403 1473 1431 cum
1515 1403 1592 1444 pro
1637 1390 1800 1432 tuenda
1841 1389 1979 1432 Diuae

208 1457 373 1499 Mariae
396 1456 662 1509 virginitate,
698 1459 850 1499 contra
874 1456 1082 1509 quosdam
1105 1455 1171 1497 sui
1204 1455 1412 1509 temporis
1443 1455 1687 1498 haereticos
1713 1455 1867 1498 librum
1891 1455 1979 1497 edi-

209 1522 384 1573 disset2‚
418 1522 498 1563 hoc
530 1521 603 1564 ille
626 1522 802 1575 dignum
835 1535 1010 1563 suorum
1041 1521 1237 1563 laborum
1270 1520 1508 1575 praemium
1532 1524 1789 1563 consecutus
1812 1522 1891 1573 est,
1924 1523 1975 1563 vt

209 1589 347 1631 Beata
390 1587 578 1641 Deipara
626 1601 783 1642 magno
825 1586 1092 1640 Angelorum
1135 1585 1342 1629 comitatu
1385 1586 1570 1640 stipata,
1619 1586 1682 1629 illi
1723 1586 1978 1641 apparuisse

208 1653 398 1696 feratur:
441 1655 486 1695 et
517 1666 642 1695 sacra
674 1654 810 1703 veste,
854 1666 965 1706 quae
1005 1651 1049 1694 in
1082 1652 1242 1694 Missae
1274 1651 1482 1706 mysterio
1518 1651 1766 1706 peragendo
1798 1651 1977 1705 reliquis

210 1719 405 1761 omnibus
438 1718 490 1759 de
522 1732 641 1761 more
673 1717 905 1772 superponi
937 1717 1061 1770 solet,
1097 1718 1216 1759 illum
1246 1717 1485 1759 induisse3:
1522 1731 1632 1770 quae
1655 1717 1791 1760 vestis
1823 1717 1868 1759 in
1901 1718 1979 1759 ho-

335 1864 345 1884 ¹
371 1864 405 1899 S.
434 1864 614 1898 Ambrosii
647 1863 717 1906 „De
752 1862 975 1906 virginibus“
1014 1864 1050 1896 et
1081 1862 1151 1905 „De
1186 1862 1432 1906 virginitate“,
1469 1861 1503 1897 S.
1530 1862 1726 1907 Augustini
1757 1862 1829 1905 „De
1855 1867 1982 1897 sancta
2032 1891 2044 1904 ,,

212 1917 456 1962 virginitate“,
494 1916 528 1951 S.
554 1917 765 1961 Hieronymi
797 1916 1002 1959 „Adversus
1028 1915 1288 1950 Iovinianum“.
1341 1915 1524 1961 Scripsere
1559 1917 1746 1961 praeterea
1771 1915 1982 1951 Ambrosius
2048 1939 2051 1946 ·

218 1972 289 2014 „De
315 1971 542 2005 institutione
568 1971 721 2014 virginis
748 1972 792 2004 et.
813 1970 847 2005 S.
867 1970 1004 2004 Mariae
1023 1970 1234 2013 virginitate
1260 1970 1453 2014 perpetua‘
1483 1972 1519 2004 et
1542 1969 1784 2015 Hieronymus
1806 1968 1877 2013 „De
1903 1981 1981 2015 per·
2032 1955 2035 2018 j

213 2027 321 2070 petua
347 2024 557 2068 virginitate
584 2024 623 2059 B.
643 2024 799 2058 Mariae“
831 2023 1022 2068 (adversus
1049 2023 1286 2067 Helvidium).
2044 2067 2046 2076 Ι

332 2084 345 2104 ²
372 2083 405 2118 S.
426 2083 663 2129 Ildephonsus
700 2084 736 2127 (†
763 2083 846 2127 667)
885 2082 1176 2128 archiepiscopus
1212 2082 1393 2117 toletanus
1421 2083 1621 2128 composuit
1654 2082 1781 2117 librum
1815 2082 1886 2125 „De
1911 2083 1982 2117 vir·
2032 2095 2035 2134 [

210 2137 361 2180 ginitate
396 2139 569 2183 perpetua
596 2136 749 2171 Sanctae
776 2136 912 2171 Mariae
939 2136 1112 2171 adversus
1147 2139 1222 2171 tres
1258 2136 1440 2171 infideles“
1473 2136 1723 2180 (Iovinianum,
1762 2135 1981 2177 Helvidium,
2032 2163 2034 2175 ,

214 2190 423 2235 Iudaeum);
449 2203 483 2226 V.
504 2192 634 2235 Miqne,
663 2190 700 2224 P.
721 2190 774 2224 lat
798 2190 924 2232 XCVI,
953 2190 1127 2225 51—110.

330 2252 342 2271 ³
368 2251 408 2284 In
443 2250 544 2284 brevi
579 2250 723 2294 quidem
758 2249 962 2294 ildephonsi
998 2250 1076 2284 vita
1111 2261 1131 2284 a
1158 2250 1303 2284 Iuliano
1339 2248 1374 2293 (†
1401 2249 1499 2292 690),
1537 2249 1596 2294 qui
1634 2251 1714 2294 post
1749 2259 1830 2283 eum
1869 2247 1983 2283 archi-

212 2304 399 2349 episcopus
417 2303 598 2338 toletanus
618 2304 697 2346 fuit,
721 2304 857 2349 scripta
884 2304 926 2337 de
948 2303 1070 2337 casula
1090 2303 1150 2338 illa
1170 2304 1250 2337 sive
1271 2302 1415 2348 planeta
1433 2302 1523 2337 nihil
1543 2303 1692 2344 dicitur;
1722 2303 1841 2337 Ce'xae'la
1863 2304 1982 2337 autem
2031 2318 2034 2331 ·

212 2358 502 2402 archiepiscopus
538 2357 719 2392 toletanus
749 2357 783 2401 (†
811 2361 852 2392 ca
879 2357 963 2400 783)
1001 2359 1134 2399 narrat,
1172 2357 1211 2392 B.
1230 2357 1382 2391 Mariam
1409 2357 1587 2400 virginem
1622 2358 1726 2391 nocte
1761 2356 1917 2400 quadam
1949 2357 1984 2390 in
2029 2393 2032 2398 ,

212 2410 344 2456 templo
371 2410 569 2445 cathedrali
597 2423 676 2445 cum
704 2410 869 2456 plurimis
897 2410 1098 2453 virginibus
1124 2410 1339 2455 Ildephonso
1366 2411 1481 2445 visam
1509 2421 1599 2450 esse,
1627 2410 1811 2444 sedentem
1838 2409 1873 2444 in
1899 2409 1984 2444 sede

212 2464 468 2509 episcoporum,
495 2465 598 2509 eique
624 2464 722 2506 haec,
761 2466 904 2509 praeter
929 2463 1010 2505 alia,
1039 2464 1192 2498 dixisse:
1234 2464 1386 2509 „Accipe
1414 2463 1664 2498 munusculum
1692 2463 1735 2498 de
1761 2474 1869 2497 manu
1895 2474 1982 2504 mea,

213 2517 305 2561 quod
332 2517 375 2551 de
409 2517 579 2552 thesauro
606 2517 685 2562 Filij
715 2519 782 2552 mei
809 2517 874 2552 tibi
901 2517 1026 2552 attuli:
1063 2517 1114 2552 sic
1141 2517 1235 2552 enim
1262 2516 1326 2551 tibi
1353 2529 1440 2562 opus
1468 2519 1533 2559 cst,
1570 2519 1610 2551 vt
1635 2516 1882 2552 benedictione
1908 2520 1983 2560 teg-

213 2570 328 2612 minis,
356 2581 447 2614 quae
474 2571 538 2605 tibi
567 2571 683 2605 danda
709 2573 774 2612 est,
804 2572 837 2605 in
866 2582 943 2605 mco
970 2573 1110 2605 tantum
1138 2571 1194 2604 die
1213 2571 1346 2605 vtaris'‘
1372 2574 1459 2612 etc.;
1488 2570 1577 2605 haec
1596 2570 1847 2615 ildephonsum
1867 2570 1982 2615 ipsum

219 2623 304 2665 „sibi
330 2624 482 2657 consciis
509 2626 544 2658 et
576 2625 665 2658 bene
692 2624 1143 2666 carissimis“rettulisse“;
1179 2624 1305 2658 deinde
1332 2626 1527 2658 Bozlericus
1556 2625 1776 2659 cerratensis
1802 2622 1842 2658 O.
1863 2623 1920 2658 Pr.
1949 2623 1984 2657 in
2032 2646 2037 2659 ,

216 2675 417 2721 ildephonsi
446 2677 521 2711 vita
555 2678 698 2712 saeculo
725 2678 820 2712 Xlll.
849 2679 984 2723 scripta
1019 2681 1153 2720 narrat,
1190 2678 1229 2712 B.
1259 2678 1443 2721 Virginem
1480 2677 1756 2720 „vestimentum
1791 2676 1893 2721 quod·
1920 2688 1984 2711 nos

214 2729 343 2764 Albam
379 2731 585 2772 voca¹11us“,
622 2731 652 2764 ei
690 2731 898 2776 reliquisse.
942 2731 1048 2775 idque
1086 2733 1212 2776 postea
1251 2731 1306 2774 „in
1345 2730 1515 2765 thesauro
1557 2730 1750 2766 ecclcsiae“
1789 2730 1982 2775 repositum
2032 2735 2034 2760 ἵ

215 2794 294 2816 esse
316 2782 450 2826 (illique
468 2783 490 2817 l.
511 2795 538 2818 c.
559 2784 718 2825 43—50;
747 2787 839 2819 Acta
870 2787 1096 2833 Saus-torum,
1126 2784 1281 2819 lanuarii
1300 2784 1433 2819 Tomus
1452 2784 1495 2825 ΙΙ,
1523 2784 1744 2829 Antverpiae
1767 2784 1868 2825 1643,
1896 2783 1983 2824 537;

215 2837 305 2869 Εην.
333 2837 463 2869 Γίυνοε
496 2836 535 2871 Ο.
565 2836 599 2871 S.
628 2837 731 2879 Aug,
768 2838 912 2883 Espassa
948 2838 1103 2881 sagrada
1130 2837 1188 2879 V⁵‚
1224 2837 1365 2872 Madrid
1405 2838 1504 2878 1859,
1542 2838 1729 2872 263—‘266
1763 2836 1982 2880 488—490).

215 2888 317 2923 Nunc
344 2900 484 2933 quoquc
511 2890 544 2923 iu
572 2892 831 2934 Martyroloffl’o
850 2893 1012 2926 Romano
1038 2891 1172 2935 legitur
1198 2891 1272 2934 (23.
1295 2891 1463 2934 Ianuarii)
1494 2891 1536 2925 de
1556 2891 1590 2925 S.
1609 2890 1842 2936 Ildephonso:
1868 2890 1900 2924 A
1920 2890 1982 2924 Dei
2031 2906 2034 2922 ι

217 2941 398 2976 Genitricc
429 2943 703 2984 „candidissima
730 2947 831 2978 vcstc
867 2945 1019 2979 donatus
1055 2945 1129 2979 est“
1164 2944 1296 2987 (Editio
1331 2944 1455 2989 typica
1483 2944 1668 2985 Vaticana,
1705 2945 1741 2978 in
1768 2943 1816 2985 8⁰,
1851 2943 1984 2978 Romae
2032 2958 2033 2981 l

219 2995 319 3036 1913,
356 2995 526 3037 24—25).
579 2995 767 3031 Caeterum
804 2998 1033 3033 doctissimus
1069 2997 1128 3032 ille
1163 2999 1316 3031 loannes
1354 2998 1587 3032 Mabe'llonius
1621 2996 1662 3032 O.
1691 2996 1725 3031 S.
1751 2997 1790 3031 B.
1818 2998 1982 3036 testatur,

220 3048 368 3090 „Albam
397 3048 561 3083 absolute
588 3049 799 3095 quandoque
826 3053 991 3085 vocatam
1020 3062 1098 3086 esse
1121 3050 1289 3085 Cas-ulam
1315 3050 1425 3091 illam,
1461 3051 1554 3095 quod
1581 3063 1625 3085 ex
1652 3061 1769 3096 panno
1795 3049 1875 3084 albo
1902 3061 1983 3084 con-
2032 3046 2033 3062 ³

218 3102 311 3136 fecta
338 3102 453 3136 essct⁸
470 3115 476 3141 ;
505 3114 539 3136 v.
559 3103 597 3137 P.
617 3104 659 3138 B.
683 3106 790 3137 Gams
810 3104 850 3138 O.
872 3104 905 3139 S.
925 3104 975 3146 Β.,
1004 3104 1068 3139 Die
1089 3103 1457 3148 Kirchengeschichte
1477 3115 1546 3138 von
1565 3103 1721 3149 Spauien
1739 3103 1798 3146 11²,
1824 3102 1981 3147 Regens-

216 3154 307 3197 burg
336 3155 436 3196 1874,
465 3155 663 3190 248—249.
