2062 3443
353 194 455 229 1837.
487 192 652 227 Canisius
678 193 774 228 card.
802 193 1006 228 Ptolemaeo
1033 193 1161 230 Gallio.
1204 195 1442 240 MartjApriL
1473 196 1572 230 1573.
1763 200 1843 240 113

196 310 320 344 Mense
355 312 473 344 autem
501 310 700 355 Septembri
729 322 760 345 a.
783 311 873 345 1573
907 310 1008 344 ducis
1044 310 1184 344 nomine
1214 311 1386 355 scriptum
1418 314 1472 346 est
1498 313 1541 346 ad
1570 313 1843 348 universitatem

45 401 48 404 ,
77 363 406 407 ingolstadienseni.
429 366 469 398 ut
486 363 733 409 philosophiae
751 364 946 398 tradendae
964 375 1092 398 munus
1110 364 1145 398 in
1165 365 1389 398 Brunnerum
1408 365 1612 400 conferrent
1631 366 1687 409 (C.
1705 368 1844 408 Prantl,

78 416 295 452 Geschichte
321 417 383 451 der
410 416 1068 460 Ludwig-Maximilians-Universitat
1093 417 1129 451 in
1156 418 1369 461 Ingolstadt,
1397 418 1593 461 Landshut,
1620 420 1799 455 Miinchen
1819 421 1843 461 1,

77 470 255 505 Miinchen
277 470 379 512 1872,
407 470 633 515 336—337);
661 474 768 515 atque
795 471 865 505 iam
883 482 930 506 m.
949 471 1137 506 Decembri
1157 471 1315 505 eiusdem
1334 473 1417 506 anni
1444 472 1632 517 physicam
1652 473 1710 508 ille
1728 474 1843 516 lugol-

75 524 182 558 stadii
201 524 368 565 docebat;
389 526 514 568 postea
532 524 720 559 hebraicae
738 524 883 568 linguae
901 526 1092 569 praecepta
1110 524 1239 559 ibidem
1259 525 1449 559 tradidisse
1467 526 1630 567 videtur;
1649 538 1740 561 anno
1759 539 1843 561 vero

79 577 167 611 1577
183 589 263 612 cum
278 578 354 612 suis
369 577 590 622 Ingolstadio
604 578 772 612 discessit
786 579 932 619 (Fr-antl
945 577 967 612 l.
981 589 1009 612 0.
1022 578 1036 611 I
1050 578 1253 618 336—337;
1271 580 1300 612 I.
1312 579 1357 613 N.
1370 579 1542 623 Mederer,
1558 579 1717 614 Annales
1729 581 1842 624 Ingol-

75 631 268 665 stadiensis
286 631 502 665 Academiae
521 631 563 669 11.
584 631 794 674 Ingolstadii
813 632 912 672 1782,
935 631 1007 675 34).
1044 631 1175 665 Exstat
1201 631 1344 666 libellus
1362 632 1397 666 in
1415 633 1453 666 4ο
1471 643 1502 667 a.
1525 633 1615 668 1584
1634 633 1843 677 Ingolstadii

75 695 231 719 excusus
249 695 329 718 cum
348 683 415 718 hac
434 684 684 729 inscriptione:
710 684 908 727 „Professio
923 684 1101 719 catholica
1114 684 1263 719 Joannis
1279 685 1452 719 Brunneri
1464 685 1804 730 Dockenburgensis
1823 689 1842 723 ¹.

76 738 163 772 Post
180 737 355 779 haeresin,
375 737 410 771 in
425 748 495 782 qua
510 741 627 777 natus,
647 738 830 779 educatus,
846 741 881 772 et
899 738 1002 772 annis
1017 738 1159 772 circiter
1173 739 1441 782 quatuordecim
1458 738 1696 773 Concionator
1713 740 1842 775 fuerat.

73 790 177 825 Nunc
214 790 432 825 Graecarum
468 791 652 825 literarum
690 793 725 825 et
760 794 907 826 sanctae
942 791 1086 835 linguae
1113 791 1332 826 Professoris
1367 792 1535 826 ordinarii
1562 793 1597 826 in
1624 793 1759 837 inclyto
1779 821 1786 828 .
1808 822 1812 827 .
1837 821 1842 827 .

76 844 376 890 Archigymnasio
402 844 495 889 apud
522 844 735 888 Friburgum
763 845 993 889 Brisgoviae“
1010 845 1031 879 ἵ.
1084 845 1122 879 In
1150 857 1219 890 quo
1245 845 1376 886 libello,
1413 846 1615 890 germanice
1642 858 1782 891 quoque
1809 851 1843 881 et

74 898 204 942 gallice
231 898 335 939 edito,
372 898 535 932 Brunner
561 898 730 938 affirmat,
765 909 803 932 se
834 899 986 933 lectione
1013 898 1225 933 Sanctorum
1252 898 1401 933 Patrum
1436 900 1610 934 ecclesiae
1645 900 1842 934 catholicae

76 952 265 986 veritatem
292 952 456 986 edoctum
484 954 520 985 et
546 951 696 985 aliorum
724 952 894 986 librorum
922 951 1178 986 catholicorum
1206 952 1358 987 lectione
1384 953 1419 986 in
1455 953 1524 987 fide
1559 952 1736 988 catholica
1763 965 1842 988 con·

74 1006 255 1040 firmatum
289 1006 437 1049 eiusque
473 1016 592 1039 amore
629 1006 812 1039 incensum
839 1017 918 1040 esse
947 1005 1080 1048 (Andr.
1110 1008 1205 1050 Rcifi,
1242 1006 1307 1040 Die
1334 1006 1565 1041 Convertiten
1593 1007 1663 1041 seit
1689 1007 1750 1041 der
1777 1007 1841 1041 Re-

74 1059 264 1093 formation
294 1059 335 1099 ll,
362 1058 537 1102 Freiburg
562 1059 583 1093 i.
604 1059 662 1093 ΒΓ.
694 1059 796 1101 1866,
825 1059 1042 1103 530-549).

74 1168 226 1206 1837.
326 1170 543 1206 CANISIUS
580 1170 752 1206 cardinali
788 1169 1210 1207 PTQLEMAEO
1240 1170 1516 1215 GALLIO,
1553 1172 1717 1216 Gregorii
1745 1173 1840 1207 XIII.

263 1224 458 1259 secretario
484 1224 622 1259 maiori.

344 1284 544 1329 Oeniponte
572 1284 630 1319 vel
657 1285 770 1319 Roma
796 1284 890 1319 inter
916 1285 1059 1319 initium
1085 1296 1131 1319 m.
1151 1285 1273 1319 Martii
1300 1288 1336 1319 et
1362 1285 1502 1319 initium
1527 1285 1663 1331 Aprilis
1691 1287 1793 1321 1573.

192 1349 246 1384 Ex
265 1349 471 1395 apographo
490 1349 555 1393 (A)
577 1350 734 1384 eiusdem
754 1350 926 1394 temporis
945 1360 1056 1393 eoque
1075 1349 1218 1391 Romae,
1243 1352 1283 1384 ut
1300 1350 1454 1390 videtur,
1473 1351 1607 1396 scripto
1628 1350 1687 1394 (2ο
1707 1352 1841 1385 formae

72 1414 250 1444 romanae,
278 1414 385 1447 quam
413 1403 550 1444 dicunt:
579 1415 638 1448 pp.
665 1403 704 1443 5;
733 1403 768 1437 in
788 1415 820 1448 p.
841 1404 861 1437 8
888 1403 1084 1448 inscriptio,
1111 1403 1154 1437 de
1173 1415 1242 1447 qua
1269 1406 1351 1449 post
1377 1404 1474 1449 ipsas
1500 1404 1642 1438 litteras
1669 1404 1839 1447 dicetur);

73 1457 166 1501 quod
186 1458 308 1491 exstat
326 1457 360 1490 in
380 1456 526 1491 archivo
541 1457 720 1498 vaticano,
740 1456 825 1491 Cod.
845 1456 917 1500 „De
933 1456 1126 1491 Germania
1140 1457 1240 1492 Tom:
1259 1457 1312 1491 6.“ι
1338 1457 1494 1499 (Armar.
1510 1458 1583 1501 64.)
1603 1459 1626 1492 f.
1645 1457 1840 1492 183-186.

72 1510 228 1545 Litteras
255 1521 301 1544 ex
328 1510 450 1544 eodem
478 1510 685 1555 apographo
711 1510 849 1555 primus
876 1511 988 1545 edidit
1015 1510 1070 1552 (S)
1093 1512 1273 1554 Sekia-urz,
1301 1510 1506 1545 Gutachten
1534 1514 1600 1545 etc.
1628 1523 1660 1556 p.
1681 1511 1724 1545 29
1738 1512 1839 1555 —33;

72 1564 118 1598 cf.
146 1564 275 1598 ibidem
304 1576 336 1609 p.
363 1575 660 1598 xxvn-xxviu.
712 1564 760 1599 Iis
786 1575 874 1598 usus
901 1566 957 1598 est
983 1565 1193 1606 Schellhass,
1222 1564 1332 1598 Nunt.
1360 1564 1409 1597 III
1436 1575 1700 1600 xxvu—xxrx.

194 1630 288 1671 Quid
314 1641 356 1663 ea·
382 1631 554 1663 Ans-triae
577 1631 777 1673 superioris
803 1634 832 1662 et
850 1630 1031 1663 Barariae
1051 1631 1281 1674 principibus
1307 1634 1358 1671 (et
1384 1641 1426 1663 es
1452 1631 1714 1674 archiepiscopo
1738 1632 1841 1663 salis-

72 1684 258 1726 bzcryensi)
295 1685 487 1726 acceperit:
522 1684 601 1717 Non
639 1683 841 1716 bellandum
877 1688 1001 1717 contra
1033 1688 1277 1727 protestantes.
1328 1685 1469 1717 Foedus
1494 1685 1664 1718 adversus
1694 1685 1840 1718 Tecrcas.

71 1737 292 1779 Reformatio
327 1738 422 1771 cleri.
474 1738 606 1771 Electi'o
641 1739 734 1780 reglis
759 1738 1016 1771 Romanorum.
1068 1738 1208 1771 Nuntii.
1262 1738 1467 1771 seminaria
1495 1742 1552 1771 etc.
1604 1739 1759 1779 Leyatas
1794 1739 1841 1771 ad

72 1792 224 1824 comitia.
268 1791 604 1834 Archiopiscopatns
631 1791 840 1824 coloniensis
867 1795 897 1824 et
922 1792 1121 1825 bremensis.
1166 1792 1307 1825 Elector
1334 1793 1528 1826 Saroniae.
1574 1790 1791 1825 lurisde'cla'o.

19 1936 21 1938 ·
190 1874 366 1917 Summa
388 1888 549 1925 eorum,
583 1888 694 1927 quae
717 1888 772 1916 ex
794 1877 978 1928 utroque
1002 1873 1202 1928 Principe
1224 1875 1275 1917 D.
1298 1873 1571 1916 Ferdinando
1594 1874 1838 1925 Austriaco‚

71 1943 115 1982 et
147 1939 198 1982 D.
221 1939 401 1983 Alberto
431 1940 616 1991 Bauaro,
650 1939 693 1981 in
726 1939 807 1982 hac
839 1939 1069 1981 missione3
1100 1939 1284 1993 intelligi
1318 1942 1564 1994 potuerunt.

190 2017 394 2071 Vtrique⁸
439 2019 690 2071 pergratum
733 2017 817 2060 fuit
858 2017 981 2060 Pont.
1024 2017 1142 2060 Max,
1181 2016 1388 2071 scriptum
1403 2017 1431 2068 ⁴,
1476 2019 1521 2059 et
1562 2016 1840 2060 salutationis

71 2082 273 2134 officium,
307 2081 640 2137 consil[iumque
673 2081 912 2137 eiusdem]¹'
955 2083 1006 2125 de
1038 2082 1226 2125 iuuanda
1260 2082 1493 2125 Germania
1530 2082 1571 2124 in
1607 2082 1686 2124 hoc
1719 2084 1839 2125 statu

70 2148 357 2192 afflictissimo
390 2148 641 2202 Religionis.
1590 2154 1599 2166 ’

188 2214 267 2264 Qui
309 2214 435 2256 ambo
468 2213 650 2256 laudant
692 2213 887 2267 adeoque
928 2214 1218 2257 necessarium
1262 2215 1420 2268 putant
1457 2213 1611 2255 summi
1645 2214 1840 2257 Pastoris

69 2280 258 2323 studium
292 2280 344 2322 de
377 2277 665 2334 pra[edicta]“
688 2278 748 2334 [P]
783 2279 959 2322 natione
987 2278 1291 2322 benemerendi
1314 2301 1324 2310 ·
1348 2282 1392 2322 et
1418 2279 1545 2321 ualde
1568 2278 1758 2334 cupiunt,
1792 2283 1840 2322 ut

68 2345 183 2388 idem
223 2359 416 2388 summus
457 2345 679 2387 Ecclesiae
720 2344 927 2399 Princeps
971 2345 1026 2387 ad
1069 2342 1449 2399 [Germanos]⁶[?]
1492 2344 1837 2396 lucrifaciendos,

69 2410 357 2465 cogitationes
389 2425 602 2464 curasque
633 2425 736 2453 suas
764 2413 922 2466 pergat
954 2413 1222 2460 conuertere,
1257 2412 1302 2452 et
1334 2410 1387 2452 ab
1421 2424 1470 2452 eo
1503 2410 1703 2453 instituto
1736 2424 1838 2453 uere

69 2478 172 2532 Ap.⁵
203 2477 333 2519 nullis
365 2476 604 2519 rationibus
636 2478 714 2519 aut
745 2475 1073 2519 difficultatibus
1093 2489 1140 2518 se
1163 2489 1350 2529 unquam
1384 2475 1578 2530 patiatur
1611 2475 1777 2518 abduci.

187 2542 253 2584 Ac
273 2542 316 2584 in
343 2556 392 2584 eo
417 2542 588 2596 quidem
610 2541 653 2583 hi
677 2541 898 2596 Principes
925 2541 1213 2592 consentiunt,
1247 2541 1300 2583 ad
1329 2554 1382 2583 ea
1402 2541 1545 2583 media
1567 2544 1612 2584 et
1633 2541 1836 2592 remedia,

68 2610 117 2651 ut
154 2610 363 2650 sanentur
396 2607 601 2650 Germani
645 2607 910 2650 redeundum
951 2621 1036 2649 non
1078 2620 1187 2657 esse,
1229 2619 1340 2660 quae
1381 2606 1467 2648 iam
1506 2610 1609 2650 ante
1650 2609 1835 2658 tentata,

187 2703 216 2731 a)
238 2700 376 2733 Vtroque
397 2703 431 2726 A.
541 2700 572 2732 b)
595 2701 673 2731 Quae
693 2701 740 2726 hic
759 2704 785 2725 et
808 2701 889 2731 infra
912 2701 995 2725 uncis
1020 2701 1175 2732 quadi-ulis
1200 2701 1313 2724 inclusa
1333 2703 1409 2730 sunt,
1436 2700 1608 2724 coniecturis
1634 2701 1770 2732 suppleri
1791 2709 1837 2724 ην-

67 2750 142 2768 cesse
161 2743 239 2774 fuim-
264 2751 330 2767 nam
352 2743 420 2767 illae
440 2743 604 2774 (φορμ-(ΨΜ
627 2746 732 2774 pao-tes
756 2746 861 2774 putore
881 2746 1066 2773 consumptae
1086 2745 1161 2766 sunt.
1201 2742 1335 2766 Selia-ur:
1358 2742 1472 2772 supplet
1492 2742 1585 2765 solum
1606 2741 1837 2774 consiliumque.

68 2786 95 2815 c)
116 2785 205 2810 Scluc.
227 2787 319 2809 censet
339 2792 400 2809 esse
419 2785 635 2816 supplendum.-
656 2783 901 2817 praeclarissima
923 2783 1152 2809 Germanorum.
1245 2783 1275 2815 d)
1296 2789 1349 2808 eos
1371 2784 1397 2807 S.

192 2879 201 2899 ¹
227 2879 482 2923 Toggenburg,
513 2881 599 2913 tune
626 2878 819 2913 comitatus
845 2878 987 2912 abbatis
1013 2877 1261 2921 Sangallensis
1287 2877 1328 2912 Ο.
1348 2876 1381 2912 S.
1402 2878 1440 2912 B.
1467 2877 1616 2922 imperio
1642 2877 1836 2918 subiectus,

68 2944 162 2967 nuno
188 2930 1264 3031 {agibeleliiptgldiiiaglusriingidiellsssyisslafdiidirilsarlcililixifbmciiriae
1291 2984 1516 3030 episcopalis.

188 3040 201 3060 ³
227 3039 318 3074 Vide
344 3051 453 3085 supra
479 3052 512 3085 p.
539 3039 617 3075 108.
661 3040 827 3074 Canisius
854 3050 933 3074 cum
954 3038 1177 3073 Ferdinando
1204 3036 1403 3084 Oeniponte
1430 3038 1463 3072 7.
1483 3038 1666 3072 Februarii
1694 3040 1729 3071 et
1755 3049 1834 3071 cum

68 3092 217 3127 Alberto
242 3092 423 3127 Monachii
449 3093 544 3128 circa
573 3093 626 3128 17.
645 3093 830 3128 Februarii
858 3092 951 3137 egit;
979 3104 1012 3126 v,
1035 3102 1144 3136 supra
1170 3103 1203 3136 p.
1227 3085 1305 3127 110'.
1551 3132 1553 3135 ¹

187 3147 200 3167 ⁴
226 3146 412 3181 Pontificis
439 3146 571 3181 Brevia
596 3147 641 3181 ad
667 3158 728 3181 eos
756 3147 839 3180 data
866 3146 949 3180 vide
976 3145 1078 3185 infra,
1106 3156 1261 3179 monum.
1285 3144 1375 3179 1124
1403 3145 1504 3180 1125.

188 3199 201 3219 ⁵
226 3199 266 3234 Id
293 3202 366 3235 est:
396 3199 613 3245 Apostolico.

140 3263 455 3297 Braunsberger,
475 3263 587 3290 Canisii
606 3263 763 3298 Epistulae
783 3264 816 3290 et
834 3264 920 3290 Acta.
952 3263 1015 3289 vn.
1526 3258 1546 3292 8
