2062 3443
667 163 865 208 Oeniponte
892 163 947 198 22.
967 163 1175 198 Decembris
1204 164 1303 198 1573.
1781 170 1862 210 153

216 282 293 323 Fui
325 281 618 335 superioribus
651 282 799 323 diebus
833 281 1058 334 Augustae
1091 294 1142 323 ac
1167 281 1412 334 Dilingae¹‚
1447 284 1493 323 ut
1527 296 1636 335 quae
1670 283 1724 325 ad
1757 298 1864 337 opus

96 361 235 389 meum
261 347 568 388 absoluendum
594 347 825 400 pertinent,
854 346 1021 388 felicius
1045 346 1309 399 expedirem,
1336 347 1449 399 quod
1473 348 1669 401 proximo
1693 348 1862 401 quidem

97 426 222 462 anno,
256 412 293 454 si
324 412 489 453 fauebit
512 412 732 462 Dominus,
768 412 808 453 in
842 412 976 453 lucem
1002 411 1151 460 exibit,
1186 416 1230 454 et
1263 411 1478 453 Bauariac
1505 413 1610 454 Duci
1644 428 1864 468 nuncupa-

97 477 223 520 bitur.
288 477 503 519 Debemus
535 477 722 530 gratiam
769 477 905 518 eidem
939 477 1119 531 principi
1154 479 1197 518 et
1231 480 1487 530 Augustano
1522 478 1749 533 Episcopo,
1793 479 1865 532 qui

96 542 245 584 sedulo
278 546 463 595 egerunt
495 556 667 583 causam
694 542 919 584 Fuldensis
952 542 1136 592 abbatis,
1172 544 1219 584 ut
1252 542 1414 584 nostris
1447 546 1599 585 contra
1624 543 1865 586 haereticos

97 607 353 650 assisterent
386 621 436 649 ac
470 607 894 661 patrocina1·ent111·2.
949 607 1068 656 Quod
1102 608 1181 649 adn
1216 608 1518 661 Augustalium
1554 609 1862 652 monasterium

95 672 266 722 attinet,
310 672 563 715 existimant
606 672 733 726 ijdem
776 673 992 727 principes
1033 673 1191 725 aliique
1231 673 1450 727 sapientes
1485 674 1723 716 consultius
1755 674 1862 719 fore.

98 740 146 779 ut
179 737 233 779 ad
267 738 610 792 pacificationem
655 738 841 790 aliquam
885 738 1096 785 ueniatur,
1141 738 1305 780 frustra
1348 738 1456 779 enim
1502 741 1545 780 et
1578 754 1673 780 cum
1706 753 1865 793 magno

95 806 342 845 nostrorum
373 802 469 844 odio
494 817 518 844 a
541 802 753 856 Fuggeris
777 803 939 844 Romae
964 803 1136 852 certari,
1172 807 1218 844 ut
1242 803 1402 845 nostris
1424 804 1735 846 monasterium
1759 804 1865 846 linc3

96 867 386 921 consignetur,
429 871 499 910 sat
540 868 674 921 igitur
717 881 825 916 esse,
868 869 930 909 si'·
965 868 1167 910 Canonici
1210 869 1347 909 locum
1393 869 1515 910 nobis
1549 869 1601 910 ad
1636 869 1864 922 collegium

95 932 346 987 erigendum
381 934 619 986 assignent,
661 934 772 976 sicut
806 933 935 976 etiam
979 934 1134 976 suadet
1169 933 1420 988 Episcopus.
1485 934 1709 989 Temporis
1742 936 1865 976 exul-

95 999 230 1041 cerati
263 998 374 1040 ratio
414 999 528 1040 ferre
560 1013 643 1040 non
678 998 862 1049 uidetur,
897 1002 945 1040 ut
977 999 1030 1040 ad
1065 998 1204 1051 rigida
1238 999 1448 1052 quaedam
1473 1000 1677 1050 remedia,
1711 1000 1865 1053 quibus

94 1066 308 1116 cogantur
348 1064 415 1117 uel
457 1063 582 1106 inuiti
615 1064 838 1114 Canonici,
883 1064 1156 1118 procedatur.
1224 1065 1342 1105 Haec
1387 1065 1546 1115 obiter,
1590 1069 1637 1108 ut
1679 1079 1789 1118 quae
1823 1066 1865 1106 in

94 1129 362 1183 profectione
405 1129 587 1182 cognoui
630 1132 673 1170 et.
715 1143 809 1170 cuin
856 1130 898 1172 P.
935 1129 1199 1172 Prouintiale
1243 1129 1344 1171 mihi
1383 1130 1649 1172 assentiente
1689 1131 1863 1175 contuli.

94 1194 174 1236 hoc
206 1194 301 1236 loco
333 1194 551 1236 indicem⁰.

215 1259 334 1309 Quod
369 1260 423 1301 ad
457 1274 583 1302 casus
613 1261 656 1302 P.
684 1260 729 1302 T.
766 1262 1014 1301 reseruatos
1046 1260 1088 1301 in
1123 1260 1405 1302 facultatibus
1438 1261 1522 1301 illis
1555 1275 1705 1303 recens
1738 1261 1865 1303 isthic

94 1339 120 1366 a
152 1325 275 1369 Pont.
309 1326 426 1367 Max.
471 1326 716 1379 impetratis
750 1326 922 1375 attinet,
967 1325 1046 1367 hoc
1086 1339 1215 1367 unum
1258 1329 1511 1368 reuerenter
1543 1327 1685 1368 dicere
1718 1326 1863 1377 liceat,

95 1390 207 1443 quod
239 1391 426 1433 fortasse
450 1391 603 1433 Patres
637 1391 673 1432 si
707 1405 850 1432 coram
876 1391 1093 1441 adessent,
1129 1391 1288 1433 nostris
1318 1395 1670 1445 compaterentur
1691 1392 1732 1433 in
1758 1392 1865 1434 Ger-

93 1456 238 1498 mania
270 1456 582 1499 laborantibus.
619 1471 745 1509 quum
782 1456 824 1498 in
856 1455 1068 1510 parochos
1101 1460 1144 1498 et
1168 1457 1419 1498 sacerdotes
1441 1457 1648 1509 quosdam
1682 1471 1865 1511 peregre

93 1520 317 1564 uenientes
349 1522 555 1572 incidunt,
591 1536 749 1575 eosque
783 1521 908 1563 aliter
943 1522 1157 1564 consolari
1190 1536 1272 1563 non
1298 1525 1492 1576 possunt,
1530 1523 1608 1564 nisi
1632 1526 1681 1565 ut
1703 1523 1862 1573 dicant,

95 1586 290 1629 Scribam
323 1587 520 1637 Romam,
555 1588 734 1630 tentabo
768 1602 822 1629 an
857 1587 1041 1629 obtineri
1076 1587 1212 1641 possit
1234 1587 1423 1630 facultas
1446 1588 1619 1641 legendi
1641 1589 1786 1637 libros,
1821 1591 1864 1631 et

94 1652 347 1695 absoluendi
370 1652 640 1695 haereticos⁴
676 1656 757 1694 etc.
808 1652 1083 1706 Scripserunt
1115 1652 1286 1705 quidem
1311 1652 1528 1706 Dilingani
1556 1653 1718 1706 aliquid
1752 1654 1864 1695 eius-

93 1717 220 1768 modi,
263 1718 337 1760 sed
371 1717 413 1759 in
447 1718 719 1772 expectando
753 1732 959 1772 responso
1001 1718 1132 1771 longa
1174 1732 1295 1760 mora
1328 1721 1407 1768 est,
1453 1723 1497 1761 et-
1529 1719 1719 1761 fortasse
1751 1720 1865 1773 peri-

93 1783 253 1825 culosa.
304 1783 480 1826 Vtinam
519 1784 558 1826 P.
587 1783 875 1826 Benedictus5
908 1797 1052 1825 coram
1086 1784 1328 1835 intueretur
1369 1787 1644 1838 praesentem
1679 1784 1865 1826 necessi-

92 1850 244 1899 tatem,
278 1848 477 1891 fortassis
511 1863 605 1891 cum
640 1849 737 1901 alijs
769 1849 899 1891 etiam
926 1849 1128 1891 Patribus
1161 1849 1215 1890 ad
1247 1849 1456 1891 soluenda
1479 1849 1660 1891 istorum
1694 1849 1863 1891 uincula

92 1927 352 1968 propensum
387 1915 575 1956 animum
610 1915 867 1957 declararet.
910 1915 1005 1968 Ego
1028 1929 1118 1956 rem
1142 1917 1279 1957 totam
1307 1914 1350 1957 P.
1376 1914 1423 1957 T.
1449 1914 1653 1957 charitati
1676 1915 1865 1957 maxime

93 1980 358 2028 commendo,
394 1980 618 2033 solumque
649 1993 817 2034 precor,
852 1983 899 2022 ut
931 1980 1091 2030 uideat,
1126 1980 1320 2034 possitne
1352 1980 1541 2023 facultas
1563 1980 1730 2034 plenior
1764 1994 1864 2022 con-

93 2044 212 2087 cedid
243 2046 398 2088 saltem
434 2045 477 2088 P.
502 2049 650 2088 nostro
683 2045 940 2088 Prouintiali
972 2049 1015 2088 et
1044 2044 1217 2087 Rectori
1247 2045 1475 2098 Dilingano
1490 2048 1519 2095 ὅ,
1552 2060 1647 2086 cum
1682 2049 1865 2098 uterque

93 2109 173 2152 tali
214 2109 360 2163 gratia
402 2111 576 2152 minime
619 2111 831 2152 abusurus
872 2111 1085 2153 uideatur.
1151 2110 1310 2152 Pareat
1351 2113 1496 2152 autem
1541 2109 1644 2151 mihi
1678 2111 1722 2153 P.
1746 2109 1796 2153 T.
1830 2110 1865 2152 si

93 2189 170 2230 pro
212 2175 473 2218 afflictorum
517 2176 812 2218 consolatione
855 2177 960 2218 haec
1004 2176 1181 2218 liberius
1220 2189 1420 2228 suggero.
1465 2179 1509 2217 et
1552 2189 1865 2228 quamcumque

93 2240 292 2294 iniungat
324 2241 634 2295 poenitentiam
669 2241 929 2295 imprudenti
964 2241 1082 2283 1111οἵ

212 2334 240 2363 a)
261 2334 400 2365 Sequitur
419 2340 498 2363 caus,
519 2335 607 2358 uldin.
684 2334 712 2365 b)
733 2335 789 2359 Sem
812 2342 852 2358 ¹·›·.
871 2342 930 2366 sqq.
952 2342 968 2358 a
989 2334 1022 2359 P.
1043 2335 1120 2358 linea
1142 2334 1280 2357 subdam-lu
1304 2337 1401 2357 autam
1422 2336 1498 2357 snut.
1582 2338 1608 2362 c)
1634 2335 1660 2358 1.
1684 2334 1711 2357 in
1734 2335 1865 2362 ηιαιῃίμε·

93 2374 182 2399 huius
200 2375 322 2406 capitis:
342 2374 385 2400 De
406 2375 593 2401 monasterio
614 2375 805 2407 Augustano.
838 2375 873 2401 Et
894 2376 1011 2401 trustra
1032 2382 1048 2401 a
1070 2374 1216 2407 Fuggeris
1237 2374 1351 2399 Romae
1371 2373 1492 2403 certari,
1511 2381 1545 2399 ac
1566 2381 1633 2400 cum
1653 2374 1723 2399 odio
1744 2376 1865 2400 nostro-

94 2422 169 2441 rum.
195 2414 250 2441 sat
263 2423 331 2442 esse
351 2416 377 2442 si
397 2417 532 2443 canonici
553 2416 627 2442 dent
649 2417 747 2442 locum
767 2417 804 2443 ad
826 2416 985 2449 collegium
1006 2416 1227 2442 aedificandum
1248 2417 1281 2441 ut
1295 2415 1406 2441 suadet
1426 2415 1594 2448 Episcopus
1615 2415 1695 2448 quod
1711 2416 1742 2441 et
1755 2415 1866 2449 probat

94 2457 291 2490 prouintialis
311 2458 343 2483 et
362 2458 510 2491 temporis
531 2458 619 2484 ratio.
731 2458 760 2492 d)
782 2462 893 2491 Seplam
917 2468 957 2483 rr.
978 2468 1036 2490 sqq.
1059 2468 1075 2483 (ι
1096 2459 1128 2484 P.
1151 2459 1227 2482 lima
1248 2459 1388 2483 subducta
1409 2461 1485 2482 snm.
1582 2459 1609 2489 e)
1630 2460 1662 2483 P.
1685 2459 1713 2483 in
1735 2459 1865 2489 maryino

94 2499 183 2524 huius
202 2500 309 2531 capitis
329 2501 460 2531 priimum
483 2501 598 2532 quidem
618 2502 753 2532 svripsit:
775 2501 813 2526 Vt
841 2500 983 2525 laxentur
1011 2507 1133 2525 casuum
1161 2500 1391 2524 reseruatorum
1422 2498 1613 2526 Facultates‚-
1640 2501 1744 2525 θοίνης»
1770 2503 1864 2524 aurem

90 2548 148 2572 pro
168 2540 341 2567 Facultates
360 2543 457 2573 posuit
479 2542 687 2568 limitationes.

219 2638 228 2658 ¹
255 2638 421 2672 Canisius
451 2639 503 2673 ll.
523 2638 737 2672 Novembris
756 2638 955 2682 Oeniponte
982 2637 1126 2676 aberat;
1154 2637 1185 2670 2.
1205 2636 1412 2671 Decembris
1438 2637 1633 2681 sperabant
1659 2649 1738 2671 eum
1766 2637 1866 2671 brevi

95 2701 137 2724 eo
165 2690 386 2732 rediturum;
414 2692 509 2726 circa
535 2693 567 2726 9.
588 2691 795 2726 Decembris
821 2691 988 2734 Dilingae
1015 2693 1093 2724 erat
1122 2690 1346 2734 (Schellhctss,
1371 2690 1480 2725 Nunt.
1501 2691 1551 2724 ΙΙΙ
1577 2690 1647 2726 220
1672 2691 1741 2725 254
1767 2690 1865 2733 272).

216 2744 230 2764 ²
257 2743 348 2786 Quid
375 2744 546 2779 Albertus
574 2745 616 2779 V.
637 2745 813 2779 Bavariae
840 2745 912 2778 dux
940 2748 974 2778 et
1000 2744 1151 2778 Ioannes
1178 2744 1362 2789 Egolphus
1387 2756 1407 2778 a
1435 2744 1641 2787 Kn'oringen
1678 2744 1866 2789 episcopus

95 2796 262 2842 princeps
289 2801 514 2842 augustanus
541 2810 583 2832 ea
610 2799 644 2832 in
671 2810 780 2833 causa
807 2798 956 2841 egerint,
983 2798 1066 2831 vide
1092 2809 1201 2842 supra
1226 2809 1260 2841 p.
1284 2797 1479 2832 148—150.

215 2851 228 2871 ³
252 2851 286 2886 S.
306 2851 450 2892 Crucis;
477 2852 522 2887 cf.
542 2863 651 2897 supra
679 2864 712 2897 p.
734 2852 930 2886 123—125.

215 2906 227 2925 ⁴
253 2905 502 2940 Mercurianus
528 2917 574 2939 ex
600 2906 832 2940 facultatibus
852 2916 872 2939 a
892 2904 1064 2947 Gregorio
1084 2903 1178 2938 XIII.
1198 2903 1368 2938 societati
1391 2916 1474 2950 „pro
1495 2905 1644 2939 arbitrio
1670 2905 1864 2950 praepositi

95 2958 295 2999 generalis“
320 2959 500 2993 concessis
525 2959 594 2993 sibi
619 2962 874 2993 reservaverat
900 2958 1110 2992 facultatem
1137 2957 1301 2992 lectionis
1326 2957 1498 2992 librorum
1524 2958 1786 2993 haereticorum
1811 2959 1865 2998 iis,

96 3011 156 3055 qui
183 3011 226 3045 de
244 3011 424 3046 Societate
442 3024 511 3047 non
531 3015 662 3053 essent,
690 3011 950 3057 permittendae
977 3013 1013 3045 et
1038 3011 1249 3045 facultatem
1267 3011 1473 3046 sacerdotes
1492 3014 1660 3046 externos
1686 3012 1865 3056 potestate

97 3064 307 3099 absolvendi
333 3065 378 3099 ab
403 3065 544 3100 haeresi
571 3065 789 3106 instruendi;
817 3077 851 3099 v.
871 3065 975 3106 infra,
1002 3076 1146 3098 monum
1175 3064 1276 3100 1138.

217 3119 230 3138 ⁵
255 3118 427 3159 Palmius,
454 3118 672 3153 Mercuriani
704 3118 916 3160 „assistens“
946 3129 1009 3162 pro
1037 3117 1152 3153 ltalia.

217 3173 229 3192 ⁶
256 3171 295 3206 P.
314 3171 534 3206 Theodorico
561 3171 714 3206 Canisio.
