2051 3433
235 166 334 207 288·
734 163 835 198 1923.
864 163 1029 197 Canisius
1057 162 1240 197 Everardo
1266 162 1504 196 Mercuriano.

234 280 440 323 maiorem
476 295 699 324 numerum
733 282 1092 336 progrediendum
1133 294 1228 323 esse
1270 280 1442 322 uidetur
1474 294 1527 322 ne
1565 280 1754 334 alioquin
1787 295 1894 323 onus
1926 280 2006 323 hoc

235 346 517 400 gubernandi,
562 350 808 389 nostrorum
842 347 1031 389 humeris
1063 347 1203 400 impar
1235 347 1324 396 fiat,
1364 345 1400 387 si
1432 346 1592 388 multos
1625 347 1871 400 praefectos
1904 360 2007 388 con-

234 411 471 454 uictoribus
503 416 595 454 tum
636 412 903 454 secularibus
945 415 1035 454 turn
1070 410 1285 464 religiosis
1327 410 1431 452 dare
1470 425 1688 464 cogamur.
1752 411 1844 461 Qua
1877 411 1929 453 de
1961 424 2008 452 re

234 476 444 531 principio
477 476 683 531 Princeps
726 491 821 519 cum
864 477 952 519 suis
986 477 1284 526 admoneatur,
1327 490 1380 517 ne
1423 476 1569 518 dicant
1608 479 1761 530 postea
1802 476 1883 518 sibi
1923 489 2008 518 non

235 556 329 584 esse
351 542 634 596 praedictum,
668 545 802 595 utque
826 542 1011 584 nostris⁸
1044 556 1122 583 sua
1151 541 1331 583 libertas
1354 543 1538 592 constet,
1573 554 1711 594 neque
1743 541 1919 583 nimium
1946 541 2008 583 illi

235 611 592 662 praegrauentur.

355 672 454 714 Siue
496 675 642 714 autem
684 671 869 721 nostris,
914 672 1006 714 siue
1049 671 1212 713 exteris
1251 670 1358 713 haec
1400 670 1707 713 monachorum
1751 671 2008 726 gubernatio

236 737 513 787 concedatur,
547 736 839 779 necessarium
864 737 947 779 erit
968 739 1036 779 tot
1058 736 1242 779 alumnis
1265 737 1470 790 amplum,
1499 736 1783 787 commodum,
1818 736 2010 789 quietum

236 804 281 845 et
312 802 445 844 musis
478 802 663 844 amicum
697 801 972 853 domicilium,
1006 802 1049 843 in
1073 816 1156 855 quo
1180 801 1472 843 cubiculorum
1505 804 1627 844 certa
1648 803 1725 844 fiat
1749 801 2009 853 distributio,

236 870 281 910 et
313 867 454 909 uictus
489 881 707 920 congruus
740 867 878 917 detur,
913 867 1142 920 omniaque
1175 866 1343 921 corpori
1376 866 1623 909 necessaria
1655 870 1904 921 suppetant.

356 932 634 974 Potissimum
662 933 934 985 quaerendus
966 932 1051 974 illis
1074 932 1157 975 erit
1183 931 1470 986 praefectusb‚
1505 932 1803 975 Ecclesiastici
1835 931 2010 983 ordinis,

236 997 303 1039 uir
334 998 524 1052 prudens
557 1000 602 1040 et
635 997 904 1040 authoritate
937 998 1172 1052 praeditus,
1218 998 1285 1039 cui
1317 997 1607 1039 reuerentiam
1646 1001 1690 1040 et
1722 997 2011 1040 obedientiam

238 1076 386 1104 omnes
418 1063 671 1117 praebeant,
707 1066 751 1105 et
784 1063 855 1115 qui
888 1063 1015 1117 pleno
1048 1063 1139 1105 iure
1172 1062 1385 1104 uniuersis
1417 1063 1594 1117 praesit.

355 1128 406 1169 Js
437 1127 600 1182 poterit
641 1128 843 1170 fortassis
876 1128 1062 1179 efficere,
1107 1130 1156 1170 ut
1189 1141 1438 1170 communes
1480 1128 1600 1181 leges
1638 1130 1937 1181 proponantur
1969 1130 2013 1170 et

237 1193 525 1235 obseruentur
558 1194 611 1235 ab
645 1193 855 1244 omnibus,
890 1193 960 1247 qui
995 1193 1167 1246 quidem
1201 1193 1460 1235 conuenient
1492 1192 1535 1234 in
1567 1192 1685 1236 uictu
1718 1193 1821 1236 licet
1852 1207 1938 1235 non
1970 1193 2013 1234 in

238 1258 415 1309 uestitu,
449 1258 561 1301 sicut
593 1272 733 1311 neque
766 1258 809 1300 in
842 1258 959 1300 horis
992 1258 1224 1301 recitandis
1258 1261 1302 1301 et
1334 1258 1484 1312 paucis
1517 1257 1772 1311 quibusdam
1806 1258 1903 1313 alijs
1935 1272 2012 1300 ex-

238 1323 397 1376 ceptis,
447 1323 562 1366 circa
609 1324 772 1366 cultum
822 1323 1013 1365 diuinum
1063 1328 1106 1365 et
1149 1323 1300 1365 orandi
1347 1327 1567 1378 tempora,
1623 1323 1868 1365 conformes
1917 1336 2012 1366 esse

238 1391 459 1442 poterunt,
501 1389 737 1431 accedente
776 1392 923 1431 tamen
957 1389 1175 1431 Abbatum
1217 1391 1262 1431 et
1303 1389 1603 1432 Praelatorum
1636 1388 1873 1430 Monaohos
1913 1389 2014 1431 mit-

239 1453 426 1496 tentium
460 1453 796 1508 dispensatione,
831 1454 866 1496 si
900 1454 1155 1508 quibusdam
1187 1454 1231 1495 in
1263 1455 1392 1496 rebus
1425 1468 1531 1508 opus
1557 1468 1652 1496 esse
1673 1453 1887 1497 uideatur.
1934 1454 2013 1496 Ca-

239 1519 426 1560 uendum
459 1523 619 1570 autem,
653 1533 707 1561 ne
730 1519 930 1562 Monachi
962 1520 1258 1574 prouectiores
1291 1519 1427 1562 ueluti
1450 1520 1650 1562 custodes
1674 1520 1718 1561 et
1740 1519 2015 1574 superinten-

240 1584 392 1626 dentes
424 1584 530 1639 ipsis
552 1585 776 1627 Monachis
809 1585 936 1627 facile
970 1586 1276 1639 adiungantur,
1311 1585 1424 1638 quod
1456 1585 1673 1627 difficilior
1705 1589 1751 1628 et
1782 1584 2014 1638 inquietior

240 1649 298 1692 sit
330 1649 602 1703 gubernatio,
648 1650 719 1692 ubi
761 1665 846 1692 non
889 1651 942 1693 ab
981 1665 1065 1693 uno
1105 1651 1342 1704 eodemque
1384 1650 1527 1704 capite
1569 1650 1713 1692 cuncti
1754 1649 2012 1704 dependent,

240 1714 355 1757 sicut
385 1729 526 1768 neque
551 1715 808 1769 Pedagogos
840 1716 1002 1758 nostris
1035 1716 1210 1770 adiungi
1245 1716 1563 1759 conuictoribus
1595 1716 1761 1757 Romae
1794 1715 1954 1760 sinunt.

360 1781 600 1832 Postremo,
635 1781 885 1836 diligentius
917 1795 1083 1824 mecum
1119 1782 1170 1823 de
1202 1782 1283 1823 hac
1304 1781 1614 1823 Monachorum
1639 1780 1894 1822 educatione
1917 1794 2015 1835 per-

241 1845 447 1899 pendens,
481 1846 629 1888 uidere
662 1846 765 1888 mihi
797 1846 959 1897 uideor,
992 1847 1035 1888 in
1068 1850 1194 1890 tanta
1216 1846 1517 1900 religiosorum
1540 1846 1681 1896 turba,
1716 1860 1801 1887 non
1823 1845 2015 1888 modicas

242 1911 536 1963 difficultates,
580 1914 625 1954 et
665 1911 740 1953 uix
782 1911 1036 1954 crediderim
1078 1913 1158 1954 hoo
1198 1912 1461 1962 institutum,
1504 1911 1586 1953 nisi
1628 1911 1764 1953 nostri
1806 1910 2018 1965 praefecti

242 1976 409 2027 adsint,
457 1978 565 2019 bene
610 1981 654 2020 et
698 1977 914 2020 foeliciter
956 1991 1051 2020 esse
1097 1991 1331 2020 cessurum.
1395 1977 1480 2032 Alij
1528 1976 1815 2031 sapientiores
1861 1976 1904 2018 in
1951 1976 2018 2018 his

241 2042 446 2092 tenebris,
480 2042 701 2084 meliorem
734 2042 924 2084 fortasse
956 2042 1095 2085 lucem
1119 2043 1364 2092 ostendent,
1398 2056 1579 2096 quorum
1613 2041 1802 2096 consilijs
1833 2041 2019 2084 libenter

244 2121 324 2161 ego
358 2107 640 2159 subscribam,
683 2108 821 2150 Deum
854 2107 1028 2150 interim
1061 2122 1235 2161 rogans,
1279 2110 1328 2150 ut
1359 2108 1585 2162 praeclaro
1619 2107 1693 2148 sed
1727 2106 1862 2148 arduo
1894 2106 2018 2149 insti-

241 2175 338 2215 tuto
362 2173 632 2214 commodum
654 2172 839 2223 initium,
873 2175 918 2214 et
940 2172 1205 2215 faeliciorem
1230 2186 1521 2227 progressum,
1550 2171 1604 2214 ad
1628 2171 1853 2225 utriusque
1876 2173 2018 2214 status
2049 2225 2051 2240 .

242 2237 285 2279 in
318 2237 508 2280 Bauaria
542 2238 783 2293 profectum
818 2237 1014 2280 conferre
1048 2238 1265 2291 dignetur.

1473 2296 1630 2339 Petrus
1663 2295 1898 2338 Canisius⁰.

362 2387 390 2439 †
422 2385 667 2428 Admodum
691 2386 946 2429 Reuerendo
979 2386 1022 2428 in
1045 2386 1216 2429 Christo
1240 2385 1373 2435 Patri,
1409 2386 1454 2428 P.
1480 2385 1615 2427 Paulo
1649 2385 1845 2436 Hoffaeo,
1881 2384 2020 2427 Colle·
2043 2378 2051 2430 ,ἑ

244 2451 413 2505 giorum
446 2451 679 2494 Societatis
701 2452 727 2494 J
734 2452 831 2494 ESv
865 2450 963 2506 [per
985 2450 1281 2506 Superio]rem
1307 2450 1581 2493 Germaniam
1607 2447 1911 2557 Prgfinssilali]
1936 2451 2018 2493 eto.

1715 2528 1824 2557 onae
1857 2529 1899 2569 ῃ.

245 2642 397 2678 1923.
485 2642 703 2678 CAuisius
731 2641 1114 2678 EVERARno
1143 2641 1599 2679 MERCURIAxo
1627 2643 1831 2689 praeposito
1859 2642 2019 2687 generan
2049 2621 2051 2679 ξ

439 2697 630 2731 Societatis
657 2698 750 2731 Iesu.
1427 2696 1628 2742 Oeniponte
1655 2698 1687 2732 6.
1707 2696 1842 2742 Aprilis
1871 2697 1971 2731 1575.

365 2766 419 2801 Ex
447 2767 672 2812 autographo
702 2768 780 2809 (2⁰2
820 2768 886 2811 1¹l2
904 2779 979 2813 pp.;
1009 2769 1043 2801 in
1062 2779 1094 2812 p.
1115 2768 1137 2801 4
1163 2768 1270 2803 inser.
1298 2779 1405 2802 manu
1430 2767 1568 2802 librarii
1595 2767 1722 2812 posita.
1760 2770 1795 2802 et
1821 2766 2021 2812 particulae

245 2819 517 2908 ῗξὲι).3ἑῖέεζτῐῃ.
550 2822 615 2856 183
652 2822 676 2856 f.
705 2822 937 2856 2462—24712
999 2821 1165 2867 Epistula
1200 2822 1255 2856 usi
1291 2825 1376 2856 sunt
1401 2823 1535 2865 Kro'ss,
1572 2821 1657 2856 Can.
1686 2822 1774 2863 205,
1811 2825 1847 2854 et
1883 2821 2020 2861 Michel,

365 2940 602 2972 Archiducem
630 2952 652 2972 α
678 2951 712 2973 se
738 2951 815 2973 eum
844 2941 1014 2974 Societate
1040 2941 1304 2974 reconciliatum
1332 2952 1411 2974 esse.
1458 2941 1545 2974 Cum
1570 2940 1796 2984 principibus
1821 2940 2020 2973 considera-

246 2992 319 3024 tius
344 2997 373 3025 et
398 2995 544 3025 suavius
571 2994 746 3035 (tyendum
773 3005 852 3027 esse.
900 2995 953 3027 De
978 2999 1111 3027 ret-lore
1137 2995 1319 3033 mutando,
1346 3005 1448 3037 opere
1474 2995 1660 3036 Mariano,
1688 2995 1850 3026 iuvenum
1878 2995 1915 3026 in
1943 2994 2022 3026 uni-

248 3047 410 3078 versitate
434 3047 608 3088 palm-ina
632 3049 804 3090 pernicie,
830 3047 923 3080 libro
952 3048 1118 3080 Sanderi.

367 3132 394 3163 a)
416 3134 461 3157 Ita
484 3133 512 3156 in
534 3133 690 3164 archetypa
711 3137 870 3158 correctum
892 3138 932 3158 es!
954 3142 989 3158 es
1009 3132 1207 3166 praedictum,
1227 3132 1397 3165 nostrique.
1507 3132 1537 3164 b)
1560 3133 1698 3164 Sequitur
1718 3132 1910 3166 praesertim,
1931 3132 2022 3157 olam.

247 3174 272 3204 c)
295 3174 372 3197 Ilaec·
392 3177 408 3197 2
430 3182 470 3197 ιη.
493 3182 546 3197 mm
569 3182 585 3197 (ι
607 3175 736 3201 Cumis-1¹0,
758 3183 846 3206 neque
867 3175 901 3199 ab
922 3175 1060 3202 Jvllderen.
1080 3174 1130 3199 secl
1151 3175 1187 3198 al»
1208 3175 1329 3205 Iloffueo
1348 3175 1460 3205 scripta
1481 3182 1541 3199 esse
1564 3175 1706 3199 uidentur.

2049 2683 2051 2699 l

2040 2770 2051 2859 l

2040 2849 2051 2914 l

2048 2947 2051 2979 Ι

2047 3042 2051 3132 Ξ

2044 3133 2051 3433 i
