2062 3443
299 134 400 170 1913.
429 134 468 169 P.
487 135 639 170 Ioannes
665 135 798 170 Hasius
825 135 978 170 canisio.
1023 135 1170 170 Colonia
1197 138 1263 171 etc.
1283 147 1315 172 a.
1338 137 1585 173 1574—1577.
1747 142 1828 183 271

59 251 215 286 versiam
251 251 430 296 quandam
466 253 645 285 recentem
674 252 907 286 dirimendam
937 251 1042 286 valde
1077 252 1180 287 utilia
1217 265 1296 287 esse
1324 263 1486 298 possunt.
1538 255 1743 291 Somniassc
1770 261 1831 292 aut

58 307 198 339 tantum
234 317 304 339 non
340 305 512 339 mentitus
549 316 628 340 esse
664 305 777 339 videri
813 308 955 351 poterat
993 306 1152 351 (praeter
1187 306 1477 350 Ribadeneiram)
1517 309 1624 343 etiam
1660 311 1833 346 Nic-olaus

62 359 284 392 Orlandinus
318 358 351 393 S.
371 359 403 394 J.
434 359 632 401 (Historiae
668 359 860 394 Societatis
895 359 975 394 lesu
1012 360 1126 404 prima
1154 360 1253 401 Pars,
1290 360 1424 395 Romae
1462 363 1562 403 1615,
1598 362 1620 397 l.
1639 365 1671 403 4,
1710 376 1740 398 n.
1766 365 1831 406 90;

57 423 164 456 quem
192 412 318 446 deinde
343 413 457 447 secuti
475 415 560 447 sunt
579 413 651 451 alii.
677 416 718 447 ut
736 414 960 457 Reiffenberq
985 413 1008 449 l.
1027 425 1056 447 c.
1077 414 1117 447 21
1140 417 1175 448 et
1198 416 1240 449 (ι’.
1261 416 1374 448 Boero
1400 414 1434 449 S.
1455 416 1499 457 J.‚
1528 416 1611 450 Vita
1639 417 1695 451 del
1721 418 1832 452 Beato

58 466 178 500 Pietro
205 465 330 504 Fabro.
367 466 479 500 Roma
510 467 607 507 1873,
638 467 734 510 144),
762 478 841 501 cum
869 467 1057 508 Bucerum,
1086 467 1409 509 Melanchthonem,
1441 469 1531 503 alios
1555 471 1830 514 protestantium

56 520 251 562 magistros
277 530 297 553 a
323 519 437 554 Fabro
464 520 508 554 ad
535 523 718 554 certamen
755 522 968 565 provocatos
995 524 1031 555 et
1057 532 1176 555 eorum
1205 522 1362 555 rationes
1400 522 1444 556 ab
1479 534 1519 556 eo
1546 524 1726 558 refutatas
1752 536 1832 559 esse

56 573 202 618 scripsit
237 572 290 616 (J.
319 574 485 615 Hansen,
523 573 589 608 Die
633 577 729 608 erste
765 573 1048 617 Niedei·lassung
1083 574 1146 608 der
1180 575 1342 609 Jesuiten
1379 575 1413 609 in
1450 576 1543 610 Koln
1583 576 1829 612 1542—1547.

56 626 226 670 Zugleich
262 627 318 661 ein
354 627 503 670 Beitrag
537 639 599 661 zur
627 627 747 661 Kritik
784 628 846 662 der
872 627 1071 662 Litteratur
1107 628 1169 662 des
1196 627 1346 668 Ordens,
1383 628 1418 662 in
1449 630 1639 674 „Beitrage
1674 642 1737 664 zur
1764 633 1830 665 Ge-

56 679 220 714 'schichte
256 679 503 714 vornehmlich
539 680 651 715 Kolns
687 681 758 715 und
801 681 864 715 der
899 681 1155 723 Rheinlande“‚
1194 682 1284 716 Koln
1315 682 1416 722 1895,
1456 683 1661 719 los—154:
1702 685 1829 718 Εὐρώ.

61 734 229 777 Gothein,
275 734 438 777 Ignatius
484 745 554 768 von
600 734 733 779 Loyola
780 735 851 769 und
897 735 953 769 die
999 734 1379 778 Gegenreformation,
1428 736 1534 770 Halle
1573 737 1684 778 1895,
1721 738 1826 781 674);

55 788 117 822 sed
155 788 224 821 iam
261 789 423 832 apparet,
460 788 732 822 Ribadeneiram
771 791 805 822 et
842 787 1076 822 Orlandinum
1112 789 1256 822 modum
1292 789 1435 833 quidem
1472 790 1576 823 —id
1615 790 1706 834 quod
1742 802 1831 825 sane

56 841 328 886 improbandum
358 844 414 875 est
439 860 484 865 —
511 841 562 875 rei
589 844 714 885 gestae
741 853 809 875 non
836 853 993 883 servare,
1029 853 1146 885 neque
1172 844 1291 876 tamen
1324 842 1420 887 ipsas
1448 842 1528 877 illas
1556 845 1831 888 congressiones

55 894 132 928 sive
171 894 431 939 disputationes
466 895 698 929 comminisci.
750 895 782 929 6.
820 894 958 938 Dignae
997 906 1140 939 quoque
1178 898 1305 930 notatu
1343 898 1427 930 sunt
1466 895 1592 931 laudes
1632 909 1651 931 a
1688 897 1831 932 Canisio

55 948 212 982 tributae
240 947 366 982 virtuti
392 948 432 983 P.
452 948 591 983 Claudii
624 948 699 988 Iaii,
736 960 840 992 quem
878 948 939 982 ille
966 948 1099 993 optime
1125 952 1288 989 noverat,
1320 951 1429 993 atque
1456 950 1563 983 etiam
1592 951 1708 993 magis
1736 950 1830 993 illae,

55 1001 184 1046 quibus
211 1002 249 1036 P.
269 1001 407 1036 Nicolai
443 1001 652 1036 Bobadillae
682 1002 886 1046 ⁷,ingentes·‘
917 1002 1010 1047 apud
1039 1002 1238 1037 Germanos
1273 1002 1414 1037 labores
1441 1006 1477 1037 et
1515 1005 1675 1047 „gnava“
1716 1007 1830 1038 certa-

55 1056 152 1090 mina
177 1056 337 1095 ornavit;
366 1055 422 1090 his
449 1056 542 1089 enim
569 1067 614 1089 ex
640 1058 742 1100 parte
770 1055 879 1089 deleri
905 1058 1025 1100 potest
1042 1055 1196 1096 macula,
1223 1068 1294 1100 qua
1322 1056 1506 1090 Bobadilla
1525 1057 1673 1101 ultimis,
1701 1057 1830 1102 quibus

55 1109 90 1144 in
115 1108 307 1144 Germania
334 1109 412 1150 fuit,
441 1109 564 1143 diebus
583 1109 736 1144 nominis
763 1110 817 1144 sui
844 1110 1063 1151 memoriam,
1091 1109 1338 1144 immodestius
1365 1109 1481 1154 legem
1508 1110 1607 1145 illam
1639 1112 1826 1153 „Interim“

55 1163 306 1208 impugnando,
334 1164 488 1207 aspersit
516 1163 578 1206 (cf.
597 1164 721 1207 Dukr,
749 1163 822 1197 Jes.
844 1163 868 1203 l,
897 1163 1067 1206 31-322).
1119 1164 1149 1198 7.
1179 1162 1353 1207 Quicquid
1381 1164 1416 1197 in
1444 1163 1702 1198 Ribadeneirae
1740 1165 1830 1200 libro

54 1217 132 1251 sive
157 1219 255 1251 recte
281 1216 505 1250 desideratur
541 1228 581 1251 ac
608 1217 882 1262 reprehenditur
908 1216 952 1251 ab
988 1217 1043 1259 iis,
1079 1217 1139 1260 qui
1177 1218 1318 1260 integre
1354 1217 1631 1263 incorrupteque
1658 1218 1829 1257 iudicant,

55 1270 133 1305 sive
158 1282 344 1315 perperam
373 1271 600 1315 vituperatur
626 1271 670 1304 ab
696 1270 740 1304 iis
767 1271 827 1314 qui
854 1270 912 1304 vel
940 1282 1046 1305 caeco
1074 1270 1265 1305 Societatis
1294 1271 1373 1305 lesu
1401 1271 1478 1305 odio
1505 1271 1663 1315 flagrant
1690 1272 1747 1306 vel
1775 1284 1826 1309 ea.

56 1335 146 1368 quae
172 1335 282 1369 supra
308 1326 473 1358 naturam
500 1327 595 1365 sunt,
622 1336 747 1369 parum
774 1324 920 1369 sapiunt
944 1335 1060 1368 neque
1087 1324 1251 1358 excelsas
1278 1324 1360 1358 illas
1386 1325 1555 1366 rationes,
1582 1326 1713 1370 quibus
1732 1326 1829 1360 Deus

55 1378 90 1412 in
118 1377 271 1413 ecclesia
297 1377 474 1412 catholica
500 1378 690 1412 nonnullos
716 1378 759 1411 ad
787 1377 926 1412 culmen
953 1377 1160 1412 sanctitatis
1180 1377 1345 1422 perducit
1370 1378 1628 1423 miraculisque
1655 1379 1826 1420 illustrat,

54 1432 145 1466 satis
171 1434 431 1475 assequuntur:
468 1443 507 1466 eo
540 1432 627 1476 ipso,
663 1432 757 1475 quod
785 1432 950 1466 Canisius
978 1432 1022 1466 ab
1049 1432 1126 1476 ipso
1162 1431 1302 1476 Ignatio
1336 1431 1556 1475 aliquamdiu
1584 1432 1627 1466 ad
1655 1433 1827 1477 pietatem

55 1485 243 1520 institutus
281 1487 317 1519 et
354 1485 496 1525 multis,
536 1486 595 1529 qui
632 1486 773 1529 Ignatio
808 1485 1006 1520 familiares
1044 1486 1207 1523 fuerant,
1247 1485 1505 1519 consuetudine
1541 1486 1753 1520 coniunctus
1791 1486 1827 1520 in

55 1538 314 1573 Ribadeneirae
332 1539 409 1573 vita
428 1540 612 1583 ignatiana
638 1540 776 1574 nullum
795 1550 909 1584 paene
928 1550 1083 1573 errorem
1111 1538 1322 1573 historicum
1340 1539 1481 1573 notavit
1500 1541 1535 1573 et
1554 1539 1702 1573 eandem
1722 1539 1827 1574 valde

55 1593 330 1634 commendavit,
357 1593 453 1627 haud
480 1594 613 1637 exigua
640 1593 782 1627 additur
818 1593 1013 1627 auctoritas
1039 1592 1122 1627 hnic
1148 1593 1246 1637 operi
1262 1593 1280 1633 ¹,
1314 1593 1406 1636 quod
1444 1595 1479 1626 et
1514 1593 1597 1626 olim
1624 1593 1828 1627 Ludovicus

57 1644 309 1687 Granatensis,
345 1646 486 1690 insigne
522 1647 656 1681 ordinis
691 1646 987 1681 praedicatorum
1022 1646 1141 1686 decus,
1176 1645 1320 1691 plurimi
1356 1645 1444 1680 fecit
1476 1646 1597 1688 (J.-M.
1620 1647 1707 1680 Prot
1726 1647 1760 1681 S.
1779 1646 1824 1689 J.‚

57 1699 213 1734 Histoire
232 1700 278 1734 du
298 1700 387 1734 Pere
405 1700 666 1744 Ribadeneyra,
696 1701 799 1735 Paris
822 1700 921 1741 1862,
939 1700 1157 1743 491—493),
1178 1701 1214 1733 et
1231 1710 1344 1744 nuper
1363 1702 1544 1733 Antonius
1564 1702 1717 1734 Astrac'n
1736 1699 1769 1733 S.
1792 1700 1825 1734 J.

54 1754 146 1788 dixit
172 1765 251 1789 esse
282 1765 371 1796 „una
397 1754 482 1788 obra
508 1754 708 1798 magistral,
744 1766 879 1798 porque
904 1765 968 1788 nos
1004 1753 1147 1788 declara
1179 1753 1261 1787 bien
1288 1753 1321 1786 el
1348 1753 1499 1798 espiritu
1526 1754 1569 1787 de
1606 1765 1675 1788 uno
1702 1754 1744 1787 de
1771 1753 1825 1787 los

54 1819 221 1852 mayores
245 1810 368 1842 santos
394 1818 464 1852 que
490 1807 559 1842 han
587 1808 745 1842 honrado
770 1807 806 1841 la
831 1807 965 1852 Iglesia
991 1807 1034 1841 de
1060 1807 1165 1841 Di0s“
1199 1806 1236 1850 (l.
1257 1807 1366 1848 c.1V‚
1394 1807 1467 1850 93).

55 1905 201 1942 1913.
277 1906 338 1942 P.
358 1906 658 1943 IOANNES
685 1906 940 1943 HASIUS
969 1907 1022 1943 S.
1042 1905 1096 1942 J.
1125 1907 1326 1942 CANISIO.

1204 1967 1353 2002 Colonia
1380 1969 1447 2001 etc.
1475 1978 1507 2002 a.
1531 1966 1777 2001 1574—1577.

173 2039 228 2073 Ex
254 2039 356 2073 Hasii
384 2039 427 2073 ad
455 2038 633 2073 Raderum
669 2038 803 2073 litteris
838 2037 1085 2084 autographis,
1122 2049 1214 2082 quae
1250 2039 1397 2072 exstant
1423 2036 1603 2072 Monachii
1639 2037 1675 2071 in
1702 2035 1824 2071 biblio-

54 2092 159 2128 theca
184 2092 356 2127 nationali
383 2092 467 2127 Cod.
494 2092 557 2127 lat.
588 2092 674 2127 1611
703 2104 737 2126 n.
758 2092 835 2127 100.

173 2160 226 2193 De
252 2160 389 2203 „Opere
415 2156 667 2192 catechisticffl.

96 2253 100 2257 ·
173 2238 220 2280 P.
256 2236 438 2280 Ioannes
482 2238 642 2279 Hasius
674 2238 718 2279 S.
742 2237 784 2279 J.
820 2233 894 2288 (de
933 2251 1011 2292 qao
1053 2251 1087 2278 v.
1124 2236 1228 2278 Can.
1264 2236 1299 2276 V
1337 2236 1592 2287 661—662)
1626 2234 1827 2276 Embrica

53 2303 336 2356 (Einmerich)
377 2318 416 2346 a.
442 2305 556 2345 1614
598 2302 689 2354 (die
733 2302 908 2355 incerto)
950 2303 999 2344 P.
1033 2302 1248 2344 Mattlzaeo
1290 2301 1462 2343 Radero
1505 2301 1547 2342 S.
1572 2301 1616 2343 J.
1662 2301 1827 2341 Canisc'i

55 2369 281 2425 bioqrapleo
313 2370 504 2424 scripsit:
539 2369 642 2410 Cam
667 2369 868 2410 Canisc‘us
891 2368 1022 2409 hieme
1046 2382 1084 2409 α.
1111 2368 1405 2409 1565—1566
1427 2381 1503 2421 per
1526 2366 1644 2407 breve
1665 2370 1826 2420 tempus

56 2436 98 2476 in
139 2436 302 2490 colleyio
344 2435 561 2477 Societatis
602 2435 826 2476 coloniensi
868 2437 1120 2486 moraretur,
1165 2433 1327 2487 „primo
1370 2446 1460 2473 cnm
1503 2432 1655 2486 optimo
1699 2430 1828 2472 Patre

54 2502 245 2543 notitiam
278 2501 490 2551 contraxi,
531 2505 623 2555 post
654 2499 881 2552 mittendis,
915 2503 952 2540 et
985 2498 1242 2553 accipiendis
1280 2498 1430 2539 litteris
1458 2495 1703 2552 frequenter
1735 2510 1827 2537 con-

52 2566 302 2620 fla-matam&
336 2566 462 2621 idque
484 2566 695 2607 occasione
718 2565 856 2620 operis
881 2564 1143 2605 Catechistici
1165 2578 1191 2604 a
1214 2562 1339 2604 Petro
1362 2562 1529 2603 Busaeo
1549 2576 1590 2616 p.
1615 2575 1667 2603 m.
1689 2562 1828 2616 primo

55 2631 182 2673 editib
213 2631 288 2673 sed
307 2636 399 2686 post
420 2635 577 2672 mutato
599 2631 748 2672 ordine
773 2630 832 2670 ad
853 2630 1068 2684 vtriusque
1090 2629 1339 2670 instantiam
1364 2628 1523 2669 recusi⁶
1555 2640 1636 2668 non
1660 2627 1794 2669 semel.
1807 2628 1821 2643 ‘⁴

179 2717 490 2760 „Authoritatum“
522 2717 555 2752 S.
576 2717 782 2762 Scripturae
809 2719 845 2750 et
871 2715 932 2750 SS.
952 2716 1112 2756 Patrum,
1140 2715 1269 2758 quibus
1297 2714 1334 2748 P.
1354 2714 1517 2748 Busaeus
1543 2724 1574 2747 a.
1596 2712 1829 2748 1569-1570

55 2770 222 2806 Coloniae
248 2771 382 2806 Canisii
412 2771 614 2813 „Summam
644 2770 826 2805 doctrinae
854 2769 1090 2803 christiana&
1124 2768 1383 2809 illustraverat,
1410 2767 1518 2801 editio
1545 2778 1639 2801 nova
1659 2765 1828 2801 Coloniae

173 2853 201 2884 a.)
222 2852 400 2879 confirmata
420 2857 534 2885 ιιιιίοφν.
628 2852 658 2886 b)
679 2851 762 2878 edito
783 2855 843 2877 aut.
936 2851 962 2883 c)
983 2857 1089 2876 recuso
1111 2853 1171 2875 aut.

177 2985 186 3004 ¹
213 2983 393 3026 Quantum
427 2983 586 3018 studium
621 2981 860 3017 Ribadeneira
894 2982 930 3016 in
956 2981 1042 3016 Vita
1078 2980 1209 3024 Ignatii
1247 2980 1437 3015 scribenda
1471 2983 1580 3024 atque
1615 2979 1828 3024 expolienda

56 3030 248 3078 collocarit,
286 3037 444 3071 ostendit
481 3037 589 3071 etiam
627 3037 670 3070 E.
701 3037 853 3070 Portillo
879 3034 914 3070 S.
944 3036 988 3077 J.‚
1024 3035 1067 3070 El
1103 3033 1256 3078 original
1283 3034 1500 3069 manuscrito
1536 3034 1580 3068 de
1611 3033 1646 3067 la
1672 3032 1827 3077 primera

57 3090 193 3125 edicion
219 3090 418 3125 castellana
443 3090 487 3124 de
512 3090 548 3124 la
573 3089 658 3124 vida
684 3089 727 3124 de
745 3089 789 3124 N.
809 3089 849 3124 P.
868 3088 940 3123 San
958 3089 1115 3133 Ignacio‚
1142 3099 1206 3133 por
1232 3087 1264 3122 el
1285 3087 1324 3122 P.
1344 3087 1595 3128 Rivadeneim,
1622 3087 1657 3120 in
1679 3085 1826 3130 „Razo'n

57 3156 78 3188 y
104 3142 189 3187 Fe“‚
217 3143 327 3178 Tomo
352 3143 409 3186 42,
436 3142 636 3179 289-298.
