2051 3433
232 171 316 212 422
716 169 818 203 1993.
848 169 1016 203 Canisius
1043 169 1236 204 Francisco
1264 170 1412 204 Costero
1439 170 1473 205 S.
1494 171 1527 206 J.

233 284 502 327 (1602—1672)
532 297 609 319 eam
638 285 672 318 in
709 285 828 330 capite
865 287 1065 331 apographi
1091 287 1230 331 posuit;
1267 287 1358 321 idem
1386 287 1474 322 haec
1510 289 1541 322 ei
1568 289 1756 334 ascripsit:
1801 289 1929 335 „Copia
1965 303 2007 325 ex

230 338 390 373 Archivo
427 338 637 372 Sodalitatis
664 339 812 372 Maioris
840 340 879 373 D.
900 340 943 374 V.
970 340 1121 373 ibidem“
1155 340 1190 384 [i.
1211 352 1239 374 e.
1260 340 1457 384 Coloniae].
1510 342 1642 376 Exstat
1677 343 1830 387 denique
1866 343 2008 384 ibidem,

231 392 316 426 Cod.
339 392 393 435 „J.
410 393 448 426 A.
466 393 546 425 52Νι
571 393 594 425 f.
615 392 658 425 35
680 404 832 435 magnae
851 392 958 427 huius
976 393 1179 427 litterarum
1200 394 1314 438 partis
1335 395 1592 436 („Benedictus
1610 395 1707 430 Deus
1720 414 1727 421 ·
1740 398 1800 440 qui
1819 396 2005 431 charitati‘

230 457 345 489 usque
372 446 415 479 ad
447 446 593 487 „fraude
621 445 879 479 circumuenti“
911 446 1010 489 incl.)
1046 448 1295 491 apographum
1317 447 1390 491 (C),
1418 460 1463 482 ex
1483 448 1616 483 Canisii
1643 450 1775 484 litteris
1803 450 2010 495 archetypis

230 498 354 532 eodem
381 499 456 532 fere
483 502 647 543 tempore
674 499 719 533 ab
746 498 866 543 aliquo
887 512 930 533 ex
950 501 1241 543 congregationis
1260 501 1394 535 Beatae
1413 501 1574 545 Virginis
1601 502 1814 537 coloniensis
1828 503 2010 538 sodalibus

229 552 488 595 transcriptum
527 554 561 585 in
589 552 794 597 exemplum
823 553 1071 598 archetypum,
1108 554 1164 588 cui
1202 554 1278 598 ipse
1312 554 1350 589 P.
1380 554 1594 590 Franciscus
1631 556 1801 590 Costerus
1835 556 1926 590 haec
1960 557 2010 590 in-

229 605 398 649 scripsit:
440 605 588 647 „liteiae
625 617 764 639 annuae
792 605 1004 641 Sodalitatis
1032 607 1255 642 Coloniensis
1283 608 1366 642 anni
1395 609 1517 642 1577.⁴‘
1571 609 1665 644 Illud
1698 609 1803 644 huius
1835 610 2011 655 epistulae

230 659 350 700 caput,
388 658 482 700 quod
519 658 562 691 de
598 658 791 692 sodalitate
831 659 992 693 mariana
1020 662 1090 700 est,
1128 660 1331 703 germanice
1369 672 1513 695 versum
1541 665 1665 696 exstat
1691 662 1748 696 in:
1805 664 2009 703 „Ccmisius-

232 709 424 744 Stimmen“
451 710 494 745 N.
515 711 561 753 S„
592 712 621 745 1.
642 711 779 754 Jaln·g.‚
808 712 982 756 Freiburg
1009 714 1030 747 i.
1051 713 1082 747 d.
1104 713 1221 748 Schw.
1243 714 1344 754 1896,
1375 716 1560 749 164—165
1580 717 1614 749 et
1633 716 1727 760 apud
1746 718 1783 750 J.
1802 718 1844 751 B.
1864 717 2009 755 Mehler,

228 763 301 797 Der
327 764 441 808 selige
477 765 609 799 Petrus
645 765 824 805 Canisius,
861 766 892 801 5.
913 766 1027 808 Aust,
1065 767 1303 811 Regensburg
1340 768 1442 809 1897,
1480 769 1685 809 111—114;
1723 769 1815 804 unde
1851 770 2009 804 eiusdem

230 816 360 861 capitis
396 820 535 862 partem
575 818 789 863 transcripsi
829 819 865 852 in
909 819 1232 861 „Internationaler
1271 821 1532 856 Marianischer
1571 821 1760 866 Congress.
1823 823 2010 867 Congress-

228 871 383 914 Bericht,
423 871 598 914 Freiburg
636 871 829 915 (Schweiz)
873 873 972 914 1903,
1012 874 1212 908 370—371.
1265 874 1451 919 Epistulae
1486 875 1632 909 brevem
1669 875 1886 910 mentionem
1922 876 2007 910 fecit

227 925 389 963 Hansen,
417 924 537 958 Akten
566 925 671 960 718⁴.

352 997 446 1038 Opus
467 996 692 1030 Illarianum.
739 997 980 1030 Sodalitatnm
1000 998 1042 1031 Β.
1062 999 1112 1031 M.
1131 999 1169 1031 V.
1187 999 1424 1041 praestantia.
1462 1000 1649 1033 Sodalium
1678 1000 2007 1043 inyolstadz'ensium

226 1050 384 1083 virtutes.
437 1051 596 1083 Litterae
631 1051 876 1084 sodalitatum.
933 1052 1048 1084 Indeoe
1086 1054 1376 1095 erpurqatorius.
1434 1053 1557 1086 Ρονίία
1593 1055 1743 1086 nuntius
1781 1054 2006 1096 apostoliens.

227 1102 362 1146 Belyici
387 1104 569 1137 tumultus.
613 1104 796 1137 Pogsemssni
821 1106 948 1148 Zeyate'o
974 1107 1123 1138 suecica.
1167 1107 1293 1139 Mes-sis
1318 1107 1498 1149 iaponz'ca.
1542 1107 1700 1140 Libellus
1725 1107 1937 1140 sodalitatis,

592 1187 687 1228 Pax
723 1186 880 1229 Christi
914 1187 1038 1229 nobis
1070 1191 1251 1230 aeterna
1284 1188 1334 1231 R.
1360 1188 1505 1231 Pater.

346 1257 450 1300 Cum
504 1258 722 1300 venissem
769 1258 1085 1312 Ingolstadium
1132 1262 1180 1302 vt
1225 1259 1272 1302 P.
1318 1263 1468 1303 nostro
1514 1260 1775 1315 Prouincialj
1832 1260 1875 1302 in
1929 1260 2009 1303 1100

226 1337 396 1376 quoque
430 1323 612 1376 collegio
646 1323 864 1366 visitando
898 1324 1164 1375 assisterem,
1198 1325 1397 1368 redditae
1429 1325 1530 1381 mihj
1565 1329 1667 1368 sunt
1698 1326 1853 1368 literae
1884 1326 1934 1369 R.
1959 1326 2007 1369 T.

225 1402 334 1441 quas
368 1388 565 1442 equidem
600 1389 864 1443 perlibenter
897 1389 1060 1444 accepi.
1121 1389 1327 1432 Veterem
1361 1391 1473 1433 enim
1507 1394 1552 1434 et
1583 1391 1827 1434 fraternum
1858 1391 1905 1434 P.
1930 1391 2007 1433 Co-

225 1455 330 1509 sterj
377 1454 420 1496 in
458 1469 527 1497 me
560 1455 750 1496 animum
783 1454 893 1497 satis
926 1454 1152 1498 declarant
1194 1459 1238 1498 et
1269 1456 1514 1499 Marianum
1557 1471 1664 1511 opus
1709 1459 1906 1499 nostrum
1938 1459 2009 1498 vt-

225 1533 394 1573 cunque
418 1521 715 1574 comprobant,
751 1522 795 1562 et
818 1519 904 1562 iam
933 1521 1177 1575 jmpetrata
1201 1522 1413 1574 quaedam
1447 1523 1660 1576 transaetj
1684 1522 1847 1564 laboris
1870 1523 2006 1575 nostrj

223 1585 420 1639 praemia
461 1585 682 1628 nunciant.
747 1585 1012 1628 Benedictus
1044 1586 1162 1628 Deus
1204 1587 1274 1641 quj
1310 1586 1521 1642 Charitatj
1564 1590 1667 1630 tuae
1708 1587 1815 1629 haec
1855 1590 2009 1630 sancta

223 1649 456 1704 inspirauit
489 1651 682 1702 consilia,
725 1653 776 1693 vt
817 1664 895 1705 per
926 1650 1045 1692 illam
1087 1651 1256 1706 piorum
1299 1652 1624 1694 adolescentum
1657 1652 1789 1706 animj
1823 1652 1877 1695 ad
1909 1666 2008 1706 pre-

226 1715 412 1757 candum
453 1730 531 1770 pro
565 1716 688 1758 nobis
721 1716 868 1758 multis
900 1715 942 1757 in
984 1715 1092 1758 locis
1126 1716 1465 1761 excitarentur1.
1530 1717 1624 1759 Nec
1665 1717 1814 1760 dubito
1857 1731 2006 1760 sacra-

225 1780 424 1822 tissimae
445 1781 631 1834 virgini*
652 1784 698 1824 et
720 1781 1050 1836 potentissimae
1067 1782 1279 1824 Dominae
1302 1785 1491 1832 nostrae,
1515 1783 1594 1824 hos
1615 1785 1789 1824 vestros
1812 1785 2006 1831 conatus,

225 1845 360 1888 haecb
392 1846 464 1900 pia
496 1849 602 1889 vota
635 1850 679 1890 et
711 1847 857 1890 studia
890 1846 1080 1889 maxime
1114 1848 1401 1903 comprobarj.
1456 1848 1540 1890 Per
1572 1848 1751 1889 eandem
1786 1861 2006 1901 nunquam

225 1911 335 1954 satis
376 1911 633 1955 honoratam
677 1927 728 1955 ac
769 1912 1067 1954 honorandam
1101 1912 1315 1965 virginem
1348 1916 1533 1956 matrem
1568 1927 1718 1955 omnes
1750 1914 1820 1967 quj
1855 1926 2007 1955 sacrae

225 1976 353 2019 huius
386 1977 742 2032 congregationis
769 1978 1025 2033 jnstitutum
1058 1978 1249 2032 amplexi
1282 1981 1396 2029 sunt,
1436 1978 1567 2021 etiam
1601 1980 1734 2032 atque
1767 1978 1898 2020 etiam
1932 1992 2007 2020 oro

226 2044 272 2084 et
303 2043 497 2095 obsecro,
541 2046 591 2086 vt
622 2044 665 2085 in
703 2044 930 2097 praeclaro
964 2057 1041 2085 suo
1075 2057 1204 2085 cursu
1238 2045 1494 2086 confirment
1526 2046 1570 2086 et
1602 2046 1794 2097 augeant
1827 2042 2006 2093 animos,

228 2110 435 2161 certoque
468 2109 547 2163 sibj
582 2109 878 2163 persuadeant
905 2108 1088 2151 mirifica
1111 2108 1284 2150 diuinae
1318 2108 1490 2162 gratiae
1522 2108 1741 2163 praesidia
1762 2122 1847 2150 non
1870 2108 2008 2150 solum

226 2173 269 2214 in
289 2173 399 2228 jpsis
422 2173 571 2229 initijS‚
595 2175 670 2216 sed
692 2174 829 2217 multo
847 2174 1023 2216 vberius
1040 2174 1083 2215 in
1106 2188 1341 2228 progressu
1360 2174 1566 2228 eiusmodj
1586 2173 1753 2216 Mariae
1771 2173 2009 2216 cultoribus

227 2238 435 2282 adfutura
478 2254 587 2282 esse.
652 2239 774 2289 Quod
806 2254 913 2282 vero
958 2239 1093 2293 falsj
1137 2239 1382 2281 fratres2
1421 2243 1512 2281 tam
1546 2239 1772 2281 foelicibus
1805 2238 2010 2293 auspicijs

227 2304 299 2346 vel
336 2305 578 2360 jnuideant,
623 2306 693 2346 vel
726 2306 985 2360 obstrepant
1021 2305 1181 2359 palam,
1223 2319 1308 2346 non
1341 2305 1569 2347 obscurum
1603 2307 1909 2357 argumentum
1943 2306 2010 2346 est

226 2369 308 2411 hoc
357 2384 464 2424 opus
500 2371 601 2424 quia
633 2370 725 2412 Deo
773 2373 950 2424 gratum
998 2369 1232 2422 multisque
1274 2369 1573 2412 salutiferum⁰
1621 2369 1798 2419 existat,
1843 2368 2008 2423 jdcirco

228 2436 499 2487 quorundam
536 2435 831 2490 jnsectatione
871 2435 1142 2490 probandum
1186 2449 1236 2476 ac
1278 2435 1588 2488 ‘illustrandum
1631 2448 1741 2477 esse.
1805 2434 2009 2476 Habeant

228 2499 309 2541 hoc
343 2501 533 2543 studium
561 2501 717 2556 aemulj
745 2502 779 2555 sj
815 2500 987 2542 omnino
1019 2500 1084 2542 ita
1113 2499 1264 2549 velint,
1298 2500 1378 2555 sibj
1414 2513 1510 2542 eum
1539 2499 1655 2553 jllisd
1689 2512 1860 2552 quoque
1893 2512 2009 2540 com-

228 2579 371 2617 mune,
405 2566 476 2619 qui
510 2567 762 2620 probatiora
796 2566 928 2609 etiam
962 2565 1193 2619 religiosae
1226 2565 1345 2608 vitae
1376 2565 1581 2607 instituta
1614 2567 1659 2608 et
1691 2564 1902 2606 exercitia
1924 2578 2008 2605 non

228 2630 322 2672 sine
368 2631 523 2685 spiritu
571 2631 793 2673 haeretico
841 2631 1092 2685 petulanter
1139 2631 1349 2673 arrodunt
1397 2633 1440 2672 et
1488 2643 1696 2684 perverse
1745 2629 2007 2671 convellunt.

227 2695 437 2738 Nostrum
473 2699 540 2739 est
581 2699 706 2739 tanto
740 2696 903 2738 rectius
936 2696 988 2738 de
1021 2695 1244 2738 Catholica
1286 2695 1496 2748 religione
1537 2695 1581 2736 in
1615 2693 1849 2737 Germania
1881 2693 2009 2736 resti·

227 2761 390 2803 tuenda
412 2761 768 2815 praeclariusque
791 2775 981 2815 sperare,
1017 2763 1179 2814 quanto
1203 2761 1350 2814 plures
1372 2760 1415 2801 in
1440 2760 1604 2802 Mariae
1628 2759 1822 2812 Virginis
1845 2758 2006 2801 cultum

227 2824 533 2868 vindicandum
581 2829 626 2868 et
667 2827 722 2868 ad
768 2829 968 2880 coeptam
1012 2825 1398 2878 congregationem
1444 2825 1740 2866 exornandam
1783 2824 1827 2865 in
1868 2823 2009 2865 JESV

347 2920 374 2948 a)
396 2919 443 2942 siv
463 2919 506 2950 ]›';
528 2920 552 2943 A
573 2919 652 2943 hund
674 2923 766 2944 recte:
787 2918 925 2950 virginis.
1008 2917 1039 2948 b)
1061 2916 1117 2942 hae
1138 2918 1172 2941 A.
1248 2917 1274 2948 c)
1296 2915 1502 2942 sainturerum
1523 2918 1557 2940 A.
1636 2915 1665 2946 d)
1689 2914 1763 2947 ipsis
1785 2918 1812 2940 ι’.

354 3013 360 3030 “
389 3012 624 3047 Sodalitatem
652 3013 729 3047 sivo
757 3013 1074 3056 congregationem
1094 3012 1229 3045 Beatae
1249 3010 1387 3045 Mariae
1413 3009 1577 3053 Virginis
1603 3008 1796 3052 significat,
1823 3018 1843 3041 a
1863 3006 2010 3041 Costero

226 3077 258 3100 a.
281 3065 370 3100 1575
399 3066 567 3100 Coloniae
586 3067 619 3100 in
640 3066 830 3110 gymnasio
849 3066 971 3100 Trium
992 3064 1212 3099 Coronarum
1239 3063 1445 3098 institutam
1474 3063 1537 3106 (cf.
1561 3073 1672 3106 supra
1698 3073 1730 3106 p.
1751 3061 1820 3095 399
1833 3060 1875 3104 ²).
1910 3059 2010 3099 Vide,

227 3129 320 3162 quae
346 3119 412 3152 sub
441 3118 538 3162 ipsas
564 3118 631 3153 has
661 3119 803 3153 litteras
831 3119 1006 3153 dicentur.

348 3172 361 3191 ²
389 3172 457 3205 Col·
487 3173 538 3213 ll,
566 3174 631 3206 ⁴26:
661 3173 787 3208 111112.
816 3173 847 3206 4.
