2051 3433
201 160 257 200 40
686 156 786 191 1797.
825 155 862 190 P.
885 155 1090 200 Alphonsus
1117 155 1301 190 Salineron
1328 154 1481 189 Canisio.

201 273 294 317 quod
330 273 588 317 periucundum
627 275 683 306 est
709 272 821 311 nobis,
859 274 918 316 qui
946 284 1013 306 non
1042 271 1248 306 dubitamus
1274 272 1376 306 illum
1411 271 1596 316 praeclara
1631 272 1866 316 sc1·ipturum“
1899 275 1967 306 etc.

203 330 309 362 ((ἰιη.
329 326 379 360 VI
397 327 504 369 481);
533 326 592 366 ita,
621 326 777 369 inquam,
805 325 949 360 Octobri
974 326 1083 365 15713
1111 337 1227 369 neque
1246 336 1333 359 vero
1362 326 1395 358 in
1424 325 1555 359 litteris
1575 324 1708 359 Canisii
1731 326 1783 359 15.
1803 325 1969 359 Octobris

202 380 293 414 1572
329 379 372 412 ad
409 380 558 413 eundem
596 379 758 413 Natalem
797 379 891 411 (latis
930 379 1049 420 (infra,
1081 390 1134 422 ep.
1166 378 1271 421 1821)
1308 379 1498 421 quicquam
1535 378 1608 411 tale
1642 378 1838 422 reperitur;
1876 378 1969 411 unde

2039 110 2045 145 l

2033 158 2042 221 ἰή

201 432 387 466 dicendum
419 435 484 472 est,
511 432 542 467 8.
563 432 729 467 Octobris
759 433 846 466 1571
877 432 1059 466 canisium
1086 432 1275 476 scripsisse
1303 431 1518 472 Salmeroni;
1546 432 1648 465 cuius
1674 443 1882 475 responsum
1911 431 1970 465 ille
2034 438 2036 454 ἱ

203 487 257 521 19.
278 485 364 519 Maii
393 486 483 520 1572
511 486 667 519 nondum
693 485 862 519 habuisse
889 485 1051 525 videtum
1079 496 1119 518 eo
1147 486 1241 518 enim
1269 485 1324 518 die
1350 484 1473 519 Natali
1499 484 1665 529 scripsit:
1696 484 1909 529 „Speramus
1934 485 1970 518 in
2034 502 2036 507 v

200 539 316 573 lucem
353 539 453 572 breui
489 539 672 582 proditura
698 541 833 583 scripta
860 539 898 573 P.
919 538 960 571 D.
981 538 1208 577 Salmeronis,
1245 550 1336 582 quae
1374 539 1408 572 in
1443 538 1577 572 multos
1611 541 1726 572 tomos
1763 539 1970 572 excreuisse

201 593 386 626 dicuntur“
420 592 540 635 (infra,
577 604 630 636 ep.
654 592 773 633 1796).
825 590 942 632 Quare
970 592 1213 626 Salmeronem
1250 593 1344 625 inter
1383 592 1563 625 ineuntem
1590 591 1724 625 Maium
1753 595 1789 625 et
1813 592 1970 625 medium

201 646 345 679 lunium
371 645 436 679 has
462 645 603 679 litteras
631 645 771 679 dedisse
798 656 937 679 censeO.

324 724 507 757 Canismm
537 725 677 766 eiusque
703 723 744 755 de
764 723 800 756 S.
820 724 956 755 Ioanne
975 724 1139 765 Baptista
1165 722 1296 755 librum
1325 723 1461 755 laudat.
1504 723 1552 756 Ei
1570 723 1611 755 de
1631 723 1671 756 B.
1688 722 1809 755 Μανία
1829 723 1973 765 Viryt'ne

203 777 373 810 scribenti
409 778 618 815 cralulalur
653 781 681 809 et
717 777 873 809 calcaria
913 776 1063 808 adhibet.
1115 776 1168 809 De
1204 776 1240 808 S.
1270 775 1481 818 lldefflzonso
1515 787 1619 809 sacra
1656 782 1742 809 reste
1776 776 1819 808 ab
1854 777 1971 808 eadem
2034 803 2036 807 ,

202 831 343 863 donato.
398 830 580 863 Canisz‘mn
617 841 734 862 verum
773 841 841 862 esse
881 831 1111 862 Germanum.
1166 829 1241 862 Cur
1278 830 1364 862 Itali
1399 834 1522 862 contra
1553 833 1788 872 protestantes
1822 829 1975 862 scribere
2037 835 2039 840 ’

201 888 386 926 nequeant.
439 885 491 917 De
516 885 591 916 suis
618 885 654 915 in
682 883 867 916 scribendo
893 883 1178 925 difficultatibus.

559 972 803 1014 Admodum
836 972 1076 1014 reuerende
1110 974 1154 1014 et
1187 971 1438 1014 charissime
1471 972 1614 1015 Pater.

323 1048 366 1091 Si
407 1049 559 1100 serius,
606 1064 733 1102 quam
778 1064 856 1103 par
896 1052 964 1091 est
1005 1053 1049 1091 et
1081 1038 1269 1092 studium
1315 1050 1445 1102 atque
1479 1048 1758 1091 obseruantia
1790 1062 1896 1102 erga
1928 1051 1974 1091 te

202 1127 299 1155 mea
331 1115 539 1167 postulat,
574 1114 653 1156 tibi
686 1115 949 1168 respondere
976 1114 1138 1164 videor,
1172 1114 1214 1155 id
1248 1114 1350 1155 mihi
1383 1114 1713 1156 adscribendum
1746 1128 1831 1155 non
1864 1127 1973 1164 esse,

203 1179 273 1220 vel
306 1193 361 1220 ex
394 1193 443 1221 eo
486 1180 614 1221 facile
652 1180 897 1233 intelligere
930 1184 1067 1234 potes,
1112 1180 1223 1232 quod
1267 1179 1421 1221 literae
1452 1183 1555 1221 tuae
1588 1182 1742 1221 octauo
1777 1179 1975 1221 Octobris
2034 1226 2038 1234 .

206 1243 274 1285 die
307 1244 591 1298 conscriptae,
635 1245 804 1286 nonnisi
846 1248 1081 1299 appetente
1113 1245 1200 1286 iam
1233 1244 1408 1287 Natalis
1443 1244 1613 1286 Domini
1645 1244 1772 1296 festo,
1817 1258 1977 1296 magna

202 1309 530 1351 tabellariorum
555 1309 835 1363 negligentia,
870 1310 972 1352 mihi
1007 1309 1203 1352 redditae
1226 1313 1348 1357 sunt;
1383 1309 1426 1351 in
1454 1310 1606 1362 quibus
1629 1309 1747 1361 sane,
1781 1323 1834 1350 ne
1857 1310 1976 1362 quic·

203 1388 333 1427 quam
357 1374 634 1426 dissimulem,
671 1375 855 1429 plurima
878 1379 993 1426 sunt,
1029 1389 1138 1428 quae
1161 1389 1230 1416 me
1262 1375 1469 1417 maiorem
1502 1375 1544 1416 in
1579 1375 1748 1417 modum
1784 1375 1974 1417 oblecta-

203 1443 318 1483 runt.
382 1439 510 1490 Nam,
550 1444 599 1483 vt
631 1440 706 1482 illa
738 1440 1102 1494 praetermittam,
1137 1455 1247 1493 quae
1280 1440 1472 1482 nonnihil
1513 1440 1703 1482 animum
1735 1454 1878 1481 meum
1911 1439 1976 1481 of·
2034 1451 2036 1458 ’

206 1505 383 1547 fendere
416 1519 543 1559 posse
565 1520 651 1547 non
674 1505 920 1559 ignorabas,
954 1506 1067 1559 quod
1092 1505 1297 1547 videlicet
1319 1506 1373 1547 ab
1395 1505 1518 1548 initio
1542 1505 1765 1548 literarum
1789 1508 1975 1555 tuarum,

204 1571 348 1612 celata
380 1571 573 1613 nonnihil
605 1574 714 1621 arte,
746 1571 789 1612 in
822 1585 1015 1613 mearum
1048 1572 1223 1613 laudum
1258 1571 1492 1625 praeconia
1518 1571 1762 1613 excurreris
1795 1585 1845 1613 ac
1877 1584 1976 1625 pro-

205 1635 312 1678 fusis
346 1636 620 1689 eloquentiae
653 1639 755 1678 tuae
789 1636 952 1678 viribus
986 1637 1115 1689 (quae
1149 1650 1288 1689 neque
1320 1637 1516 1691 profecto
1550 1636 1745 1690 vulgaris
1778 1639 1858 1687 est,
1899 1649 1977 1678 nec

204 1701 447 1755 prudentia,
491 1705 568 1744 aut
609 1702 824 1744 modestia
856 1702 1103 1744 Christiana
1136 1702 1366 1755 destituta)
1409 1703 1452 1744 in
1486 1716 1553 1744 me
1587 1701 1838 1744 exornando
1871 1715 1975 1743 Vsus

204 1766 352 1817 fueris,
396 1781 532 1820 eaque
573 1767 677 1808 mihi
718 1767 910 1809 tribuere
941 1767 1144 1818 volueris,
1188 1781 1299 1820 quae
1341 1768 1510 1809 nonnisi
1552 1767 1765 1818 maximis,
1809 1770 1854 1809 et
1886 1768 1973 1809 cla-

205 1831 387 1874 rissimis
419 1832 537 1883 viris,
574 1832 881 1886 doctrinaeque
915 1847 1058 1875 arcem
1092 1833 1342 1875 tenentibus
1375 1833 1550 1875 concedi
1583 1833 1748 1875 solent:
1790 1833 1876 1874 ista
1909 1836 1975 1874 ta-

206 1912 304 1939 men
347 1898 490 1940 omnia
525 1898 647 1940 nobis
681 1898 945 1949 deuoranda,
981 1913 1031 1940 ac
1064 1898 1164 1940 boni
1198 1899 1461 1940 consulenda
1495 1913 1590 1940 esse
1624 1898 1676 1940 ob
1710 1912 1804 1940 eam
1838 1897 1974 1952 potis-

205 1962 359 2005 simum
393 1977 570 2006 causam
603 1964 816 2015 duximus,
852 1964 966 2017 quod
995 1964 1201 2006 videlicet
1223 1978 1249 2006 a
1272 1964 1402 2007 Patre
1425 1963 1608 2012 Canisio,
1643 1964 1686 2005 id
1720 1967 1799 2014 est,
1836 1978 1862 2006 a.
1885 1963 1978 2004 viro

207 2028 497 2071 candidissimi
530 2043 581 2071 ac
613 2029 905 2083 syncerissimi
941 2029 1128 2084 pectoris
1161 2031 1307 2072 essent
1340 2029 1549 2084 profecta.
1603 2029 1823 2072 Fortassis
1846 2028 1977 2071 etiam

208 2107 258 2136 eo
300 2096 401 2135 tuus
433 2094 651 2148 spectauit
683 2094 865 2146 animus,
908 2098 957 2138 vt
989 2108 1074 2137 non
1105 2097 1195 2137 tam
1235 2095 1374 2148 qualis
1407 2108 1488 2147 ego
1521 2094 1666 2149 reipsa
1698 2107 1860 2144 essem3
1903 2093 1980 2135 sed

207 2159 378 2212 qualem
412 2173 480 2201 me
511 2173 591 2214 per
614 2162 805 2203 aetatem
829 2174 880 2202 ac
903 2159 1142 2203 studiorum
1166 2174 1359 2202 meorum
1384 2159 1596 2202 rationem
1622 2173 1718 2202 esse
1742 2162 1978 2214 oporteret,

207 2225 496 2267 describeres:
540 2228 616 2268 aut
647 2225 753 2267 illud
786 2225 1024 2278 cogitabas,
1067 2225 1274 2268 virtutem
1316 2225 1539 2268 laudatam
1574 2238 1792 2275 crescere;
1835 2228 1879 2267 et
1917 2224 1981 2267 ita

207 2304 275 2331 me
308 2290 541 2348 ampliores
574 2305 833 2345 progressus
874 2290 1089 2333 facturum
1124 2291 1204 2333 tibi
1236 2290 1524 2345 pollicebaris.
1590 2291 1726 2342 Adde,
1770 2290 1882 2343 quod
1915 2290 1981 2331 his

206 2355 404 2397 laudibus
427 2355 565 2398 veluti
587 2356 842 2409 quibusdam
868 2356 1110 2399 calcaribus
1143 2359 1388 2410 promptum
1414 2356 1493 2398 tibi
1523 2356 1654 2398 fuerit
1677 2370 1727 2397 eo
1750 2355 1979 2409 respicere,

206 2422 279 2461 vt⁸
311 2434 379 2462 me
412 2421 468 2463 ad
500 2421 644 2475 operis
675 2421 830 2475 coepti,
865 2421 977 2474 quod
1012 2435 1116 2475 prae
1148 2421 1347 2463 manibus
1380 2421 1532 2472 habeo,
1566 2420 1847 2470 molitionem,
1882 2433 1980 2474 per-

207 2484 527 2539 fectionemque
559 2486 707 2528 tacitis
740 2501 791 2528 ac
814 2486 1021 2529 modestis
1053 2486 1260 2529 incitares
1282 2487 1473 2537 vocibus,
1510 2489 1641 2539 atque
1673 2486 1977 2528 inflammares

212 2550 295 2592 Sed
337 2554 558 2604 vtcunque
599 2551 706 2594 haec
746 2565 793 2593 se
834 2551 1036 2601 habeant,
1081 2551 1226 2594 onmia
1265 2554 1368 2594 tuae
1410 2551 1622 2605 epistolae
1660 2551 1796 2593 verba
1836 2549 1979 2600 officii,

208 2615 553 2667 beneuolentiae,
598 2616 919 2670 singularisque
959 2617 1023 2659 tui
1065 2631 1171 2669 erga
1207 2630 1276 2659 me
1309 2617 1470 2659 amoris
1503 2616 1746 2658 certissima
1777 2618 1879 2658 sunt
1911 2630 1980 2657 ar·
2037 2633 2039 2639 ¹

207 2683 429 2732 gumenta,
463 2695 543 2723 nec
575 2681 618 2723 in
651 2681 717 2722 his
751 2681 978 2735 quicquam
1003 2686 1072 2725 est
1095 2683 1148 2724 ab
1171 2681 1330 2736 ingenii
1364 2682 1427 2724 tui
1451 2682 1650 2732 candore,
1685 2680 1878 2731 lenitate,
1913 2684 1980 2723 at-

209 2758 291 2797 que
330 2746 543 2788 modestia
588 2746 797 2796 alienum3
841 2750 890 2790 vt
922 2761 1070 2789 omnes
1112 2747 1292 2802 proinde
1324 2747 1518 2790 rationes
1551 2746 1704 2800 quouis
1735 2746 1861 2788 modo
1902 2745 1981 2788 tibi

208 2809 300 2852 iure
332 2811 627 2862 succensendi,
662 2811 765 2853 mihi
798 2811 917 2854 visus
949 2812 1083 2854 fueris
1117 2815 1380 2867 amputasse.

328 2880 376 2922 In
409 2885 530 2924 tuum
573 2882 706 2933 illum,
756 2883 844 2932 „De
877 2883 1136 2937 corruptelis
1169 2883 1290 2925 verbi
1323 2883 1447 2934 Dei“‚
1489 2883 1659 2932 librum,
1704 2896 1844 2935 quem,
1885 2896 1980 2924 cum

210 2945 329 2999 prius
362 2945 441 2989 tibi
473 2946 625 2989 literas
659 2947 805 2990 darem
840 2949 1028 2990 nondum
1061 2948 1321 3001 attigeram;
1355 2948 1529 2991 tandem
1563 2947 1666 2989 mihi
1698 2946 1981 2999 inuestiganti

208 3011 399 3054 incidere
441 3012 646 3064 contigit3
690 3026 815 3065 quem
859 3027 1018 3067 magna
1052 3027 1146 3055 cum
1182 3013 1312 3055 animi
1353 3012 1438 3055 mei
1469 3013 1697 3066 voluptate
1730 3012 1782 3054 ad
1819 3012 1978 3054 calcem

209 3089 347 3129 Vsque
380 3077 559 3131 perlegi,
594 3080 639 3118 et
671 3078 705 3118 si
741 3078 841 3130 quid
875 3081 942 3120 est
973 3078 1016 3120 in
1049 3092 1117 3120 me
1149 3078 1293 3120 iudicii
1327 3077 1459 3131 (quod
1491 3078 1632 3120 sentio
1658 3091 1787 3130 quam
1809 3076 1866 3120 sit
1888 3077 1980 3119 exi·

330 3169 356 3201 a)
378 3170 438 3194 Hoc
457 3177 482 3194 v.
496 3169 573 3194 deese
596 3169 623 3194 in
645 3170 678 3194 B.
