2062 3443
743 165 854 199 Roma
881 164 935 198 27.
957 163 1122 198 Octobris
1151 164 1252 198 1580.
1796 168 1877 208 581

232 283 297 325 De
331 284 374 325 P.
399 282 576 325 Crusio¹
615 282 699 325 iam
732 283 911 337 scripsi²¹
945 283 988 324 P.
1017 281 1273 324 Prouinciali
1316 296 1411 323 eum
1454 297 1480 325 a
1522 283 1644 325 nobis
1686 282 1772 325 cito
1814 298 1881 326 re-

114 348 289 390 missum
323 348 387 398 iri,
421 348 462 390 id
496 351 564 390 est
595 348 720 389 simul
754 362 805 389 ac
838 347 1054 402 appulerit
1082 347 1118 388 is
1141 361 1267 400 quem
1291 347 1349 389 illi
1373 361 1665 390 successorem
1690 348 1882 391 destina-

114 413 265 463 uimus,
300 427 425 466 quem
459 413 590 455 miror
622 427 698 454 cur
729 413 837 454 adeo
860 416 1074 455 moretur:
1109 426 1359 454 monueram
1394 413 1506 455 enim
1530 416 1578 456 ut
1600 413 1883 456 festinatione

113 480 324 521 uteretur.

232 549 417 592 Gauisus
449 565 542 592 sum
576 550 865 592 Reuerentiae
899 549 973 591 V.¹¹
1005 548 1276 603 potissimum
1310 549 1544 602 contigisse
1578 552 1625 592 ut
1660 550 1879 592 Reueren-

111 614 286 657 dissimo
320 615 531 670 Delphino
574 614 913 667 adiungeretur2
938 636 946 643 ·
971 627 1098 668 spero
1140 614 1252 656 enim
1295 615 1330 656 si
1373 628 1441 656 res
1483 615 1789 669 progrediatur
1828 629 1883 657 ex

111 680 400 723 Reuerentiae
424 680 475 723 V.
509 679 728 722 laboribus
751 680 793 720 in
817 694 869 721 ea
891 693 937 721 re
960 693 1043 721 non
1067 679 1288 721 minimum
1312 684 1568 733 prouentum
1595 702 1601 709 ·
1627 680 1712 722 ‚Jlle
1736 683 1882 722 autem

111 758 136 787 a
167 759 334 787 summo
369 746 575 788 Pontifice
608 745 858 788 obtinuerat
889 759 1017 786 unum
1053 758 1076 786 e
1109 744 1283 787 nostris.
1338 745 1497 787 Postea
1530 745 1737 788 mandato
1771 746 1884 787 eius—

110 810 204 852 dem
230 811 448 853 Pontificis
470 811 582 852 idem
607 824 687 864 ego
711 824 880 863 quoque
902 810 1054 864 scripsi
1079 810 1132 852 ad
1158 810 1202 852 P.
1221 810 1548 853 Prouincialem.
1584 810 1624 852 N
1630 825 1711 853 unc
1734 814 1880 853 autem

109 876 222 929 quod
262 876 355 930 ipse
388 876 694 919 Reuerentiam
723 876 773 919 V.
807 876 1062 919 nominatim
1105 876 1300 929 elegerit,
1344 879 1392 918 ut
1431 875 1520 917 dixi
1562 875 1740 929 gauisus
1773 890 1881 919 sum.

227 947 346 997 Quod
381 952 526 990 autem
560 947 742 1000 cognoui
776 961 829 989 ex
853 947 1145 990 Reuerentiae
1169 947 1220 989 V.
1255 947 1405 997 literis,
1440 947 1525 989 iam
1550 947 1681 989 etiam
1706 961 1762 989 ex
1784 947 1882 1002 alijs

107 1012 368 1055 resciueram
410 1016 602 1055 ueterem
644 1013 761 1054 illam
804 1013 924 1055 litem
964 1012 1016 1054 de
1058 1026 1189 1055 censu
1228 1013 1415 1066 quinque
1448 1027 1525 1067 pro
1560 1015 1771 1063 centum⁰,
1814 1015 1883 1056 tot

108 1076 494 1132 disputationibus,
538 1080 582 1120 et
627 1078 835 1127 decretis,
879 1081 923 1121 et
964 1078 1184 1132 responsis
1229 1078 1361 1120 etiam
1400 1078 1547 1120 Patris
1590 1078 1740 1120 Nostri
1785 1078 1883 1132 piae

107 1144 225 1185 me3:
267 1143 508 1197 iugulatam
543 1143 709 1185 denuod
742 1143 977 1193 reuixisse;
1021 1157 1132 1196 quae
1173 1157 1243 1186 res
1276 1144 1377 1186 mihi
1413 1144 1657 1186 molestiam
1691 1143 1881 1197 aliquam

107 1209 269 1259 attulit,
303 1208 560 1263 praesertim
595 1209 707 1262 quod
741 1208 898 1259 audiui,
933 1209 1145 1262 quaedam
1179 1223 1205 1250 a
1234 1209 1281 1253 P.
1301 1209 1497 1251 Heiuodo
1533 1209 1649 1251 dicta
1672 1215 1806 1262 quae⁰
1829 1210 1883 1252 ad

107 1273 347 1316 animorum
370 1274 713 1316 coniunctionem
738 1274 1079 1316 conseruandam
1113 1288 1264 1328 parum
1288 1274 1529 1325 conferunt,
1565 1277 1610 1317 et
1632 1268 1886 1329 praetereas

107 1339 328 1392 negotium
361 1353 498 1393 usque
520 1339 574 1381 ad
598 1339 955 1382 Serenissimumg
977 1340 1139 1381 Ducem
1165 1339 1424 1382 Gulielmum
1448 1340 1579 1382 etiam
1603 1353 1881 1395 progressum

106 1418 214 1448 esse.
261 1405 355 1459 Ego
388 1418 491 1446 uero
525 1404 630 1447 nihil
662 1405 705 1446 in
739 1405 960 1460 praesenti
983 1405 1080 1446 huic
1102 1405 1162 1447 rei
1188 1405 1351 1447 mederi
1373 1419 1560 1459 possum.
1610 1405 1726 1448 Nam
1749 1405 1880 1448 etiam

107 1469 143 1511 si
168 1469 374 1513 Pontifex
399 1470 497 1512 olim
522 1472 571 1512 ut
594 1470 858 1513 Reuerentia
877 1471 926 1513 V.
951 1469 1102 1512 scribit
1123 1470 1164 1511 in
1187 1470 1384 1524 partem¹¹
1406 1470 1525 1513 illam
1549 1471 1747 1514 inclinari
1765 1471 1883 1514 uisus

105 1534 175 1587 sit,
208 1538 355 1578 tamen
388 1535 585 1589 suspicor
616 1550 700 1578 non
724 1549 873 1578 omnes
896 1536 1247 1579 circumstantias
1278 1536 1413 1578 fuisse
1445 1539 1537 1579 tum
1561 1536 1622 1578 illi
1645 1537 1774 1591 plane
1805 1551 1882 1578 ex-

104 1600 312 1655 positasi:
346 1601 403 1643 Et
447 1604 565 1643 certe
599 1615 694 1643 cum
728 1602 809 1643 hae
849 1615 989 1644 nouae
1030 1604 1211 1644 exortae
1251 1601 1340 1644 sint
1372 1602 1666 1645 dubitationes
1698 1617 1783 1644 non
1818 1602 1881 1644 ui-

106 1665 263 1708 dentur
294 1667 380 1708 ullo
414 1679 510 1708 meo
535 1667 741 1709 mandato
763 1667 859 1708 tolli
881 1681 1021 1721 posse,
1055 1667 1136 1708 nisi
1170 1681 1265 1709 cum
1299 1667 1344 1710 P.
1370 1667 1656 1709 Prouincialis
1690 1671 1736 1710 et
1768 1668 1882 1710 elec-

103 1732 222 1773 tores
254 1731 383 1774 istinc
417 1731 471 1774 ad
495 1731 887 1785 Congregationem
920 1731 1141 1774 uenerint:
1176 1746 1259 1786 quo
1283 1735 1479 1786 tempore
1502 1736 1546 1775 et
1568 1732 1653 1774 illis
1676 1735 1720 1775 et
1742 1733 1839 1787 alijs
1851 1733 1880 1779 k,

104 1797 352 1851 nostrisque
374 1797 565 1852 insuper¹
598 1797 846 1840 doctoribus
879 1797 950 1851 qui
972 1797 1040 1839 hic
1063 1801 1166 1840 sunt
1186 1798 1228 1839 in
1255 1797 1618 1840 consultationem
1642 1797 1881 1841 adhibitislu

105 1864 153 1904 ut
199 1862 242 1903 in
286 1862 372 1904 alia
404 1862 751 1916 Congregatione
792 1865 1024 1916 praesente
1066 1863 1332 1905 Reuerentia
1364 1863 1415 1905 V.
1450 1863 1615 1906 factum
1662 1864 1761 1906 est4
1803 1863 1883 1906 ali-

105 1927 204 1979 quid
249 1928 421 1970 decerni
459 1928 622 1983 poterit
660 1927 774 1981 quod
817 1928 970 1970 deinde
1002 1927 1199 1971 Pontifici
1242 1928 1434 1970 delatum
1476 1929 1592 1970 vim'¹
1625 1929 1678 1971 ab
1720 1929 1794 1971 illo
1837 1932 1881 1972 et

104 1992 387 2036 autoritatem
430 1993 628 2048 accipiat,
671 1995 716 2035 et
757 1993 812 2035 ab
854 1993 1051 2035 omnibus
1092 1993 1367 2036 uniformiter
1398 1997 1611 2036 seruetur.
1676 1994 1791 2037 Nam
1824 1995 1879 2036 ad

104 2057 196 2100 eius
214 2058 503 2102 Sanctitatein
527 2062 575 2101 ut
596 2058 677 2100 hoc
699 2058 835 2101 faciat
856 2059 1162 2113 impellendam
1186 2059 1324 2102 maius
1347 2059 1478 2102 etiam
1497 2060 1665 2114 pondus
1686 2059 1895 2113 habebit„

103 2123 138 2164 si
171 2123 389 2177 intelliget
421 2138 511 2166 rem
545 2125 655 2165 bene
688 2123 903 2177 agitatam
937 2138 992 2166 ex
1024 2124 1254 2167 uniuersae
1276 2124 1626 2180 prouinciae⁰[‘?]
1660 2125 1881 2168 sententia

102 2188 165 2230 illi
187 2189 381 2243 proponi.
422 2189 564 2240 Quare
587 2189 776 2231 maxime
799 2189 928 2232 uelim
953 2193 1000 2232 ut
1022 2190 1196 2232 interim
1219 2190 1484 2233 Reuerentia
1507 2191 1557 2232 V.
1584 2191 1629 2233 P.
1655 2190 1851 2233 Heiuodo
1866 2197 1881 2217 Ρ

104 2255 149 2295 et
189 2253 225 2295 si
267 2254 362 2308 quis
403 2255 514 2297 alius
548 2254 679 2297 fuerit
712 2254 784 2308 qui
817 2255 869 2296 de
902 2255 982 2297 hac
1014 2269 1062 2297 re
1101 2255 1305 2308 loquatur
1346 2258 1390 2298 et
1428 2256 1667 2299 autoritate
1700 2270 1793 2305 sua,
1837 2259 1882 2299 et

104 2318 272 2361 ratione
305 2319 438 2362 etiam
471 2319 748 2374 persuadeat,
793 2322 840 2362 ut
874 2320 1083 2373 quiescat,
1125 2326 1291 2374 nequeq
1325 2323 1452 2363 autor
1487 2335 1583 2363 esse
1615 2321 1722 2364 uelit
1755 2321 1882 2364 Sere-

104 2383 304 2426 nissimor
326 2384 434 2427 Duci
458 2385 586 2427 ullius
609 2384 671 2426 rei
692 2385 965 2427 innouandae
988 2389 1090 2428 ante
1112 2385 1154 2427 id
1171 2388 1344 2440 tempus
1367 2386 1478 2440 quod
1498 2386 1600 2437 dixi,
1624 2386 1881 2441 praesertim

104 2462 200 2490 cum
232 2453 322 2492 tam
357 2450 476 2492 breui
511 2451 745 2492 affuturum
778 2450 848 2494 sit.
896 2451 990 2493 Hoc
1012 2451 1304 2494 Reuerentiae
1337 2452 1389 2496 V.
1423 2455 1603 2506 propter
1635 2455 1882 2494 nostrorum

104 2514 316 2564 unionem,
351 2518 396 2558 et
429 2516 702 2557 concordiam
735 2529 999 2571 magnopere
1032 2517 1298 2559 commendo.

225 2613 252 2643 a)
275 2614 413 2646 Sequitur
433 2613 475 2640 ill.
494 2615 585 2639 oblite.
667 2612 698 2643 b)
720 2616 857 2646 Sequitur
877 2614 1022 2645 destinat,
1043 2616 1133 2640 oldut.
1214 2619 1239 2641 cl
1261 2617 1399 2647 sequitur
1420 2616 1477 2641 iam
1499 2616 1539 2646 et,
1560 2617 1648 2641 oblite.
1725 2614 1755 2645 d)
1776 2616 1836 2640 Hoc
1858 2624 1879 2640 r.

102 2662 195 2685 supra
218 2663 331 2679 versum
351 2655 492 2686 scriptum
513 2659 563 2680 est.
638 2657 664 2685 Θ)
687 2657 825 2688 Sequitur
845 2663 916 2687 non,
936 2657 1025 2681 oblim.
1101 2657 1123 2687 f)
1145 2658 1312 2688 Sequuntur
1335 2665 1374 2681 ι’ν.
1396 2656 1452 2683 hoc
1474 2658 1583 2686 totum,
1604 2658 1694 2682 osuiu.
1770 2658 1801 2689 g)
1824 2659 1883 2682 1101·

106 2704 128 2720 ι·.
149 2704 241 2727 supra
264 2704 377 2721 versum
397 2697 540 2728 scriplum
561 2701 611 2721 est.
668 2697 699 2725 h)
721 2698 768 2723 Sic
787 2702 945 2722 rou-renum
967 2702 1009 2723 est
1029 2707 1065 2723 es·
1085 2697 1119 2724 R.
1134 2697 1168 2724 V.
1189 2698 1247 2723 scit
1268 2698 1343 2723 lianc
1364 2699 1490 2724 eandem
1513 2702 1641 2732 partem.
1700 2700 1719 2731 i)
1741 2701 1787 2726 Sic
1806 2708 1881 2725 corr.

103 2740 145 2761 ese
164 2745 200 2762 err·
220 2737 403 2770 propositas.
462 2741 491 2769 k)
510 2740 649 2770 Sequitur
669 2739 699 2764 in
720 2739 842 2764 consult
856 2741 895 2769 et,
915 2740 1006 2764 oblim.
1063 2739 1083 2769 l)
1100 2741 1159 2765 Ilm:
1175 2749 1197 2764 ι·.
1211 2749 1304 2771 supra
1328 2748 1440 2765 versum
1461 2742 1603 2772 scriptum
1619 2745 1669 2766 est.
1718 2744 1757 2771 m)
1774 2743 1881 2767 Novem

106 2787 145 2803 ιϊ.
166 2788 225 2811 sqq.
245 2788 339 2811 supra
361 2788 472 2804 versum
497 2781 608 2811 scriptu
629 2784 706 2805 sunt.
803 2782 832 2812 n)
855 2782 920 2805 Duo
947 2790 986 2806 ιϊ.
1007 2791 1065 2813 sqq.
1086 2790 1178 2815 κμμνα
1202 2790 1314 2806 ret-sum
1335 2783 1444 2814 arriplu
1465 2786 1541 2807 sunt.
1618 2784 1646 2815 ο)
1667 2785 1732 2815 Si‹:;
1751 2785 1801 2810 secl
1822 2788 1881 2809 tola

103 2820 173 2843 haer>
192 2820 287 2844 oratio
306 2822 432 2845 suadere
454 2822 526 2845 mihi
549 2822 674 2850 videtur,
696 2826 724 2845 ul
746 2823 841 2847 :licam
861 2826 1033 2847 Mamm-enm
1054 2824 1182 2848 scrihere
1205 2824 1345 2847 voluisse:
1365 2824 1537 2850 societatis.
1595 2831 1623 2856 pl
1646 2826 1748 2850 Decem
1764 2834 1779 2851 v
1793 2836 1806 2850 ⁴.
1822 2834 1879 2857 sqq.

103 2869 196 2892 supra
218 2870 330 2886 ree-sum
351 2862 460 2893 scripla
476 2866 552 2887 sunt.
629 2868 658 2895 ql
680 2864 819 2894 Sequitur
839 2864 959 2896 quicqu.
980 2865 1071 2889 omitt.
1147 2867 1172 2895 r)
1195 2866 1253 2888 Ilor
1270 2874 1290 2888 s.
1305 2873 1397 2896 supra
1422 2873 1535 2890 versum
1556 2867 1696 2898 scriptum
1719 2871 1770 2892 ese.

228 2997 236 3017 ¹
263 2997 303 3031 P.
324 2997 472 3032 lacobus
491 2999 610 3033 Kraus
628 2999 804 3041 Venetiis,
831 3000 891 3034 ubi
913 3000 1112 3035 Germanos
1138 3001 1252 3035 sacris
1278 3001 1489 3035 ministeriis
1516 3002 1717 3043 excolebat,
1745 3002 1879 3037 Lands-

105 3050 263 3093 bergam,
290 3052 330 3085 ut
355 3051 530 3094 magister
555 3052 776 3087 noviciorum
804 3056 910 3094 esset,
938 3056 1114 3088 venturus
1140 3056 1236 3093 erat;
1264 3065 1298 3088 ν.
1318 3065 1427 3098 supra
1454 3066 1486 3099 p.
1507 3055 1577 3090 544
1604 3057 1682 3090 559.

226 3109 239 3130 ²
265 3110 355 3145 Vide
381 3122 491 3155 supra
516 3123 550 3156 p.
569 3111 651 3147 570.
751 3113 763 3132 ³
789 3113 1008 3147 Mei-curiani
1035 3114 1230 3158 praepositi
1259 3113 1449 3155 generalis.

225 3167 237 3184 ⁴
266 3163 355 3198 Vide
382 3164 486 3205 infra,
513 3176 669 3199 monum.
693 3166 795 3201 1137.
