2051 3433
190 177 276 218 590
708 174 812 210 2078.
840 174 1006 210 Canisius
1033 174 1193 211 Oliverio
1220 175 1400 210 Manareo.

190 302 222 325 n.
245 291 342 334 132).
394 291 562 326 Pontifex
591 295 711 326 autem
743 293 915 335 „formam
943 295 1149 327 contractus
1176 293 1419 336 germanici“¹
1450 305 1528 328 curn
1558 295 1669 329 variis
1696 296 1965 339 quaestionibus

188 345 232 379 ab
262 345 424 379 Haivodo
464 346 605 379 nomine
643 345 827 380 Guilielmi
854 346 897 380 V.
936 347 1036 380 ducis
1070 346 1137 380 sibi
1175 347 1345 380 traditam
1382 346 1479 381 dedit
1515 347 1664 382 Claudio
1689 348 1903 392 Aquavivae
1929 349 1964 383 in

188 397 381 432 Societatis
418 398 697 442 congregatione
729 399 890 442 generali
926 399 1039 433 electo
1075 400 1280 444 praeposito
1315 399 1487 443 generali,
1522 404 1562 434 ut
1594 413 1657 445 per
1692 401 1850 436 delectos
1885 413 1963 436 con-

190 452 412 494 gregationis
447 451 634 495 theologos
670 452 788 486 omnia
823 452 1071 496 cognoscenda
1105 455 1141 486 et
1168 452 1394 487 diiudicanda
1430 457 1581 488 curaret.
1634 455 1753 499 Atque
1787 455 1824 488 hi
1849 474 1893 478 —
1930 455 1965 489 in

190 516 341 548 quorum
368 516 515 539 numero
542 504 580 538 P.
603 504 800 548 Gregorius
836 506 878 539 de
906 506 1072 540 Valentia
1099 508 1178 540 erat
1203 525 1248 529 -—
1276 506 1410 540 Romae
1444 518 1488 540 m.
1515 507 1630 551 Aprili
1661 508 1747 542 1581
1781 520 1844 550 „ex
1873 520 1964 543 com-

189 559 286 591 muni
314 558 510 592 consensu¹⁴
553 560 790 600 „tractatum“
830 560 1005 603 quendam
1042 562 1331 603 composuerunt,
1366 559 1401 593 in
1435 572 1505 604 quo
1545 564 1787 602 „contractum
1823 573 1863 596 eo
1895 573 1965 606 quo

188 611 395 655 propositus
431 614 508 645 erat
535 612 637 645 modo
666 612 941 652 consideratum,
977 614 1019 646 ad
1057 612 1193 646 nullam
1220 612 1325 646 aliam
1353 613 1522 657 speciem,
1558 625 1666 658 quam
1701 616 1817 649 mutui
1842 615 1963 649 reduci

188 665 313 708 posse“
354 664 504 708 ideoque
544 665 757 707 „intrinsece
785 665 937 699 malum‘
968 677 1048 700 esse
1073 665 1295 707 statuebant,
1332 666 1458 700 deinde
1494 669 1614 701 autem
1651 669 1773 702 varias
1808 669 1964 702 rationes

187 720 223 751 et
248 717 479 757 conditiones,
508 719 636 761 quibus
663 718 825 753 homines
851 719 894 753 de
920 720 989 761 5⁰s0
1016 719 1115 753 licite
1141 719 1275 764 pacisci
1302 730 1407 764 posse
1433 720 1652 761 viderentur,
1679 722 1925 766 proponebant
1939 721 1963 755 ².

188 771 243 804 Ex
270 770 396 804 horum
422 771 535 814 igitur
560 772 742 806 sententia
773 774 970 815 Greyorius
993 774 1102 807 XIII.
1131 773 1212 807 duci
1239 773 1395 817 scripsit,
1423 773 1624 817 pactionem
1652 774 1693 807 de
1719 775 1789 817 5¹70
1816 787 1866 816 ea,
1894 786 1965 819 qua

185 823 253 858 sibi
279 824 462 868 proposita
489 827 596 865 esset,
623 825 762 859 ratione
789 826 864 860 fieri
892 837 1119 870 nequaquam
1148 837 1273 871 posse;
1310 827 1341 860 si
1368 837 1439 870 qua
1465 829 1586 860 tamen
1613 827 1648 860 in
1676 827 1869 862 Germania
1894 827 1965 862 alia

186 876 228 911 de
255 878 325 919 5⁰so
351 877 555 922 paciscendi
592 881 690 912 esset
715 879 818 919 ratio,
855 891 933 913 eam
960 891 981 913 a
1007 891 1045 913 se
1071 891 1187 923 neque
1214 879 1405 924 improbari
1442 891 1557 924 neque
1584 880 1735 925 probari,
1771 884 1963 925 antequam

185 930 395 974 singulatim
432 931 576 974 cognita
614 934 649 966 et
676 932 874 966 diiudicata
902 935 1009 966 esset.
1061 932 1279 967 Guilielmus
1306 933 1444 973 deinde,
1478 933 1546 967 etsi
1572 933 1735 978 pontifex
1762 935 1964 979 pactionem

186 984 229 1018 de
255 985 334 1027 5⁰l0,
371 996 463 1029 quae
502 984 602 1018 licita
638 988 746 1027 esset,
786 986 939 1020 inveniri
976 997 1081 1031 posse
1116 986 1211 1020 haud
1238 986 1388 1020 obscure
1423 986 1707 1030 significaverat,
1738 988 1899 1029 „rebus⁴‘,
1925 990 1966 1022 ut

185 1037 237 1071 ait
253 1038 356 1080 Zeeh,
387 1038 612 1083 „provinciae
631 1050 717 1073 suae
746 1039 988 1073 necessarium
1008 1042 1071 1073 aut
1088 1039 1216 1074 utilem
1236 1051 1316 1073 esse
1342 1039 1453 1074 talem
1474 1043 1709 1082 contractum,
1735 1052 1963 1086 nequaquam

185 1094 296 1133 ratus,
325 1092 481 1126 edictum
507 1092 607 1126 misit
645 1093 689 1126 ad
717 1093 835 1126 omnia
870 1093 1076 1133 tribunalia,
1114 1105 1183 1137 quo
1219 1093 1503 1138 prohibebantur
1525 1093 1666 1138 judices
1693 1095 1875 1136 assistere,
1903 1097 1965 1129 aut

185 1145 363 1179 actionem
391 1145 476 1178 dare
494 1145 549 1185 iis,
577 1145 637 1189 qui
656 1146 919 1190 stipularentur
937 1147 1095 1191 quinque
1113 1158 1232 1180 annua
1250 1158 1315 1191 pro
1335 1148 1498 1180 centum“
1531 1147 1640 1188 (Zech
1665 1147 1688 1181 l.
1708 1159 1737 1182 c.
1756 1148 1962 1189 975—979;

185 1198 231 1232 cf.
259 1199 367 1232 etiarn
396 1199 513 1241 Dcclzr,
550 1199 750 1243 5⁰l0-Streit
776 1199 800 1233 l.
821 1211 849 1234 c.
870 1200 1088 1244 239-242).
1141 1198 1240 1241 Quae
1274 1202 1399 1244 postea
1435 1212 1476 1234 ea
1511 1200 1547 1234 in
1580 1212 1618 1235 re
1655 1203 1736 1235 acta
1761 1204 1856 1243 sunt,
1893 1202 1962 1236 iam

185 1251 292 1286 huius
319 1252 512 1285 voluminis
538 1254 681 1298 tempus
708 1253 898 1288 excedunt.

186 1360 351 1397 2078.
443 1362 660 1398 CANISIUS
689 1362 1028 1400 (DLIVERIO
1056 1362 1392 1400 MANAREO
1421 1364 1556 1398 vicario
1584 1364 1745 1408 generali
1771 1364 1962 1400 Societatis

375 1415 469 1451 Iesu.
1317 1418 1463 1462 Dilinga
1490 1417 1546 1453 20.
1567 1418 1782 1453 Novembris
1811 1419 1912 1454 1580.

304 1486 359 1520 Ex
395 1488 619 1533 autographo
659 1488 737 1532 (2⁰;
776 1489 843 1532 1273
872 1501 949 1534 pp.;
987 1490 1022 1523 in
1059 1501 1091 1534 p.
1120 1490 1142 1523 4
1178 1489 1286 1524 inscr.
1323 1491 1359 1523 et
1394 1489 1569 1533 reliquiae
1594 1489 1694 1534 sig).
1746 1488 1864 1524 Germ.
1894 1489 1961 1524 183

184 1539 208 1574 f.
236 1540 469 1577 2922—29312.
519 1541 686 1587 Epistula
719 1543 775 1577 usi
811 1546 896 1577 sunt
922 1544 1132 1586 Sacc-himas,
1168 1542 1253 1577 Can.
1282 1543 1371 1583 303;
1407 1544 1563 1577 ιῙαηεεεη
1589 1542 1612 1578 l.
1631 1555 1661 1577 c.
1687 1543 1846 1577 VIN-¹2
1872 1543 1959 1584 524;

308 1670 318 1691 ¹
349 1671 498 1713 „Forma
525 1674 733 1707 contractus
769 1673 804 1706 in
833 1672 1026 1708 Germania
1061 1672 1195 1717 passim
1232 1672 1415 1714 celebrati,
1449 1672 1492 1706 de
1524 1683 1593 1716 quo
1629 1672 1756 1707 vltima
1791 1672 1961 1707 resolutio

184 1724 329 1768 petitur.
381 1725 499 1759 Titius
534 1726 569 1760 in
606 1725 801 1760 Germania
836 1727 1025 1771 pecuniam
1060 1726 1215 1767 habens,
1255 1725 1405 1759 eandem
1441 1724 1649 1770 Sempronio
1685 1726 1846 1760 cuiusuis
1882 1738 1961 1761 con-

184 1777 329 1813 ditionis
359 1778 492 1812 homini
528 1779 572 1813 ad
609 1779 746 1813 nullum
784 1782 921 1814 certum
948 1790 1065 1819 usum,
1101 1779 1164 1813 sed
1201 1791 1265 1823 pro
1300 1778 1449 1813 arbitrio
1485 1778 1657 1813 debitoris
1692 1779 1961 1814 distrahendam

184 1842 226 1865 ea
252 1830 332 1875 lege
365 1831 485 1873 tradit,
521 1835 562 1866 ut
587 1832 705 1867 Titius
742 1845 786 1867 ex
823 1836 928 1878 pacto
955 1835 993 1866 et
1027 1832 1124 1866 ciuili
1151 1832 1380 1876 obligatione,
1417 1843 1510 1876 quae
1546 1832 1737 1876 aliquando
1772 1833 1808 1867 in
1834 1833 1961 1878 iJ'sdem

181 1883 308 1925 literis,
344 1885 523 1919 interdum
550 1886 586 1919 in
613 1885 694 1931 alijs
722 1886 901 1931 adijcitur,
936 1886 993 1920 ius
1028 1885 1170 1926 habeat,
1207 1886 1379 1929 quamdiu
1414 1885 1538 1919 eadem
1566 1886 1718 1930 pecunia
1744 1886 1837 1931 apud
1865 1885 1962 1920 Sem-

182 1938 343 1982 pronium
371 1938 596 1982 relinquitur,
624 1939 824 1984 accipiendi
851 1939 1044 1984 quotannis
1070 1939 1115 1973 ab
1142 1939 1265 1973 eodem
1294 1939 1501 1983 Sempronio
1532 1940 1690 1983 quinque
1716 1939 1869 1974 florenos
1896 1952 1958 1985 pro

181 1992 335 2035 singulis
362 1992 591 2037 centenarijs‚
619 1998 656 2027 et
673 1997 802 2038 postea
828 1995 940 2027 totam
961 2005 1103 2037 quoque
1129 2004 1306 2027 summam
1334 1992 1537 2037 capitalem.
1573 1992 1625 2026 De
1651 1995 1812 2038 tempore
1830 1996 1962 2034 autem,

185 2056 255 2088 quo
282 2045 465 2079 restitutio
501 2046 669 2090 capitalis
707 2047 785 2092 fierj
822 2047 961 2087 debeat,
996 2046 1080 2080 licet
1107 2046 1286 2080 interdum
1324 2046 1459 2090 aliquid
1496 2046 1582 2080 certi
1611 2046 1888 2088 determinetur,
1923 2050 1964 2081 ut

182 2098 376 2143 plurimum
404 2101 525 2133 tamen
553 2099 641 2133 nihil
669 2101 854 2141 statuitur,
890 2100 953 2134 sed
989 2102 1063 2133 tam
1090 2099 1184 2133 Titio
1221 2111 1327 2144 quam
1356 2099 1564 2144 Sempronio
1591 2099 1697 2144 plena
1723 2102 1884 2144 potestas
1910 2112 1962 2134 re-

183 2152 374 2196 linquitur,
412 2155 452 2186 ut
487 2154 787 2197 quandocumque
814 2153 978 2194 voluerit,
1017 2152 1192 2196 (utilitate
1228 2153 1372 2186 interim
1405 2156 1574 2197 percepta
1611 2153 1645 2186 in
1681 2156 1818 2197 partem
1855 2153 1963 2187 sortis

181 2217 250 2239 non
277 2207 502 2250 computata)
531 2209 758 2241 contractum
789 2207 994 2241 rescindere
1021 2207 1144 2251 possit,
1172 2207 1362 2240 dummodo
1388 2206 1418 2240 is
1445 2206 1506 2250 qui
1530 2208 1754 2240 contractum
1782 2206 1962 2247 rescindit,

182 2258 337 2292 alterum
357 2270 422 2293 sex
441 2271 584 2294 menses
603 2263 708 2294 antea
728 2263 970 2305 praemoneat.
998 2259 1053 2293 Ex
1072 2260 1107 2294 ui
1126 2263 1247 2294 autem
1267 2262 1475 2294 contractus
1501 2262 1563 2293 aut
1582 2259 1677 2304 pacti
1696 2260 1827 2294 adiecti
1845 2259 1962 2294 Titius

181 2313 289 2346 annui
317 2312 406 2346 lucri
433 2315 497 2346 aut
522 2325 684 2347 summae
712 2314 879 2359 capitalis
905 2313 1108 2358 perdendae
1134 2313 1273 2347 nullum
1301 2312 1500 2358 periculum
1527 2313 1635 2353 subit,
1671 2313 1734 2347 sed
1760 2314 1838 2347 siue
1865 2313 1961 2348 Sem·

182 2365 330 2410 pronius
357 2366 563 2407 fructificet,
598 2367 676 2400 siue
712 2379 792 2408 non,
829 2368 885 2400 ius
922 2367 1032 2400 habet
1059 2367 1103 2400 ab
1139 2378 1179 2400 eo
1206 2367 1375 2410 exigendi
1401 2366 1540 2400 lucrum
1568 2366 1769 2410 quinarium
1806 2377 1961 2400 annuum

181 2430 244 2463 pro
271 2419 364 2452 omni
393 2419 611 2454 centenario.
648 2420 694 2454 Et
712 2420 789 2454 siue
816 2420 917 2454 uiuat
936 2418 1179 2464 Sempronius,
1207 2420 1284 2454 siue
1310 2420 1495 2461 moriatur,
1523 2419 1640 2453 Titius
1658 2419 1703 2453 ab
1729 2419 1791 2453 illo
1816 2420 1963 2454 uiuente

181 2471 239 2505 vel
267 2471 329 2505 illo
356 2475 508 2512 mortuo,
535 2473 580 2507 ab
608 2473 685 2507 eius
714 2474 866 2507 haerede
901 2484 1078 2507 summam
1116 2473 1307 2518 capitalem
1335 2476 1536 2517 recuperat,
1572 2471 1661 2506 nihil
1698 2472 1792 2516 quod
1818 2472 1961 2507 interim

181 2525 322 2570 accepit
347 2526 586 2561 restituenffl:
615 2527 669 2560 Ita
699 2528 869 2561 Canis-ius
894 2538 924 2560 a.
948 2526 1035 2560 1581
1064 2537 1131 2560 sua
1157 2538 1265 2560 manu
1291 2526 1385 2560 hanc
1411 2526 1562 2560 sormam
1590 2526 1790 2570 descripsit,
1819 2526 1903 2560 Can.
1928 2527 1960 2566 4,

182 2578 207 2612 f.
229 2579 294 2619 13;
322 2579 446 2613 eadem
474 2579 583 2613 habet
609 2580 700 2613 Zech
727 2579 748 2614 l.
769 2592 798 2614 c.
818 2580 1017 2614 975-976.

304 2638 316 2658 2
344 2638 398 2672 Ita
429 2641 647 2680 statuerunt,
679 2641 924 2681 ,contractum
943 2639 1098 2673 trinum⁸
1132 2638 1191 2681 (de
1218 2639 1320 2673 cuius
1347 2638 1485 2673 ratione
1511 2649 1545 2672 v.
1563 2639 1655 2672 Zeeh
1682 2638 1704 2673 l.
1725 2650 1754 2673 c.
1774 2638 1959 2673 930—931

183 2692 218 2723 et
246 2691 365 2734 Funk,
392 2691 473 2726 Zins
500 2704 532 2726 u.
552 2691 714 2726 Wucher
740 2693 897 2735 84—85)
930 2691 1203 2737 „probabiliter“
1226 2692 1368 2726 defendi
1388 2703 1505 2736 posse,
1536 2693 1605 2733 „ita
1632 2695 1673 2725 vt
1698 2703 1763 2725 nec
1781 2691 1961 2735 obligandi

181 2743 255 2777 sint
280 2744 323 2777 ad
352 2745 630 2786 restitutionem,
657 2746 718 2790 qui
746 2746 816 2779 iam
844 2758 888 2779 ex
915 2747 1102 2780 contractu
1128 2745 1268 2779 lucrum
1297 2747 1537 2790 reportarunt,
1573 2756 1689 2788 neque
1725 2744 1889 2788 neganda
1915 2744 1963 2779 sit

182 2797 361 2830 absolutio
403 2798 468 2838 his,
506 2798 566 2842 qui
606 2798 670 2832 tali
710 2800 813 2832 modo
852 2799 1062 2832 contrahere
1101 2798 1301 2832 voluerint“
1336 2799 1397 2841 (ex
1437 2798 1571 2833 Canisii
1611 2801 1771 2841 autogr.;
1811 2797 1896 2832 Can.
1927 2799 1960 2837 4,

182 2850 206 2883 f.
229 2850 429 2889 16b—1711).
467 2851 624 2885 Eandem
652 2854 855 2897 pactionem
883 2852 1027 2886 saeculo
1047 2851 1142 2885 XVI.
1162 2850 1391 2885 affirmarunt
1409 2862 1489 2885 esse
1514 2851 1650 2885 licitam
1679 2852 1837 2896 (praeter
1854 2850 1958 2894 alios)

183 2903 359 2947 praeclari
386 2904 438 2937 illi
475 2905 633 2948 theologi
672 2906 822 2940 loannes
849 2906 964 2939 Maior
990 2905 1171 2950 professor
1197 2905 1449 2939 universitatis
1476 2905 1684 2949 parisiensis
1720 2906 1755 2938 et
1782 2904 1961 2938 Martinus

182 2956 394 2999 Azpilcueta
429 2958 508 2991 sive
535 2958 721 2993 Navarrus
758 2960 940 3003 professor
975 2958 1254 2992 universitatum
1281 2958 1572 2992 salmanticensis
1607 2961 1643 2992 et
1669 2956 1961 2992 conimbricensis

184 3008 264 3050 (Fr.
284 3011 329 3043 X.
350 3012 469 3049 Fame,
506 3010 724 3045 Geschiclite
760 3013 823 3046 des
858 3011 1083 3046 kirchliclien
1119 3011 1383 3053 Zinsverbotes,
1420 3011 1612 3055 Tubingen
1652 3011 1753 3051 1876,
1789 3010 1959 3053 57-59).

183 3062 230 3095 Et
267 3062 418 3097 loannes
455 3063 588 3097 Eckius
624 3065 874 3099 universitatis
910 3065 1204 3108 ingolstadiensis
1236 3064 1356 3098 lumen
1394 3065 1575 3108 decusque
1610 3064 1876 3098 studiosissime
1903 3062 1988 3096 de-‘

182 3115 352 3149 fendebat
386 3118 614 3156 sententiam,
650 3130 721 3161 qua
749 3119 818 3161 5⁰so
845 3117 1146 3162 permittebantur
1175 3118 1266 3160 (dos,
1296 3119 1466 3159 Schleclit,
1503 3117 1564 3152 Dr.
1593 3117 1734 3152 Johann
1767 3116 1863 3150 Ecks
1890 3117 1954 3149 An-

184 3168 303 3212 fange,
331 3169 365 3202 in
397 3169 664 3211 „Historisches
691 3171 895 3206 Jahrbuch“
927 3171 1080 3205 XXXVI
1120 3171 1290 3214 20—30).
