2051 3433
168 208 253 249 700
859 205 953 239 Mon.
981 205 1082 239 1158.
1137 205 1236 239 1574.

166 321 311 356 scribit:
343 322 489 363 ,Moniti
511 323 545 355 et
566 321 681 364 rogati
700 321 873 355 rationem
897 321 1088 356 habuimus
1108 321 1289 356 Romanae
1308 322 1502 363 Ecclesiae,
1529 325 1654 367 vtpote
1672 335 1778 367 quam
1798 325 1941 358 veteres

166 374 316 409 aliarum
338 375 578 409 Ecclesiarum
607 378 726 418 caput,
754 378 907 409 matrem
927 378 963 408 et
981 375 1194 418 magistram
1214 376 1306 410 citra
1324 388 1463 410 omnem
1484 376 1725 410 adulationem
1745 376 1939 421 appellant,

166 430 201 461 et
236 440 376 463 summo
411 440 553 473 semper
579 429 613 461 in
649 428 768 473 precio
797 429 921 462 iubent
955 428 1088 462 haberi.
1141 429 1216 463 Nec
1251 431 1373 463 tamen
1400 430 1719 474 praetermisimus,
1758 434 1799 464 vt
1833 433 1940 464 antea

165 482 274 516 etiam
293 483 504 522 feceramus,
524 482 567 515 ad
588 481 822 515 Germanicas
841 484 877 516 et
891 481 1100 516 Gallicanas
1117 482 1298 516 Ecclesias
1317 485 1476 517 nostram
1497 495 1642 527 operam
1661 484 1938 525 accommodare,

165 537 202 569 et
237 536 371 580 passim
407 535 676 569 subindicamus
711 535 938 574 varietatem,
974 548 1066 579 quae
1102 535 1136 568 in
1172 535 1375 570 huiusmodi
1411 537 1624 570 lectionibus
1653 537 1810 570 incidere
1836 537 1939 571 solet.

165 587 263 622 Nihil
291 591 411 623 autem
439 589 562 629 officit,
590 588 660 622 imo
687 600 772 622 vero
799 588 961 623 decorem
990 590 1116 623 domus
1142 589 1207 622 Dei
1234 600 1387 632 magnae
1414 590 1650 631 commendat,
1677 590 1769 634 quod
1796 590 1941 634 quibus.-

165 641 244 675 dam
283 642 317 675 in
353 642 460 676 rebus
497 644 533 675 et
568 641 697 675 iitibus
724 642 867 676 varient
893 642 1086 681 Ecclesiae,
1124 643 1158 675 in
1194 642 1275 676 fidei
1301 646 1421 676 autem
1450 643 1612 677 doctrina
1638 655 1747 676 vnum
1774 643 1940 688 idemque

164 707 227 739 per
254 696 372 729 omnia
400 699 436 729 et
462 695 594 739 vbique
622 695 877 740 profiteantur-‘⁴
902 698 950 739 (p.
970 695 1043 738 39).
1080 695 1168 738 Pag.
1189 696 1395 730 515—523:
1422 696 1624 730 sententiae
1650 708 1695 730 ex
1714 696 1747 730 S.
1769 695 1940 740 Gregorio

163 747 409 789 Nazianzeno;
438 761 472 792 p.
491 749 581 783 524:
622 749 871 793 „Approbatio
926 749 1070 782 Librum
1107 748 1201 783 hunc
1228 749 1391 782 omnibus
1417 749 1600 790 studiosis,
1635 752 1676 783 vt
1703 761 1783 783 eum
1809 752 1939 791 terant,

167 802 386 836 commendo.
438 802 595 836 LXXIII.
618 802 789 836 Kalendis
815 802 914 847 Maij,
952 801 1110 846 Louanij.
1161 801 1327 836 Molanvs
1364 802 1532 836 librorum
1561 814 1688 836 censor
1714 802 1941 847 Apostolicus

165 857 202 888 et
217 855 385 898 Regius.“
427 856 462 889 ln
483 856 558 889 folii
578 855 693 889 ultimi
711 855 795 898 (non
814 856 923 898 sign.)
946 856 1077 900 pagina
1096 855 1213 899 priore
1232 855 1398 897 „Summa
1416 856 1706 900 privilegiorum⁴⁴
1726 856 1881 901 Philippi
1896 856 1939 891 Π.

164 908 361 952 Hispaniae
387 910 485 952 regis
515 908 771 953 Christophoro
799 909 965 942 Plantino
992 910 1027 942 in
1055 909 1075 943 8
1102 920 1213 942 annos
1240 909 1284 942 ad
1311 908 1441 943 librum
1466 909 1714 943 excudendum
1733 914 1770 943 et
1789 911 1940 943 venden-

165 961 250 994 dum
277 962 339 1002 ita,
366 964 407 995 ut
425 973 488 1006 per
507 973 630 996 omnes
648 966 764 996 terras
783 962 880 1006 regis
900 962 1048 1006 imperio
1067 962 1249 996 subiectas
1267 962 1415 996 valeant
1432 962 1663 1006 vigeantque,
1691 974 1940 997 concessorum

162 1014 343 1049 Bruxellis
374 1016 429 1058 „in
452 1016 596 1049 Priuato
615 1016 781 1050 consilio“
813 1016 868 1050 30.
889 1015 975 1048 Maii
997 1016 1086 1049 1573
1114 1018 1150 1048 et
1173 1015 1226 1057 „in
1246 1015 1394 1049 consilio
1413 1016 1648 1049 Brabantiae“
1680 1017 1712 1050 6.
1731 1016 1812 1050 Iulii
1832 1017 1938 1056 1573;

163 1068 198 1101 in
225 1070 358 1112 pagina
383 1069 518 1103 altera:
553 1069 797 1113 „Antverpiae
824 1069 1026 1103 excvdebat
1053 1068 1334 1113 Christophorvs
1361 1069 1550 1103 Plantinvs
1576 1069 1941 1114 Architypographvs

162 1121 314 1164 Regivs‚
350 1122 454 1156 Anno
491 1122 765 1157 M.D.LXX11[.
794 1123 875 1157 Kal.
904 1122 1022 1167 Sept.“
1080 1122 1183 1156 Liber
1221 1123 1241 1156 5
1280 1122 1498 1166 imaginibus
1536 1123 1635 1165 ligno
1669 1123 1810 1161 incisis,
1849 1134 1940 1167 quae

163 1175 330 1209 dimidias
356 1177 508 1220 paginas
535 1179 722 1221 occupant,
751 1179 898 1210 ornatus
925 1179 991 1210 est.
1043 1177 1099 1210 Ex
1125 1176 1256 1209 litteris
1284 1176 1338 1209 27.
1359 1176 1581 1221 Septembris
1611 1177 1700 1211 1573
1727 1188 1747 1210 a
1774 1176 1940 1212 Plantino

163 1229 207 1262 ad
236 1229 418 1263 Canisium
456 1229 521 1264 hoc
558 1231 601 1263 de
636 1230 726 1264 libro
753 1229 847 1263 datis
886 1230 1011 1273 (supra
1046 1241 1079 1274 p.
1112 1230 1193 1271 137)
1224 1230 1463 1272 cognoscitur,
1499 1230 1603 1273 gravi
1632 1230 1788 1264 Plautini
1820 1230 1940 1264 morbo

162 1282 301 1316 factum
328 1294 417 1323 esse,
445 1286 485 1317 ut
510 1283 600 1317 liber
617 1283 712 1317 idem
732 1283 958 1317 Francofurti
977 1283 1021 1317 ad
1040 1283 1206 1316 Moenum
1226 1284 1260 1316 in
1289 1283 1458 1316 librorum
1485 1284 1653 1318 nundinis
1672 1283 1940 1318 autumnalibus

163 1336 303 1369 venalis
330 1338 476 1381 proponi
504 1349 573 1371 non
599 1340 740 1382 posset3
777 1336 816 1370 in
842 1337 1025 1381 proximas
1060 1336 1172 1379 igitur
1197 1337 1386 1377 nundinas,
1422 1348 1514 1380 quae
1540 1349 1586 1370 m.
1606 1337 1736 1370 Martio
1763 1340 1799 1371 et
1824 1336 1940 1382 Aprili

163 1400 194 1423 a.
218 1390 308 1423 1574
343 1389 528 1425 habendae
563 1393 676 1431 erant,
712 1392 962 1424 reservaretur
998 1390 1175 1434 oportuit;
1213 1401 1324 1434 quare
1359 1391 1394 1423 in
1430 1390 1508 1424 eius
1542 1390 1627 1424 folio
1662 1390 1799 1424 titulari
1826 1401 1940 1424 annus

166 1443 258 1476 1574
284 1444 423 1486 positus
451 1446 516 1478 est.

283 1496 429 1532 Librum
458 1497 532 1531 vidi
557 1496 737 1531 Monachii
764 1496 799 1530 in
827 1496 1044 1530 bibliotheca
1069 1496 1241 1530 nationali
1271 1496 1435 1540 (Catech.
1454 1495 1554 1540 81⁶):
1587 1497 1680 1531 idem
1708 1499 1828 1531 exstat
1858 1496 1940 1531 Cra-

164 1551 289 1584 coviae
317 1555 351 1585 et
377 1550 564 1593 Tubingae
599 1551 634 1584 in
661 1549 889 1584 bibliothecis
924 1549 1051 1584 harum
1088 1550 1366 1584 universitatum
1403 1553 1440 1584 et
1472 1549 1623 1595 Neapoli
1653 1551 1690 1584 in
1725 1550 1941 1585 bibliotheca

164 1604 317 1647 quadam
348 1603 604 1638 ecclesiastica.
649 1603 853 1637 Editionem
879 1603 998 1648 posuit
1025 1604 1281 1646 Sommervoqel
1307 1603 1329 1638 l.
1349 1615 1378 1638 c.
1398 1603 1431 1637 Π
1458 1603 1538 1639 668.

284 1658 538 1701 Sommerzzoyel
563 1657 715 1701 primum
735 1657 878 1700 quidem
897 1657 1043 1701 scripsit
1063 1656 1239 1699 (nonnihil
1258 1660 1378 1690 tamen
1398 1657 1595 1697 dubitans),
1619 1657 1753 1692 Canisii
1776 1656 1939 1699 „Exerci—

163 1712 325 1744 t-amenta
344 1710 570 1745 Christianae
596 1710 763 1755 pietatis“
786 1710 881 1744 edita
908 1722 1050 1755 quoque
1077 1721 1156 1744 esse
1174 1722 1205 1744 a.
1229 1710 1318 1744 1573
1338 1711 1525 1754 Augustae
1543 1710 1779 1744 Taurinorum
1800 1710 1838 1754 (l.
1859 1722 1886 1744 c.
1906 1710 1940 1744 II

163 1764 388 1808 667—668);
425 1767 550 1809 postea
576 1776 671 1805 vero,
700 1764 855 1798 editione
881 1763 1081 1798 taurinensi
1109 1763 1192 1797 anni
1222 1764 1311 1797 1583
1339 1764 1428 1805 visa,
1455 1764 1621 1808 scripsit:
1661 1763 1720 1806 „L’
1736 1764 1868 1798 edition
1896 1764 1938 1798 de

162 1816 283 1859 Tui-in,
314 1819 414 1858 1573,
443 1830 560 1851 neme
578 1818 715 1852 semble
742 1829 806 1862 pas
825 1817 979 1851 exister“
1005 1817 1043 1858 (l.
1063 1829 1091 1851 c.
1113 1817 1196 1851 VllI
1226 1817 1346 1861 1979).
1391 1817 1501 1851 Recte
1520 1818 1554 1851 id
1574 1817 1737 1861 quidem;
1767 1829 1812 1851 ex
1839 1829 1937 1862 prae-

161 1871 296 1905 satione
332 1872 437 1912 enim,
472 1872 508 1905 in
540 1871 864 1914 „Exercitamentis
891 1870 1118 1905 Christianae
1153 1870 1311 1915 pietatis.
1363 1870 1520 1904 Auctore
1557 1870 1598 1906 D.
1624 1872 1729 1905 Petro
1759 1872 1937 1912 Canisio“,

166 1926 374 1968 „Augustae
401 1925 636 1959 Taurinorum
674 1925 799 1966 1583“,
845 1925 868 1960 f.
888 1925 934 1959 *2
965 1924 1132 1966 „Taurini
1159 1925 1190 1958 9.
1214 1923 1291 1958 Kal.
1313 1925 1480 1968 Augusti,
1509 1924 1620 1959 1583“
1659 1936 1680 1958 a
1712 1924 1938 1970 typographo

162 1979 280 2023 posita
308 1978 413 2023 plane
441 1978 682 2022 cognoscitur,
708 1978 802 2012 hanc
828 1990 908 2012 esse
934 1979 1087 2023 primam
1114 1977 1306 2012 editionem
1333 1977 1589 2012 taurinensem.

162 2071 308 2108 1158.
383 2071 478 2107 1574.

281 2133 383 2166 Nova
409 2133 516 2166 editio
545 2130 739 2176 ,‚Hortzcli“
766 2133 977 2177 yermanz‘ci,
1008 2132 1148 2166 Canisii
1174 2142 1263 2164 cura
1290 2133 1421 2165 emensi.

285 2204 619 2253 „HORTVLVS
638 2201 641 2259 l
662 2204 910 2246 ANIMAE.
956 2204 1034 2248 ‘Der
1053 2205 1193 2247 &colen
1217 2200 1220 2258 l
1243 2203 1402 2252 OEntten,
1429 2204 1496 2245 mit
1520 2203 1695 2255 Ῑοηδετῐίε
1719 2200 1721 2257 Ι
1743 2203 1833 2247 chem
1852 2203 1938 2256 flet&

161 2267 343 2324 gfiqeridn
387 2278 463 2312 nno
506 2282 556 2312 et:
584 2268 586 2323 l
613 2280 774 2320 nemeti,
818 2266 862 2323 51⁰1
905 2270 1131 2320 &eiftlicbem
1175 2270 1245 2318 luit
1288 2271 1362 2310 nnb
1388 2266 1390 2323 Ι
1417 2270 1506 2320 Ποῦ
1548 2269 1646 2310 ussen
1680 2265 1935 2323 Qiebbobetnl

163 2336 396 2385 OEbriitlicber
429 2336 506 2377 mm
533 2332 535 2390 l
561 2338 678 2382 batti.
706 2331 709 2389 Δ
735 2335 823 2379 ‘Dexi
857 2336 1054 2389 qcmainen
1089 2335 1231 2383 Subutt
1269 2336 1364 2382 biiess
1399 2333 1643 2388 Quftqottens
1680 2330 1682 2387 l
1719 2333 1815 2382 finnt
1848 2346 1940 2376 mun

161 2401 318 2451 nIssbulo
367 2401 546 2451 bernach,
593 2403 666 2443 ba}
708 2401 778 2444 {Re
807 2397 809 2455 l
842 2402 948 2453 giftet
997 2401 1084 2442 ubet
1132 2400 1380 2450 infonbetbeit
1407 2396 1410 2453 l
1437 2413 1498 2442 am
1536 2402 1618 2442 enh.
1655 2396 1851 2454 lOEettudt
1895 2396 1938 2452 51⁹¹

162 2466 362 2517 Qunqen,
400 2466 506 2514 hurd)
543 2462 795 2521 {eralbum
819 2466 971 2517 ffltuner.
1002 2461 1004 2519 l
1031 2464 1397 2508 M.D.LXXIIII“.
1444 2464 1606 2507 Versus
1639 2467 1678 2515 3,
1719 2467 1758 2514 4,
1793 2465 1832 2514 5,
1870 2465 1937 2514 14,

166 2533 217 2572 15
254 2531 370 2573 rubri
413 2533 526 2573 sunt.
597 2533 694 2580 16⁰;
728 2531 772 2573 ff.
819 2530 928 2584 sign.
964 2532 1072 2580 336;
1115 2533 1345 2584 praeterea
1377 2531 1420 2572 ff.
1455 2544 1539 2571 non
1581 2529 1690 2584 sign.
1732 2529 1776 2571 in
1817 2528 1939 2571 initio

164 2598 217 2638 16
251 2595 417 2647 (addito
450 2595 638 2648 titulari)
672 2598 716 2638 et
748 2595 792 2637 in
824 2596 908 2637 fine
943 2597 981 2638 7.

282 2671 387 2706 Liber
405 2671 463 2705 hic
482 2683 575 2705 nova
595 2673 650 2705 est
670 2671 778 2705 editio
801 2670 986 2714 „Hortuli“
1011 2670 1119 2709 illius,
1147 2670 1206 2714 qui
1226 2682 1256 2705 a.
1281 2670 1369 2704 1563
1389 2669 1556 2713 Dilingae
1575 2682 1620 2704 ex
1639 2669 1779 2704 Sebaldi
1799 2668 1940 2713 Mayeri

161 2724 307 2758 officina
332 2725 597 2769 typographica
624 2725 764 2769 prodiit,
792 2727 930 2769 septem
955 2724 1124 2766 ,offici-af
1155 2724 1233 2757 sive
1264 2724 1422 2765 „Horas“
1445 2724 1478 2757 in
1505 2723 1668 2766 singulos
1696 2722 1939 2757 hebdomadae

161 2778 238 2812 dies
253 2778 387 2812 Canisii
407 2791 513 2822 opera
533 2779 726 2823 dispositas
746 2781 780 2812 et
798 2778 933 2812 multas
952 2777 1042 2812 alias
1062 2778 1287 2822 precationes
1306 2778 1493 2811 continens
1507 2779 1544 2811 et
1557 2776 1681 2811 multis
1698 2776 1824 2819 figuris
1842 2775 1939 2819 ligno

160 2831 283 2865 incisis
307 2834 456 2865 ornatus
478 2832 584 2875 (Can.
604 2832 653 2865 lV
672 2832 897 2876 991-994);
928 2843 1019 2875 quae
1043 2832 1192 2874 figurae,
1219 2831 1298 2864 sive
1318 2831 1351 2864 in
1371 2830 1536 2864 foliorum
1557 2830 1778 2873 marginibus
1801 2829 1939 2874 positae

161 2889 256 2924 sunt,
271 2884 350 2918 sive
362 2884 478 2918 iustas
490 2885 653 2918 efficiunt
669 2885 854 2928 imagines,
871 2896 1136 2928 nonnunquam,
1152 2884 1279 2917 saltem
1292 2885 1321 2917 si
1335 2886 1536 2918 nostrorum
1552 2886 1752 2927 temporum
1765 2882 1939 2916 rationem

161 2939 379 2980 spectemus,
399 2938 595 2971 crassiores
614 2940 650 2971 et
668 2938 835 2971 nudiores
854 2939 947 2975 sunt,
968 2948 1073 2981 quam
1092 2948 1154 2978 par
1170 2948 1248 2970 esse
1264 2937 1418 2971 videtur.
1446 2936 1571 2980 Neque
1585 2936 1658 2970 ulla
1676 2935 1766 2969 libro
1781 2934 1940 2979 ascripta

162 2992 218 3024 est
244 2990 399 3034 episcopi
428 2991 637 3035 approbatio
657 2991 715 3025 vel
742 2991 940 3024 excudendi
967 2990 1134 3024 facultas.
1174 2990 1338 3024 Ceterum
1359 2989 1447 3024 haec
1467 2990 1575 3023 editio
1601 3001 1670 3023 non
1694 2989 1820 3026 solum.
1846 2987 1940 3031 quod

162 3043 205 3077 ad
233 3043 358 3076 folium
385 3044 532 3077 titulare
559 3045 700 3085 attinet,
727 3044 789 3078 sed
817 3044 924 3078 etiam
953 3043 983 3077 si
1010 3044 1127 3088 ipsum
1155 3054 1285 3087 corpus
1311 3042 1391 3077 libri
1418 3043 1675 3082 consideratur,
1702 3041 1808 3086 paulo
1834 3041 1939 3075 aliter

162 3107 183 3129 a
208 3097 435 3141 typographo
463 3100 518 3130 est
544 3097 728 3142 disposita,
756 3108 862 3141 quam
891 3097 999 3131 editio
1026 3096 1109 3130 anni
1133 3096 1232 3136 1563,
1260 3107 1366 3140 quam
1395 3096 1497 3130 modo
1524 3095 1618 3136 dixi;
1645 3095 1730 3128 item
1750 3094 1868 3128 differt
1894 3093 1938 3128 ab

162 3149 318 3183 editione
336 3150 418 3183 anni
442 3151 542 3189 1565,
562 3162 665 3193 quae,
686 3151 719 3184 in
739 3150 846 3184 huius
864 3150 982 3194 operis
1000 3149 1181 3183 volumine
1201 3148 1259 3183 Vi.
1281 3150 1424 3189 omissa,
1445 3149 1479 3182 in
1497 3149 1747 3193 supplemento
1766 3148 1936 3192 ponetur;

162 3202 250 3236 haec
277 3205 486 3237 ornamenta
512 3204 727 3247 marginalia
753 3203 967 3248 paginarum
994 3202 1103 3237 habet
1129 3202 1234 3245 longe
1260 3202 1342 3243 alia,
1373 3205 1483 3246 atque
1509 3202 1617 3236 editio
1644 3201 1726 3235 anni
1755 3201 1865 3240 1574;
1900 3199 1937 3234 in
