2051 3433
187 195 272 236 676
965 188 1060 224 Mon.
1084 188 1184 222 1138.

185 324 293 364 opus
341 308 512 361 aliquod
562 307 677 362 pium
726 307 781 349 ad
823 307 986 350 cultum
1029 307 1121 357 Dei,
1165 306 1231 348 uel
1279 305 1488 348 auxilium
1530 305 1823 360 proximorum
1865 309 1956 348 tam

185 374 411 429 spirituale
435 387 562 427 quam
595 373 836 426 temporale
867 373 1089 427 pertinens
1121 372 1287 421 fecerit,
1321 371 1660 424 quotiescunque
1692 372 1821 413 etiam
1856 385 1957 413 con·

184 440 327 482 fessus
364 439 518 490 fuerit,
557 441 633 480 aut
677 438 1084 487 communicauerit,
1129 440 1299 479 centum
1345 437 1435 478 dies
1477 435 1845 489 indulgentiarum
1882 436 1958 478 ad-

184 505 407 559 ipiscatur.

186 579 211 618 5
306 575 529 618 Concessit
561 589 684 616 usum
719 574 871 617 altaris
903 574 1122 629 portatilis
1155 574 1197 615 in
1231 573 1409 615 aedibus
1441 574 1712 626 Magnatum‚
1747 573 1816 614 ubi
1851 572 1957 614 Con-

186 641 328 683 cilium
373 655 457 683 non
499 643 568 682 est
609 639 888 694 publicatum,
931 641 999 682 uel
1035 640 1271 681 difficultas
1313 642 1380 681 est
1421 639 1464 680 in
1499 638 1716 680 ordinario
1749 637 1959 688 adeundo,

185 710 231 749 et
263 707 462 748 difficile-‘³
495 709 563 748 est
603 708 799 748 nostram
832 719 1007 759 operam
1043 705 1084 746 in
1118 705 1199 746 hoc
1232 704 1566 758 postulantibus,
1611 703 1795 745 officium
1832 703 1961 745 dene-

184 786 315 825 gare;
349 772 429 814 hoc
452 774 599 814 tamen
623 771 784 821 addito,
809 773 858 812 ut
881 770 1123 812 huiusmodi
1146 772 1375 823 magnates
1396 769 1439 810 in
1461 769 1550 811 suis
1574 769 1751 810 aedibus
1772 768 1963 811 habeant

188 837 327 879 locum
363 836 584 891 proprium
618 835 776 878 missae
809 836 1020 877 sacrificio
1045 836 1313 890 deputatum,
1349 834 1518 888 quoadb
1541 835 1633 876 eius
1659 834 1751 876 fieri
1773 836 1920 888 potest
1933 835 1961 878 ¹.

185 910 212 951 6
305 908 529 950 Concessit
570 908 825 950 facultatem
870 907 1122 949 absoluendi
1164 922 1238 949 eos
1280 907 1348 960 qui
1391 907 1517 960 plura
1558 905 1786 955 beneficia,
1831 907 1962 947 etiam

186 975 371 1016 curata2
393 973 602 1023 detinent,
638 972 869 1014 dummodo
893 972 1124 1014 eiusmodi⁰
1152 972 1382 1026 pluralitas
1405 972 1459 1013 ad
1484 971 1704 1013 Ecclesiae
1728 971 1962 1013 utilitatem

186 1042 358 1094 spectet
380 1038 674 1092 impediatque
698 1052 750 1080 ne
774 1038 848 1080 illa
871 1039 1080 1080 beneficia
1103 1038 1146 1079 in
1169 1037 1348 1079 manusd
1371 1037 1692 1079 haereticorum
1717 1036 1962 1085 deueniant,

186 1108 232 1147 et
249 1118 523 1159 possessores
540 1104 782 1146 huiusmodi
802 1103 989 1158 plurium
1007 1104 1314 1145 beneficiorum
1332 1103 1386 1145 ad
1404 1102 1725 1144 inseruiendum
1741 1101 1964 1143 Ecclesiae

189 1170 319 1212 utiles
351 1170 451 1220 sint,
486 1173 530 1212 et
563 1169 704 1211 officio
738 1183 815 1211 suo
849 1169 958 1211 bene
990 1168 1245 1221 fungantur.

187 1243 210 1283 7
306 1241 529 1284 Concessit
570 1241 764 1295 gratiose
806 1243 855 1282 ut
895 1254 974 1294 per
1015 1240 1310 1282 Prouinciales
1351 1242 1523 1282 tantum
1563 1234 1621 1281 'ex
1665 1237 1964 1280 commissione

189 1306 416 1349 Generalis
444 1306 684 1360 Praepositi
716 1306 759 1347 in
782 1305 1019 1360 praedictis
1044 1305 1252 1359 partibus,
1287 1304 1426 1360 possit
1449 1305 1645 1347 externis
1667 1303 1965 1346 sacerdotibus

187 1371 495 1414 communicari
529 1371 719 1413 facultas
753 1370 1005 1412 absoluendi
1040 1370 1081 1411 in
1116 1384 1220 1412 casu
1243 1370 1450 1420 haeresis,
1486 1373 1530 1411 et
1551 1369 1737 1412 lectione
1758 1368 1963 1410 librorum

185 1437 532 1492 prohibitorum3
574 1436 803 1478 dummodo
847 1436 909 1477 illi
951 1435 1235 1478 Sacerdotese
1277 1435 1364 1477 sint
1405 1435 1488 1478 viri
1527 1435 1654 1476 ualde
1694 1433 1878 1489 probati,
1922 1435 1967 1475 et

185 1503 426 1545 necessitas
458 1502 681 1544 Ecclesiae
714 1502 777 1545 ita
808 1502 1013 1556 postulet.

187 1575 213 1615 8
307 1574 530 1616 Concessit
563 1573 803 1628 dispensari
837 1587 964 1627 posse
998 1587 1092 1614 cum
1118 1572 1369 1614 mulieribus
1393 1586 1503 1625 quae
1526 1575 1624 1626 post
1652 1570 1965 1626 professionem

187 1653 211 1681 e
244 1639 332 1681 suis
365 1640 643 1694 monasterijs
676 1638 972 1692 egrediuntur,
1008 1641 1052 1681 et
1074 1641 1303 1692 postquam
1329 1638 1578 1679 luxuriatae
1602 1640 1704 1679 sunt
1725 1636 1769 1678 in
1792 1635 1966 1677 saeculo

189 1704 245 1746 ad
278 1704 592 1759 poenitentiam
624 1705 822 1754 redeunt,
858 1707 906 1747 ut
937 1704 1118 1758 possint,
1154 1704 1222 1745 uel
1257 1703 1311 1745 ad
1344 1703 1459 1745 aliud
1493 1716 1715 1744 sacrarum
1750 1701 1965 1754 virginum

187 1771 500 1812 monasterium
534 1770 736 1820 transire,
771 1770 807 1811 si
830 1770 884 1811 ad
908 1784 1030 1811 suum
1065 1769 1208 1811 redire
1230 1769 1316 1810 illis
1338 1783 1423 1810 non
1446 1768 1588 1819 liceat,
1623 1768 1690 1809 uel
1715 1767 1846 1809 etiam
1880 1780 1965 1807 non

188 1836 408 1890 expediat,
443 1839 520 1878 aut
543 1835 654 1877 domi
679 1836 921 1884 honestam,
957 1849 1007 1877 ac
1030 1834 1281 1887 religiosam
1306 1834 1440 1876 uitam
1474 1834 1645 1884 ducere,
1679 1832 1716 1874 si
1739 1832 1793 1874 ad
1815 1845 1965 1873 mona-

187 1901 369 1943 sterium
393 1899 600 1955 [redire]f
615 1899 675 1955 [P]
711 1901 764 1942 ob
781 1893 1042 1954 'dissipatam
1066 1900 1315 1953 religiosam
1339 1899 1623 1954 disciplinam,
1657 1911 1804 1939 earum
1835 1896 1966 1939 saluti

187 1981 272 2008 non
306 1967 538 2009 conuenire
560 1966 821 2008 iudicabitur
835 1971 860 2009 ἕ.
905 1966 1025 2016 Quod
1049 1965 1103 2007 ad
1127 1965 1244 2007 uiros
1267 1968 1414 2007 autem
1441 1964 1613 2015 attinet,
1646 1962 1770 2005 illosb
1793 1962 1966 2004 omnino

188 2032 244 2073 ad
287 2046 535 2086 regressum
568 2032 837 2086 monasterii,
880 2034 924 2073 et
965 2030 1140 2073 habitus
1181 2030 1570 2084 reassumptionem
1614 2029 1830 2082 obligatos
1871 2040 1967 2069 esse

191 2098 342 2141 uoluit.

189 2170 213 2210 9
307 2168 532 2211 Concessit
564 2171 612 2211 ut
645 2169 699 2210 ad
731 2168 947 2222 publicam
981 2167 1260 2209 offensionem
1294 2166 1532 2215 uitandam,
1567 2179 1678 2219 quae
1710 2165 1754 2207 in
1777 2163 1968 2218 Templis

188 2234 350 2276 nostris
392 2248 447 2276 ex
490 2233 747 2276 diuersitate
785 2233 1124 2287 Euangeliorum
1168 2232 1317 2274 diebus
1358 2231 1619 2286 praesertim
1662 2229 1885 2272 dominicis
1923 2228 1968 2271 in

188 2299 325 2342 Missa
366 2302 412 2342 et
445 2299 650 2341 concione
693 2299 938 2341 occurrenti
972 2298 1180 2349 exoritur,
1223 2297 1378 2352 possiti
1411 2296 1700 2349 Euangelium
1733 2295 1968 2337 secundum

189 2365 385 2407 ordinem
420 2365 724 2407 Germanicum
760 2365 846 2418 legi
878 2364 921 2406 in
955 2364 1102 2412 Missa,
1145 2363 1268 2405 locok
1300 2362 1544 2416 Euangelij,
1588 2361 1701 2415 quod
1733 2360 1968 2403 secundum

190 2430 384 2473 ordinem
418 2444 643 2472 romanum
678 2430 949 2485 proponitur,
992 2432 1040 2472 ut
1073 2428 1362 2482 Euangelium
1395 2428 1556 2470 Missae
1599 2441 1693 2469 cum
1728 2425 1968 2479 Euangelio

191 2496 305 2549 quod
336 2496 379 2538 in
403 2496 617 2538 Concione
649 2496 896 2550 explicatur
929 2495 1174 2543 concordet,
1209 2497 1253 2537 et
1285 2494 1366 2536 hoc
1398 2494 1441 2534 in
1473 2494 1557 2534 fine
1580 2493 1740 2534 Missae
1772 2492 1969 2544 legatur:

310 2592 336 2613 a!
359 2587 469 2613 dificile
490 2590 524 2613 Α.
616 2587 646 2615 b}
669 2587 750 2621 quod
771 2587 809 2613 ad
829 2590 863 2613 A.
958 2589 985 2615 c)
1007 2586 1182 2612 huiusmodi
1203 2588 1229 2612 B
1244 2589 1272 2612 C.
1366 2586 1396 2614 di
1419 2585 1557 2611 manibus
1579 2586 1613 2609 A.
1707 2585 1735 2617 e)
1756 2582 1914 2609 Sacerdoti
1933 2584 1969 2609 A.

189 2628 213 2660 f)
234 2630 267 2654 Ut
287 2630 338 2654 hoc
358 2638 382 2654 v.
403 2629 490 2661 (quod
512 2630 542 2654 in
564 2631 588 2655 A
604 2631 630 2655 B
645 2631 666 2655 C
684 2630 775 2656 deest)
798 2631 840 2654 vel
860 2630 956 2654 simile
975 2629 1162 2660 suppleatur,
1190 2629 1254 2660 ipsa
1276 2636 1323 2653 res
1342 2629 1458 2660 eoeu'yere
1479 2628 1603 2652 videtur.
1678 2630 1709 2658 gl
1732 2624 1915 2650 uidit-abitur
1935 2626 1970 2650 A.

190 2669 221 2700 h)
242 2669 294 2696 illo
314 2673 349 2696 A.
425 2670 445 2700 i)
466 2671 539 2704 post
558 2673 594 2696 A.
667 2671 698 2702 k)
720 2672 767 2696 lta
787 2672 897 2696 rectius
910 2672 936 2696 B
951 2672 990 2701 C‚·
1010 2669 1039 2694 in
1060 2669 1125 2695 loco
1148 2672 1183 2695 A.

316 2767 322 2785 ¹
353 2765 550 2800 Concilium
570 2765 817 2799 Tridentinum
847 2766 979 2799 missae
1006 2765 1221 2799 sacrificium
1254 2764 1427 2808 „privatis
1447 2765 1482 2798 in
1501 2764 1673 2803 domibus,
1701 2767 1810 2806 atque
1828 2763 1970 2796 omnino

191 2821 297 2852 extra
323 2819 525 2861 ecclesiam,
561 2822 599 2853 et
624 2819 667 2853 ad
696 2819 856 2853 divinum
893 2821 1033 2852 tantum
1062 2818 1197 2852 cultum
1235 2818 1400 2852 dedicata
1426 2818 1592 2859 oratoria,
1629 2817 1672 2851 ab
1699 2817 1887 2850 ordinariis
1912 2815 1970 2849 de·

191 2871 369 2914 signanda
405 2879 440 2905 et
467 2873 660 2913 visitanda,
696 2885 717 2906 a
742 2872 989 2906 saecularibus
1024 2874 1087 2905 aut
1113 2871 1341 2915 regularibus
1368 2871 1653 2915 quibuscumque
1681 2870 1824 2915 peragi'*
1854 2869 1972 2903 vetuit

200 2923 337 2967 (Sessio
365 2925 477 2967 XX11,
505 2927 599 2960 decr.
620 2927 662 2960 de
690 2927 830 2961 observ.
851 2928 887 2959 et
912 2927 997 2960 evit.
1019 2926 1052 2959 in
1081 2925 1210 2959 celebr.
1231 2925 1392 2963 missae).

313 2979 326 2999 ²
354 2978 441 3012 Cum
484 2991 569 3013 cura
608 2980 807 3013 animarum
848 2979 1056 3019 coniuncta:
1101 2978 1202 3012 velut
1241 2978 1440 3022 parochias.
1502 2978 1553 3012 De
1593 2977 1746 3014 decreto.
1786 2988 1855 3020 quo
1882 2975 1968 3010 Con-

193 3030 315 3064 cilium
351 3032 600 3066 Tridentinum
637 3033 854 3077 gravissime
890 3032 1122 3077 prohibebat,
1159 3044 1202 3065 ne
1238 3032 1318 3076 quis
1354 3032 1435 3077 plus
1470 3042 1578 3076 quam
1613 3042 1722 3064 unum
1758 3029 1968 3063 beneficium

196 3083 356 3123 haberet,
384 3097 416 3119 v.
436 3087 521 3119 Can.
544 3085 574 3118 V
602 3086 802 3121 201—202.

315 3137 327 3157 ³
353 3137 430 3179 Qua
457 3139 594 3172 ratione
621 3151 684 3173 eae
711 3139 956 3174 absolutiones
982 3137 1160 3183 episcopis
1180 3141 1216 3171 et
1242 3137 1402 3182 pontifici
1420 3139 1628 3172 reservatae
1654 3135 1799 3177 fuerint,
1825 3147 1859 3169 V.
1883 3135 1970 3168 Can.

194 3189 245 3223 IV
273 3191 341 3225 509
369 3192 456 3231 8623
485 3191 532 3225 Vl
561 3192 640 3226 598.
