2051 3433
207 154 293 194 490
446 150 549 185 2032.
579 150 745 187 Canisius
771 152 810 187 P.
831 153 942 188 Paulo
970 154 1129 189 Hofl'aeo.
1171 154 1360 190 Monachio
1385 167 1432 191 m.
1451 157 1615 192 Ianuario
1644 158 1745 193 1579.

550 275 590 315 „†
619 274 696 308 Pax
723 275 857 310 Christi
884 276 1093 310 Reuerende
1120 277 1239 316 Pater.

328 345 415 387 „hac
440 345 619 379 scribendi
646 348 833 381 occasione
859 347 989 388 oblata,
1028 347 1116 382 haec
1143 348 1296 392 paucula
1323 349 1480 384 scribere
1507 349 1614 395 uoluj,
1640 353 1749 395 teque
1777 351 1810 385 in
1838 351 1979 386 domino

204 397 364 432 salutare
391 410 433 433 ac
459 399 578 432 omnia
604 398 724 433 felicia
753 400 903 444 precari.
940 401 1109 434 Nostrum
1140 402 1208 434 iter
1233 402 1285 435 sic
1311 403 1402 436 satis
1420 414 1629 447 prosperum
1656 404 1733 445 fuit,
1760 416 1829 438 non
1847 408 1979 448 tamen,

203 451 397 494 Oetingam
424 463 549 495 vsque,
586 453 670 496 quia
697 464 742 486 ex
768 453 1060 494 Dontenhausen,
1088 454 1259 488 rediimus
1286 455 1530 489 Lanshoutam
1558 458 1703 501 propter
1730 457 1980 493 inundationes

203 515 390 548 aquarum.
440 505 544 539 Nunc
586 505 698 549 igitur
724 505 951 540 Lanshoutae
977 519 1066 545 sum,
1104 508 1166 541 sed
1195 519 1263 541 non
1300 509 1352 542 uti
1379 508 1461 542 olim
1490 510 1526 542 in
1552 509 1749 554 splendidis
1781 513 1817 544 et
1843 511 1979 545 ornatis

202 558 389 599 cubiculis,
415 558 477 592 sed
496 558 531 592 in
552 559 707 603 quodam
726 559 956 594 haeremitieo
985 560 1182 603 tuguriolo:
1210 573 1279 594 non
1298 562 1350 595 uti
1369 561 1451 595 olim
1471 562 1622 603 ociosus,
1650 563 1712 597 sed
1739 564 1826 597 totis
1853 564 1978 598 diebus

202 611 314 645 uariis
341 611 520 645 distentus
540 612 705 646 cursibus
732 616 768 647 et
785 613 1091 658 occupationibus,
1119 613 1221 648 Nunc
1240 618 1360 648 tamen
1379 616 1535 648 maxime
1562 616 1596 649 in
1616 616 1803 651 audiendis
1827 617 1976 650 aliorum

202 665 478 710 paupertatibus
505 670 541 699 et
567 665 736 709 querelis,
762 668 803 700 ut
829 666 1032 700 huiusmodi
1052 667 1202 701 misellis
1221 667 1313 712 apud
1333 667 1589 702 Serenissimos
1615 669 1807 703 subuenire
1833 671 1977 714 possim,

201 719 298 762 quod
326 730 394 752 non
422 718 546 752 dubito
574 718 766 761 insigniter
791 720 933 754 faciam.
985 720 1057 754 Vix
1084 721 1250 755 crederes
1286 726 1458 764 quantum
1488 722 1564 766 spei
1602 724 1638 756 et
1663 723 1917 757 consolationis
1942 724 1977 758 in

200 783 257 805 me
283 766 479 816 repositum
507 771 664 806 habeant
690 784 867 817 pauperes
894 775 930 807 et
956 773 1131 808 tribulati.
1183 774 1324 815 Postea,
1360 775 1419 809 vbi
1448 778 1554 809 uacat
1579 775 1649 809 iam
1676 777 1791 821 incepi
1819 779 1978 821 tractare

201 827 238 858 et
263 825 434 868 colligere
462 826 671 860 methodum
698 826 740 860 de
768 826 844 860 vita
870 827 1070 872 spirituali:
1109 827 1200 861 Nam
1227 827 1286 862 hic
1318 829 1408 862 satis
1444 840 1613 871 magnam
1640 829 1753 863 habeo
1789 830 1977 864 commodi-

199 880 311 912 tatem
340 879 523 920 librorum,
563 891 607 913 ex
644 879 835 914 biblioteca
870 880 1001 914 domini
1039 881 1165 914 decani
1181 883 1201 915 ¹.
1252 880 1349 915 Satis
1376 883 1484 916 etiam
1521 882 1730 926 frequenter
1757 883 1872 917 vtitur
1898 895 1976 917 mea

200 944 309 977 opera
336 932 597 967 Serenissimus
626 933 806 978 Princeps,
835 933 897 977 qui
915 934 1108 976 diligenter
1135 934 1304 969 obseruat
1328 947 1373 969 ne
1392 935 1539 969 nimium
1560 935 1726 980 speculer
1752 936 1809 969 uel
1837 937 1977 971 ociosus

197 986 277 1021 sim.
330 986 387 1020 Sic
423 986 517 1020 enim
553 986 746 1030 aliquando
781 987 868 1020 mihi
895 987 1029 1032 obijcit,
1066 988 1199 1021 Dicunt
1225 988 1349 1027 uestri,
1385 989 1476 1032 quod
1513 992 1589 1023 toto
1617 989 1697 1023 die‘*
1725 989 1852 1034 stertjs
1879 991 1976 1024 etin

198 1039 275 1073 ocio
303 1039 502 1074 delitescis:
531 1040 690 1084 Jnsuper
716 1040 768 1074 sic
796 1040 1055 1074 Jllustrissima
1068 1042 1090 1081 2,
1124 1041 1228 1074 audio
1255 1041 1348 1085 quod
1383 1053 1453 1075 non
1480 1042 1638 1086 quotidie
1674 1042 1846 1082 celebras,
1882 1055 1976 1078 nunc

198 1092 279 1126 uolo
306 1095 344 1126 ut
371 1093 531 1136 quotidie
566 1105 623 1126 me
649 1096 748 1126 tuum
786 1105 928 1127 sacrum
957 1094 1124 1127 audiente
1151 1093 1322 1135 celebres,
1349 1094 1433 1128 dato
1459 1094 1565 1140 pulsu
1592 1107 1799 1140 campanae,
1835 1097 1928 1139 quod
1955 1108 1974 1130 a

198 1157 277 1180 meo
303 1146 411 1180 istinc
437 1146 599 1180 discessu
626 1146 784 1190 quotidie
810 1147 945 1181 factum
975 1151 1039 1188 est,
1068 1147 1209 1182 etiamsi
1237 1148 1327 1181 satis
1354 1152 1524 1191 aegrotus
1562 1149 1703 1182 fuerim.
1754 1149 1861 1183 Aliud
1888 1150 1975 1183 mihi

195 1199 328 1233 obiecit
353 1199 626 1241 Serenissimus,
654 1200 755 1234 Vade
790 1200 906 1244 inquit
932 1203 968 1234 et
995 1201 1057 1234 des
1084 1200 1176 1235 hanc
1195 1201 1450 1235 eleemosinam
1476 1201 1575 1236 hisce
1595 1202 1822 1246 pauperibus,
1850 1205 1974 1247 postea

197 1253 370 1287 restituas
396 1253 482 1286 mihi
510 1254 602 1297 quod
623 1256 806 1298 superest:
834 1254 924 1288 Nam
953 1254 1079 1298 inquit,
1107 1254 1228 1288 Vestri
1256 1258 1526 1298 conqueruntur
1545 1255 1639 1299 quod
1657 1255 1792 1290 habeas
1812 1257 1974 1301 proprias

197 1307 380 1350 pecunias,
409 1306 540 1350 quibus
567 1307 680 1341 uteris
707 1308 849 1350 quando
875 1308 941 1349 uis,
970 1308 1016 1341 Et
1034 1308 1126 1352 quod
1153 1308 1316 1353 pecuniis
1341 1312 1377 1342 te
1397 1308 1564 1342 destruo·
1580 1320 1651 1352 qua
1677 1321 1715 1343 re
1741 1309 1873 1350 audita,
1900 1321 1974 1343 rem

194 1360 287 1394 satis
313 1360 582 1394 memorabilem
610 1360 692 1402 feci,
720 1372 789 1394 non
816 1363 936 1394 tamen
964 1362 1033 1394 iam
1061 1362 1126 1395 tibi
1153 1362 1282 1396 dicam.
1333 1361 1508 1406 Equidem
1535 1361 1635 1396 hisce
1671 1365 1706 1396 et
1741 1362 1866 1397 multis
1893 1363 1974 1397 aliis

196 1413 282 1446 mihi
311 1413 461 1448 obiectis
487 1416 634 1448 strenue
660 1419 696 1448 et
722 1414 890 1458 religiose
916 1415 1095 1459 respondi.
1123 1427 1249 1458 meque
1276 1415 1426 1449 honeste
1452 1415 1617 1460 purgauj,
1645 1416 1734 1449 sedb
1760 1428 1875 1460 neque
1902 1417 1971 1450 iam

195 1466 258 1501 tibi
287 1467 403 1501 dicam
431 1467 515 1510 quid
543 1467 586 1501 de
612 1479 669 1501 me
697 1470 821 1512 postea
848 1468 1037 1509 senserint,
1069 1468 1266 1512 uidentque
1292 1468 1380 1502 mihi
1398 1469 1530 1512 vbiquc
1556 1469 1693 1513 positas
1719 1481 1798 1503 esse
1825 1469 1973 1504 insidias

195 1520 359 1562 iniustas,
393 1532 483 1564 quas
510 1520 570 1564 qui
598 1521 648 1555 ita
673 1521 874 1555 extendunt
900 1523 1025 1555 contra
1051 1522 1213 1563 culicem,
1242 1522 1326 1566 quid
1354 1522 1471 1556 laudis
1497 1526 1561 1556 aut
1587 1523 1761 1566 pietatis?
1800 1522 1972 1557 Efficiunt

195 1576 235 1607 ut
261 1574 350 1608 alios
369 1585 494 1618 parum
514 1574 691 1608 laudando
710 1575 849 1619 seipsos
869 1574 1024 1609 maxime
1042 1576 1259 1620 uituperent,
1287 1587 1357 1610 una
1376 1587 1456 1610 cum
1475 1576 1551 1610 suis
1576 1576 1756 1610 membris.
1800 1577 1971 1610 Putarem

195 1627 309 1661 multo
336 1628 408 1662 illis
435 1628 636 1662 consultius
662 1630 748 1669 fore,
776 1631 817 1662 ut
834 1629 891 1674 pie
910 1641 951 1664 ac
970 1629 1149 1672 religiose,
1176 1630 1301 1670 amice,
1329 1629 1501 1663 beneuole
1519 1640 1561 1663 ac
1579 1630 1727 1674 pacifice
1753 1629 1970 1671 uiueremus,

194 1682 289 1725 quod
317 1682 414 1716 nullo
441 1683 587 1725 negotio
606 1682 683 1727 fierj
703 1686 825 1727 posset
845 1684 1002 1717 omnium
1022 1695 1102 1717 cum
1122 1683 1227 1716 laude
1254 1685 1290 1716 et
1314 1683 1573 1718 aedificatione.
1607 1682 1699 1716 Nam
1719 1683 1804 1716 mihi
1833 1683 1969 1724 credas,

193 1735 289 1779 quod
325 1735 428 1769 multi
464 1735 590 1770 offensi
622 1739 707 1770 sunt
742 1738 778 1769 et
813 1736 1059 1777 scandalizati,
1094 1737 1342 1780 miranturque
1378 1736 1485 1770 istam
1521 1736 1691 1770 iniustam
1728 1737 1969 1770 uexationem.

195 1789 293 1828 Esto,
321 1801 434 1833 nuper
459 1789 548 1834 redij
576 1801 596 1823 a
623 1789 890 1824 conuictoribus
915 1790 960 1824 ad
988 1789 1190 1833 collegium,
1218 1790 1302 1833 quid
1329 1789 1399 1823 feci
1426 1789 1519 1823 vnde
1546 1789 1636 1823 alios
1662 1789 1841 1823 offendere
1867 1792 1970 1834 potu-

195 1843 282 1876 erim
319 1846 355 1876 et
389 1844 509 1876 tamen
551 1854 620 1877 non
657 1843 775 1888 placuj
812 1843 902 1886 (scio
938 1844 1023 1888 quid
1060 1856 1126 1887 ego
1163 1844 1256 1885 dico)
1296 1847 1332 1877 et
1366 1854 1475 1877 uoces
1507 1843 1656 1877 aliorum
1693 1854 1841 1888 sparsae
1876 1847 1971 1881 sunt,

193 1896 287 1939 quod
316 1896 509 1939 collegium
547 1899 602 1930 est
637 1897 752 1930 multo
789 1896 957 1940 quietius,
995 1897 1057 1931 vbi
1090 1897 1194 1931 abest
1219 1896 1328 1930 Pater
1361 1897 1570 1931 Dominicus
1605 1908 1686 1930 cum
1721 1908 1786 1930 suo
1823 1896 1971 1930 famulo.

196 1948 297 1989 Quod
325 1949 432 1983 facile
460 1950 575 1991 credo,
615 1949 676 1983 sed
705 1950 789 1993 quid
825 1950 969 1984 interim
1004 1962 1151 1995 possum
1163 1952 1181 1984 Ῥ
1231 1949 1282 1983 Vt
1308 1949 1355 1983 ibi
1381 1950 1447 1984 sim
1482 1950 1678 1994 paniperda
1708 1961 1749 1984 ac
1776 1949 1971 1994 Viniperda

195 2003 231 2036 in
258 2014 405 2036 scamno
432 2014 541 2047 super
568 2003 687 2044 libros,
715 2015 785 2037 non
813 2006 869 2037 est
892 2015 993 2038 meae
1011 2004 1191 2045 sanitatis,
1218 2015 1334 2047 neque
1353 2004 1597 2048 professionis.
1635 2003 1684 2036 Vt
1710 2006 1831 2037 autem
1851 2005 1971 2036 morti-

195 2056 383 2090 ficationes
410 2056 540 2090 faciam
568 2057 612 2090 ad
638 2060 842 2090 nostrorum
862 2057 1147 2091 aedificationem
1161 2065 1183 2098 ⁶,
1210 2057 1276 2090 hoc
1304 2060 1359 2091 est
1388 2057 1568 2091 hominem
1587 2059 1739 2097 tentare,
1766 2056 1828 2090 sed
1856 2068 1971 2101 neque

198 2110 265 2154 ipsi
294 2110 361 2144 hoc
387 2110 536 2151 faciunt,
564 2110 624 2154 qui
652 2110 719 2144 sibi
747 2111 838 2144 satis
864 2111 940 2144 dies
968 2111 1078 2144 bonos
1106 2111 1319 2144 concedunt.
1356 2110 1473 2154 Perge
1499 2111 1530 2145 si
1558 2110 1686 2155 placet,
1714 2109 1840 2143 Nonne
1859 2121 1972 2154 nuper

195 2163 281 2197 mihi
310 2163 507 2209 promisisti
536 2176 581 2197 ex
607 2163 778 2206 religiosa
804 2163 874 2197 fide
902 2164 942 2197 P.
962 2164 1107 2208 Canisij,
1144 2164 1321 2208 quaedam
1348 2164 1500 2198 honesta
1528 2168 1563 2198 et
1590 2165 1729 2198 ratione
1755 2163 1825 2197 mei
1853 2166 1972 2197 status

196 2216 391 2251 laudabilia
417 2217 618 2262 priuilegia,
655 2221 691 2250 et
727 2220 849 2251 tamen
876 2228 969 2261 quae
1004 2220 1199 2252 mittuntur
1226 2217 1267 2251 ad
1296 2229 1353 2251 me
1380 2217 1507 2251 literae
1534 2219 1756 2262 aperiuntur,
1787 2228 1882 2251 nunc
1906 2217 1972 2251 sub

193 2270 266 2304 alia
291 2271 482 2305 uerborum
510 2271 818 2315 interpretatione,
856 2277 896 2304 ut
931 2271 1071 2305 faciunt
1104 2270 1157 2315 illj
1185 2270 1246 2315 qui
1282 2270 1372 2304 alios
1408 2270 1600 2314 insigniter
1635 2270 1799 2315 decipere
1834 2270 1971 2304 uolunt.

197 2324 226 2357 O
255 2324 303 2369 mj
332 2324 451 2365 Pater,
487 2324 564 2358 sola
600 2325 716 2358 amica
742 2324 993 2358 beneuolentia
1028 2327 1063 2358 et
1099 2325 1179 2369 pius
1206 2324 1397 2358 eharitatis
1422 2326 1585 2365 affectus,
1623 2323 1736 2357 multo
1764 2323 1866 2368 plura
1893 2335 1971 2357 con-

195 2379 350 2418 cederet,
379 2379 485 2412 cumd
511 2378 681 2418 vtilitate,
709 2389 789 2411 cum
817 2378 1077 2419 aedificatione,
1103 2390 1183 2412 cum
1211 2378 1431 2412 conscientia
1450 2377 1542 2411 bona
1563 2380 1599 2411 et
1623 2377 1730 2411 laeta.
1775 2377 1889 2411 Pudet
1917 2389 1972 2410 me

196 2431 301 2475 plura
328 2432 554 2472 subnectere,
591 2443 635 2465 ne
670 2431 779 2465 nimis
816 2431 950 2466 multas
987 2431 1294 2465 dissimulationes
1321 2443 1362 2465 ac
1389 2431 1552 2465 fictiones
1579 2431 1769 2467 declarem.
1805 2442 1895 2474 quas
1922 2432 1970 2464 ita

195 2485 359 2519 manibus
392 2485 510 2529 palpo,
546 2487 587 2519 ut
612 2485 699 2518 nihil
727 2484 813 2518 mihi
841 2485 890 2518 sit
915 2485 1148 2528 incognitum,
1186 2488 1375 2530 propterea
1403 2496 1447 2518 ex
1475 2485 1680 2527 ignorantia
1706 2496 1774 2517 non
1803 2485 1971 2528 decipiar,

195 2537 298 2571 Nunc
326 2538 417 2572 uado
444 2539 488 2572 ad
516 2550 635 2572 meum
662 2538 864 2571 solitarium
894 2538 1128 2583 praedictum.
1166 2537 1258 2572 Nam
1286 2538 1454 2571 dux'non
1484 2538 1564 2571 vult
1590 2541 1628 2570 ut
1656 2549 1778 2571 secum
1807 2537 1865 2571 uel
1892 2548 1971 2571 cum

194 2591 276 2625 aliis
303 2592 499 2634 comedam,
527 2591 580 2625 Ne
617 2592 744 2635 inquit,
772 2591 895 2626 Vestri
922 2592 1102 2636 accipiant
1136 2592 1343 2626 occasiones
1371 2590 1610 2635 conquerendj
1649 2591 1691 2624 de
1719 2593 1766 2631 te,
1803 2591 1908 2625 sicuti
1936 2591 1970 2624 in

196 2644 276 2678 aliis
304 2645 452 2679 faciunt.
503 2645 589 2679 Tria
616 2656 728 2690 parua
755 2645 893 2679 fercula
919 2647 1059 2679 tantum
1086 2644 1172 2678 milii
1200 2645 1297 2682 dant,
1324 2645 1376 2678 vti
1404 2645 1498 2678 istic.
1549 2644 1763 2678 Franciseus
1793 2646 1891 2678 totus
1918 2646 1972 2678 est

315 2744 342 2773 a)
365 2744 412 2767 Sic
434 2743 528 2775 Mengl.
550 2744 612 2774 ipse
633 2745 762 2768 vom-12:155!
782 2752 819 2769 eze
839 2750 968 2776 semper.
1038 2742 1068 2774 b)
1090 2744 1137 2768 Sic
1158 2744 1253 2774 Meny.
1268 2752 1342 2768 corr.
1363 2752 1399 2769 ea·
1418 2743 1460 2769 ut.
1535 2744 1561 2771 c)
1584 2744 1631 2768 Nic
1647 2745 1739 2775 Meny.
1763 2744 1824 2775 ipse
1844 2743 1971 2768 curres-it

196 2797 232 2814 ex
256 2789 298 2814 Vt
319 2790 420 2815 autem
442 2790 501 2816 alia
522 2791 629 2816 faciam
651 2791 687 2817 ad
710 2791 838 2817 aliorum
859 2790 1111 2817 aedificationem.
1179 2790 1208 2821 d)
1231 2794 1253 2815 Α
1273 2793 1366 2823 Meuy.
1387 2800 1461 2816 corr.
1482 2800 1518 2815 ικι»
1537 2792 1581 2818 ut.

321 2936 633 2979 'Significaturne
673 2939 800 2973 doctus
837 2938 898 2972 ille
937 2939 993 2972 vir
1030 2938 1182 2972 loannes
1220 2949 1239 2972 a
1275 2938 1344 2972 Via
1381 2939 1442 2981 (cf.
1475 2940 1562 2973 Can.
1591 2938 1623 2972 ll
1652 2937 1785 2982 125⁴)i>
1821 2939 1972 2973 Ioannes

197 2989 363 3034 Baptista
383 2990 504 3024 Fikler
522 2991 780 3036 archiepiscopi
800 2992 1080 3035 salisburgensis
1099 2991 1324 3025 consiliarius
1342 2993 1375 3026 4.
1396 2991 1617 3037 Septembris
1638 2991 1724 3025 1561
1750 2991 1925 3034 „Jobanni
1952 3003 1972 3026 a

199 3042 265 3076 Via
300 3043 435 3077 decano
463 3044 759 3079 Landeshutano“
801 3045 992 3090 epistulam
1028 3044 1136 3085 misit,
1173 3045 1274 3079 cuins
1301 3046 1596 3079 commentarium
1632 3044 1690 3078 vel
1723 3045 1970 3090 apographum

197 3099 320 3130 exstat
345 3096 525 3131 Monachii
553 3098 587 3131 in
615 3098 832 3133 bibliotheca
858 3098 1043 3138 nationali,
1071 3098 1154 3132 Cod.
1176 3098 1238 3132 lat.
1259 3099 1342 3132 71:3³
1372 3098 1520 3140 (Fikleri
1549 3097 1737 3143 epistolae)
1766 3098 1789 3132 f.
1810 3098 1865 3131 43.

318 3155 331 3175 ²
357 3156 506 3197 Renata,
535 3169 625 3190 uxor
652 3157 846 3192 Guilielmi.
