2062 3443
279 187 378 222 1849.
407 186 572 222 Canisius
599 187 637 221 P.
660 187 842 222 Leonardo
870 186 1008 221 Kessel.
1053 187 1252 232 Oeniponte
1280 188 1336 223 17.
1357 189 1510 233 Augusti
1540 191 1641 225 1573.
1758 196 1837 236 131

74 304 255 346 Ducissa
278 305 535 356 Mautuana,
569 307 739 347 sollicite
765 311 801 347 et
824 306 1084 347 uehementer
1116 320 1257 358 orans,
1293 312 1337 347 ut
1370 322 1503 348 meam
1538 310 1838 363 interponerem

71 384 241 424 operam
275 370 334 410 ad
365 370 638 412 obtinendum
672 373 754 425 ipsi
789 370 1106 424 Coufessariuni
1141 372 1330 423 eundem,
1367 386 1445 426 quo
1475 373 1547 425 fel.
1582 388 1698 416 mem.
1723 390 1842 417 soror

73 436 160 476 eius
182 435 364 476 Ducissa
390 435 685 477 Ferrariensis
719 437 777 477 ad
810 441 977 478 mortem
1013 450 1139 491 usque
1164 451 1244 477 non
1268 440 1359 477 sine
1378 438 1522 489 fructu
1550 453 1623 479 usa
1645 440 1838 491 fuisset“.

70 500 125 541 Et
159 501 246 554 ipse
277 501 345 541 itte.
378 500 425 542 P.
450 501 713 542 Laurentius
746 500 1057 542 Hermanutius
1080 503 1122 543 S.
1147 501 1204 553 J.‚
1240 503 1313 556 qui
1347 502 1577 545 J‹'e›·rariae
1600 504 1839 558 Barbarae,

69 567 204 606 sorori
222 565 468 615 Eleonorae,
503 581 527 606 a
557 567 693 607 sacris
722 566 1052 618 confessionibus
1081 566 1226 619 fuerat
1259 566 1334 620 (cf.
1361 582 1491 621 supra
1523 586 1562 622 p.
1587 573 1613 609 :3
1628 570 1677 620 2),
1714 572 1838 612 Oeni-

68 635 191 684 ponte
235 632 275 673 4,
315 631 569 685 Septembris
620 633 734 673 1573
784 632 1058 673 Mercuriano
1104 633 1296 685 scripsit:
1343 666 1358 683 ,,
1374 633 1619 675 Transactis
1667 637 1840 689 nessotijs

71 695 380 737 Feri-ariensib.
415 697 493 737 4st
517 698 697 749 Auausti
740 698 838 737 inde
880 698 1111 750 discedens,
1146 697 1369 738 Mantuam
1410 700 1528 751 cens}
1560 700 1637 740 Vbi
1671 715 1694 739 a
1728 715 1838 742 sere-

69 762 243 802 nissima
277 761 463 802 Ducissa
498 764 564 802 12.
590 762 735 802 diebus
767 767 851 803 tum
890 764 1155 811 valetudinis,
1196 767 1280 803 tum
1318 764 1438 804 etiam
1481 778 1525 806 .S.
1554 765 1839 817 Confessionis

67 826 307 867 audiendae
329 840 460 867 causa
494 827 682 867 detentus
711 827 792 879 fuj.
834 827 889 868 Et
911 842 1001 868 cum
1029 830 1112 868 iam
1138 828 1272 869 denuo
1296 829 1354 869 ad
1379 830 1455 869 iter
1479 844 1540 870 me
1563 832 1839 884 acciiiqerem:

68 891 176 931 dizit
215 892 495 933 Serenissima
538 890 621 942 (me
655 893 760 933 nilzit
806 894 946 933 minus
991 893 1211 945 cossitante)
1256 907 1342 934 sese
1382 895 1552 935 consitio
1595 900 1630 936 et
1671 896 1837 937 hortatu

65 955 293 999 Jllustriss.
328 957 460 998 Ducis
485 958 684 1010 Coniusjis
717 959 784 999 sui
816 959 984 999 omnino
1021 963 1054 997 et
1077 963 1184 999 certo
1210 960 1431 1000 statuisse:
1463 964 1508 1000 ut
1533 960 1590 1000 ibi
1612 975 1837 1013 nzanerene,

66 1022 194 1063 donec
218 1023 309 1076 ipsa
331 1023 398 1063 uel
420 1022 754 1064 ‹Illustrissimus
779 1023 881 1063 Duc
904 1024 1081 1063 [tomam
1107 1024 1165 1064 ad
1188 1024 1480 1065 Reuerendam
1517 1025 1564 1067 P.
1591 1026 1633 1066 V.
1658 1027 1838 1068 scribat:

68 1091 103 1127 ot
148 1102 210 1128 me
256 1087 409 1128 ibidem
450 1087 532 1129 sibi
572 1102 621 1129 ac
667 1089 852 1142 reliquae
893 1088 1089 1140 familiae
1133 1090 1176 1129 in
1212 1089 1529 1141 Confessariuni
1571 1091 1835 1145 relinqueret.

65 1153 242 1193 Addens
274 1167 316 1194 se
348 1154 446 1194 velle
479 1153 647 1194 abunde
677 1154 727 1194 de
759 1153 1017 1194 habitatione
1050 1159 1085 1195 et
1119 1168 1261 1195 mensa
1299 1156 1362 1195 uel
1391 1160 1509 1195 extra
1544 1157 1609 1197 uel
1644 1158 1684 1197 in
1711 1159 1836 1210 Auta,

61 1231 141 1271 pro
173 1220 384 1259 manentis
416 1220 717 1271 commoditate,
750 1220 1003 1273 prouidere:
1025 1219 1147 1260 Nihil
1179 1224 1317 1260 tamen
1351 1222 1453 1260 certi
1473 1223 1719 1274 promittens
1742 1227 1837 1277 quot

65 1297 83 1322 e
115 1284 270 1324 uostris
311 1284 367 1325 ibi
404 1285 487 1325 sint
520 1284 664 1338 alendj
699 1283 966 1338 (praesertim
1011 1300 1100 1325 cum
1135 1286 1309 1325 multum
1346 1285 1519 1338 difficile
1554 1288 1759 1340 videatur,
1801 1290 1836 1329 si

62 1349 174 1389 solus
206 1351 299 1403 quis
332 1364 502 1390 manere
535 1350 699 1400 debeat)
734 1352 800 1392 uel
832 1352 957 1392 etiam
987 1365 1043 1391 an
1068 1351 1157 1391 duJ:
1181 1352 1221 1391 in
1247 1352 1388 1391 animo
1412 1352 1563 1392 habeat
1584 1352 1834 1405 satisfacere

62 1418 302 1455 testamento
336 1414 493 1468 Patruj
528 1417 598 1469 suj
630 1415 893 1464 Cardinalis,
937 1417 1009 1470 qui
1041 1416 1198 1456 dicitur
1232 1417 1272 1457 in
1313 1416 1571 1457 Testamento
1608 1419 1837 1460 mandasse

63 1479 196 1520 eideni
229 1479 354 1534 Ducj,
392 1486 438 1521 ut
472 1481 693 1535 Colleyium
730 1483 960 1535 eriyeretur
992 1481 1191 1532 Societatj
1209 1482 1232 1522 ¹.
1300 1482 1381 1534 Cuj
1413 1496 1481 1534 eqo
1515 1482 1740 1524 admirans
1773 1486 1838 1537 rej

64 1546 302 1595 nouitatem,
338 1546 562 1600 respondj:
585 1546 676 1586 Hoc
698 1549 880 1599 omuino,
915 1545 1024 1593 (inea
1049 1547 1214 1601 quidem
1240 1546 1454 1600 opinione)
1475 1546 1570 1599 fieri
1592 1562 1674 1588 ‘non
1695 1563 1836 1602 posse,-

62 1624 154 1650 cum
187 1610 296 1665 quod
318 1611 501 1652 Societas
524 1615 680 1662 nostra,
716 1611 824 1652 hanc
847 1611 1187 1653 consuetudinem
1214 1625 1293 1652 non
1320 1612 1528 1663 admittat,
1563 1613 1630 1653 sebi
1655 1614 1831 1668 Cotteqirc

62 1688 144 1717 non
177 1676 442 1728 lzabeantur,·
473 1682 559 1717 tuni
594 1677 705 1731 quod
737 1690 805 1730 690
845 1692 870 1717 a
903 1677 1162 1732 Superiorib.
1198 1678 1363 1729 missus,
1401 1682 1435 1717 et
1468 1692 1493 1718 a
1527 1677 1690 1720 Patrib.
1727 1679 1833 1720 Ger—

62 1742 200 1782 manis
235 1741 486 1782 iamdudum
521 1746 754 1796 expectatus
783 1742 984 1794 fuerini2.
1041 1742 1122 1795 Cuj
1153 1744 1415 1796 responsioni
1448 1757 1570 1795 aeqre
1603 1743 1833 1785 admodum

62 1807 321 1856 auscultans,
355 1807 676 1861 laclirymautib.
711 1808 840 1848 oculis
876 1809 1082 1848 instanter
1115 1808 1338 1862 deprecata·
1365 1813 1434 1859 est,
1467 1813 1507 1848 ut
1542 1809 1754 1850 rediretur
1776 1810 1835 1850 ad

61 1886 104 1913 se
134 1886 288 1926 manes
330 1872 377 1913 ob
411 1881 578 1920 causas,
621 1878 657 1914 et
697 1887 748 1913 ne
790 1874 1217 1927 derelinqueretur..
1246 1907 1252 1914 .
1289 1873 1468 1927 Scripsit
1507 1874 1608 1914 haec
1640 1876 1764 1915 etiani
1798 1881 1834 1916 et

61 1938 228 1991 cousilij
260 1942 294 1978 et
327 1939 484 1991 auxili]
513 1953 656 1991 causa,
701 1939 756 1979 ad
797 1952 981 1980 sororem
1013 1939 1221 1991 Re‘qinam
1255 1939 1557 1992 Maydalenani
1591 1944 1626 1980 et
1659 1941 1717 1981 ad
1751 1941 1832 1982 Re-

60 2003 293 2044 uerendum
320 2003 367 2046 P.
389 2003 559 2044 Petrum
586 2003 819 2054 Canisium,
844 2018 1020 2058 quorum
1042 2003 1299 2058 prudentiae
1323 2009 1357 2044 et
1379 2004 1579 2044 charitati
1599 2005 1829 2058 plurimum

61 2068 247 2109 tribuit.“

63 2191 217 2228 1849.
319 2192 535 2228 CANISIUS
575 2193 632 2229 P.
661 2192 1034 2230 LEONARDO
1063 2193 1332 2229 KESSEL
1363 2193 1415 2229 S.
1436 2193 1490 2229 0!-
1526 2196 1655 2229 rectori
1691 2195 1832 2240 collegii

251 2247 477 2282 coloniensis.
1189 2247 1390 2292 Oeniponte
1419 2249 1472 2282 17.
1495 2249 1652 2292 Augusti
1682 2250 1781 2284 1573.

181 2318 235 2352 Ex
260 2320 484 2364 autographo
513 2319 590 2363 (203
627 2320 641 2353 l
672 2331 724 2365 p.;
750 2320 784 2353 in
813 2332 844 2365 p.
866 2320 886 2354 2
914 2321 1020 2354 inser.
1048 2322 1084 2354 et
1110 2331 1194 2364 pars
1220 2320 1318 2363 sig).
1363 2319 1446 2354 Cod.
1474 2319 1588 2354 colon.
1619 2321 1664 2363 „L
1693 2322 1734 2356 A.
1764 2322 1827 2356 19‘

60 2372 84 2407 f.
107 2372 186 2407 215.
235 2372 422 2417 Epistulae
448 2375 570 2418 partes
597 2372 735 2417 aliquot
761 2385 806 2407 ex
833 2374 956 2408 eodem
984 2376 1123 2417 autogr.
1150 2373 1270 2418 posuit
1296 2375 1456 2417 Hansen,
1484 2373 1604 2408 Akten
1631 2375 1831 2410 649—650.

178 2444 295 2487 Nepos
321 2445 434 2478 Roma
469 2445 620 2479 rediens.
671 2445 781 2478 Breve
805 2446 1027 2488 pontificium
1054 2449 1083 2477 et
1109 2446 1215 2477 vitam
1242 2446 1416 2488 martyris
1445 2446 1632 2478 cuiusdam
1659 2446 1698 2480 P.
1720 2446 1831 2479 Surio

59 2498 176 2531 mittit.
224 2499 434 2541 Gropperus
461 2500 619 2531 nuntius.
666 2499 761 2541 Opus
786 2498 1057 2532 catechistfcum.

288 2663 382 2705 Pax
414 2663 572 2706 Christi
606 2664 727 2706 nobis
759 2609 941 2707 aeierna
973 2663 1228 2705 Reuerendo
1259 2666 1399 2718 pater.

179 2734 309 2776 Redit
349 2735 404 2776 ad
445 2749 522 2777 uos
563 2749 697 2790 nepos
738 2736 901 2787 meus3,
948 2735 1019 2789 qui
1051 2735 1233 2777 Romam
1274 2734 1423 2778 inuisit
1463 2749 1622 2790 magno
1655 2751 1731 2779 suo
1764 2738 1828 2779 in-

61 2800 296 2850 commodo,
338 2802 383 2842 et
415 2814 545 2853 quum
586 2815 671 2843 non
712 2801 948 2855 reperisset
989 2801 1101 2854 quod
1143 2800 1422 2851 venabatur⁸‚
1466 2815 1544 2843 nec
1584 2815 1665 2856 ego
1706 2803 1828 2845 illum

179 2899 206 2929 a)
227 2897 397 2924 venebatur
416 2902 529 2931 autogr.

183 3027 192 3047 ¹
219 3028 271 3062 De
296 3028 363 3062 hoc
388 3030 606 3063 testamento
626 3028 792 3063 Herculis
812 3027 1003 3072 Gonzagae
1030 3028 1189 3074 episcopi
1207 3029 1393 3063 mantuani
1413 3040 1446 3063 v,
1470 3030 1557 3064 Can.
1580 3030 1630 3064 IV
1653 3029 1718 3064 110
1745 3030 1824 3065 745.

179 3082 193 3102 2
238 3082 245 3095 .

181 3135 193 3155 ³
218 3080 651 3180 gbebggigspfissgivickij
681 3134 962 3178 (1565—1625),
991 3145 1036 3168 ex
1059 3134 1244 3169 Theodoro
1271 3134 1329 3169 vel
1351 3134 1570 3170 Theodorico
1591 3135 1763 3181 Ryswick
1790 3139 1826 3170 et

61 3187 213 3230 Aegidia
249 3188 382 3230 Kanis,
418 3187 516 3222 Petri
553 3187 686 3223 Canisii
722 3199 843 3222 sorore
879 3199 924 3222 ex
960 3190 1071 3232 patre,
1107 3189 1238 3222 ortus‘?
1283 3187 1432 3223 Iacobus
1468 3188 1611 3230 Uwens,
1647 3188 1825 3224 Hem-icus

1499 3247 1547 3281 9*
