<?xml version="1.0" encoding="UTF-8"?>
<!DOCTYPE html PUBLIC "-//W3C//DTD XHTML 1.0 Transitional//EN"
    "http://www.w3.org/TR/xhtml1/DTD/xhtml1-transitional.dtd">
<html xmlns="http://www.w3.org/1999/xhtml" xml:lang="en" lang="en">
 <head>
  <title>
</title>
<meta http-equiv="Content-Type" content="text/html;charset=utf-8" />
  <meta name='ocr-system' content='tesseract 3.04.00' />
  <meta name='ocr-capabilities' content='ocr_page ocr_carea ocr_par ocr_line ocrx_word'/>
</head>
<body>
  <div class='ocr_page' id='page_1' title='image "beatipetricanisi07cani_0480.png"; bbox 0 0 2051 3433; ppageno 0'>
   <div class='ocr_carea' id='block_1_1' title="bbox 210 127 1738 174">
    <p class='ocr_par' dir='ltr' id='par_1_1' title="bbox 210 127 1738 174">
     <span class='ocr_line' id='line_1_1' title="bbox 210 127 1738 174; baseline 0.004 -12"><span class='ocrx_word' id='word_1_1' title='bbox 210 131 294 172; x_wconf 81' lang='grc'>386</span> <span class='ocrx_word' id='word_1_2' title='bbox 451 128 552 163; x_wconf 87' lang='grc'>1968.</span> <span class='ocrx_word' id='word_1_3' title='bbox 581 127 746 165; x_wconf 86' lang='lat' dir='ltr'>Canisius</span> <span class='ocrx_word' id='word_1_4' title='bbox 773 129 921 165; x_wconf 86' lang='lat' dir='ltr'>Alberto</span> <span class='ocrx_word' id='word_1_5' title='bbox 943 130 986 165; x_wconf 89' lang='lat' dir='ltr'>V.</span> <span class='ocrx_word' id='word_1_6' title='bbox 1026 129 1247 174; x_wconf 85' lang='lat' dir='ltr'>Ingolstadio</span> <span class='ocrx_word' id='word_1_7' title='bbox 1274 130 1373 165; x_wconf 90' lang='lat' dir='ltr'>initio</span> <span class='ocrx_word' id='word_1_8' title='bbox 1400 131 1557 166; x_wconf 85' lang='lat' dir='ltr'>Ianuarii</span> <span class='ocrx_word' id='word_1_9' title='bbox 1583 143 1615 167; x_wconf 88' lang='lat' dir='ltr'>a.</span> <span class='ocrx_word' id='word_1_10' title='bbox 1637 133 1738 168; x_wconf 85' lang='lat'>1577.</span> 
     </span>
    </p>
   </div>
   <div class='ocr_carea' id='block_1_2' title="bbox 202 253 2043 1026">
    <p class='ocr_par' dir='ltr' id='par_1_2' title="bbox 208 253 1981 439">
     <span class='ocr_line' id='line_1_2' title="bbox 208 253 1978 309; baseline 0.002 -14"><span class='ocrx_word' id='word_1_11' title='bbox 208 253 394 307; x_wconf 77' lang='lat' dir='ltr'>passim⁸</span> <span class='ocrx_word' id='word_1_12' title='bbox 439 254 799 305; x_wconf 65' lang='lat' dir='ltr'>constituanturb‚</span> <span class='ocrx_word' id='word_1_13' title='bbox 842 270 1005 309; x_wconf 88' lang='lat' dir='ltr'>suaque</span> <span class='ocrx_word' id='word_1_14' title='bbox 1048 255 1271 297; x_wconf 70' lang='lat' dir='ltr'>Ecclesiae</span> <span class='ocrx_word' id='word_1_15' title='bbox 1313 256 1408 297; x_wconf 88' lang='lat' dir='ltr'>iura</span> <span class='ocrx_word' id='word_1_16' title='bbox 1450 257 1563 298; x_wconf 89' lang='lat' dir='ltr'>bona</span> <span class='ocrx_word' id='word_1_17' title='bbox 1602 256 1685 297; x_wconf 90' lang='lat' dir='ltr'>fide</span> <span class='ocrx_word' id='word_1_18' title='bbox 1727 256 1978 299; x_wconf 88' lang='lat' dir='ltr'>reddantur.</span> 
     </span>
     <span class='ocr_line' id='line_1_3' title="bbox 208 318 1981 375; baseline 0.001 -14"><span class='ocrx_word' id='word_1_19' title='bbox 208 318 306 361; x_wconf 89' lang='lat' dir='ltr'>Non</span> <span class='ocrx_word' id='word_1_20' title='bbox 347 322 392 362; x_wconf 89' lang='lat' dir='ltr'>te</span> <span class='ocrx_word' id='word_1_21' title='bbox 433 322 654 373; x_wconf 82' lang='lat' dir='ltr'>sumptusc</span> <span class='ocrx_word' id='word_1_22' title='bbox 687 320 922 370; x_wconf 89' lang='lat' dir='ltr'>deterrent,</span> <span class='ocrx_word' id='word_1_23' title='bbox 966 335 1049 362; x_wconf 92' lang='lat' dir='ltr'>non</span> <span class='ocrx_word' id='word_1_24' title='bbox 1092 321 1234 362; x_wconf 88' lang='lat' dir='ltr'>minae</span> <span class='ocrx_word' id='word_1_25' title='bbox 1267 321 1527 374; x_wconf 74' lang='lat' dir='ltr'>Principum,</span> <span class='ocrx_word' id='word_1_26' title='bbox 1569 321 1777 375; x_wconf 86' lang='lat' dir='ltr'>variaque</span> <span class='ocrx_word' id='word_1_27' title='bbox 1810 321 1981 363; x_wconf 88' lang='lat' dir='ltr'>obiecta</span> 
     </span>
     <span class='ocr_line' id='line_1_4' title="bbox 208 384 1981 439; baseline 0.002 -14"><span class='ocrx_word' id='word_1_28' title='bbox 208 384 399 438; x_wconf 86' lang='lat' dir='ltr'>pericula</span> <span class='ocrx_word' id='word_1_29' title='bbox 422 387 708 436; x_wconf 73' lang='lat' dir='ltr'>remorantur,</span> <span class='ocrx_word' id='word_1_30' title='bbox 744 399 826 439; x_wconf 90' lang='lat' dir='ltr'>quo</span> <span class='ocrx_word' id='word_1_31' title='bbox 850 386 991 427; x_wconf 90' lang='lat' dir='ltr'>minus</span> <span class='ocrx_word' id='word_1_32' title='bbox 1013 385 1213 439; x_wconf 80' lang='lat' dir='ltr'>templisd</span> <span class='ocrx_word' id='word_1_33' title='bbox 1237 386 1469 428; x_wconf 74' lang='lat' dir='ltr'>Catholicis</span> <span class='ocrx_word' id='word_1_34' title='bbox 1493 387 1705 434; x_wconf 86' lang='lat' dir='ltr'>consulas,</span> <span class='ocrx_word' id='word_1_35' title='bbox 1739 389 1787 428; x_wconf 87' lang='lat' dir='ltr'>vt</span> <span class='ocrx_word' id='word_1_36' title='bbox 1811 386 1981 428; x_wconf 90' lang='lat' dir='ltr'>diuinus</span> 
     </span>
    </p>

    <p class='ocr_par' dir='ltr' id='par_1_3' title="bbox 202 443 2043 1026">
     <span class='ocr_line' id='line_1_5' title="bbox 207 443 2043 505; baseline 0.002 -15"><span class='ocrx_word' id='word_1_37' title='bbox 207 449 249 490; x_wconf 90' lang='lat' dir='ltr'>in</span> <span class='ocrx_word' id='word_1_38' title='bbox 272 449 356 491; x_wconf 92' lang='lat' dir='ltr'>illis</span> <span class='ocrx_word' id='word_1_39' title='bbox 381 450 522 492; x_wconf 87' lang='lat' dir='ltr'>cultus</span> <span class='ocrx_word' id='word_1_40' title='bbox 544 453 621 491; x_wconf 89' lang='lat' dir='ltr'>aut</span> <span class='ocrx_word' id='word_1_41' title='bbox 643 450 922 502; x_wconf 74' lang='lat' dir='ltr'>instauretur,</span> <span class='ocrx_word' id='word_1_42' title='bbox 958 454 1034 493; x_wconf 91' lang='lat' dir='ltr'>aut</span> <span class='ocrx_word' id='word_1_43' title='bbox 1056 451 1336 494; x_wconf 89' lang='lat' dir='ltr'>confirmetur</span> <span class='ocrx_word' id='word_1_44' title='bbox 1358 456 1763 505; x_wconf 86' lang='lat' dir='ltr'>promoueaturque.</span> <span class='ocrx_word' id='word_1_45' title='bbox 1819 451 1979 493; x_wconf 89' lang='lat' dir='ltr'>Vident</span> <span class='ocrx_word' id='word_1_46' title='bbox 2039 443 2043 448; x_wconf 53' lang='grc'>’</span> 
     </span>
     <span class='ocr_line' id='line_1_6' title="bbox 207 515 1979 572; baseline 0.001 -16"><span class='ocrx_word' id='word_1_47' title='bbox 207 527 257 555; x_wconf 85' lang='lat' dir='ltr'>ac</span> <span class='ocrx_word' id='word_1_48' title='bbox 290 515 438 557; x_wconf 89' lang='lat' dir='ltr'>dolent</span> <span class='ocrx_word' id='word_1_49' title='bbox 470 516 709 570; x_wconf 86' lang='lat' dir='ltr'>aduersarij</span> <span class='ocrx_word' id='word_1_50' title='bbox 734 530 835 558; x_wconf 89' lang='lat' dir='ltr'>suos</span> <span class='ocrx_word' id='word_1_51' title='bbox 857 530 987 570; x_wconf 80' lang='lat' dir='ltr'>saepe</span> <span class='ocrx_word' id='word_1_52' title='bbox 1021 519 1202 559; x_wconf 88' lang='lat' dir='ltr'>conatus</span> <span class='ocrx_word' id='word_1_53' title='bbox 1234 516 1321 559; x_wconf 88' lang='lat' dir='ltr'>tuis</span> <span class='ocrx_word' id='word_1_54' title='bbox 1344 516 1540 570; x_wconf 89' lang='lat' dir='ltr'>impediri</span> <span class='ocrx_word' id='word_1_55' title='bbox 1563 517 1765 572; x_wconf 85' lang='lat' dir='ltr'>consilijs,</span> <span class='ocrx_word' id='word_1_56' title='bbox 1800 519 1844 559; x_wconf 92' lang='lat' dir='ltr'>et</span> <span class='ocrx_word' id='word_1_57' title='bbox 1866 516 1979 570; x_wconf 87' lang='lat' dir='ltr'>quod</span> 
     </span>
     <span class='ocr_line' id='line_1_7' title="bbox 207 580 1979 636; baseline 0.001 -15"><span class='ocrx_word' id='word_1_58' title='bbox 207 580 261 621; x_wconf 85' lang='lat' dir='ltr'>ad</span> <span class='ocrx_word' id='word_1_59' title='bbox 294 580 560 622; x_wconf 84' lang='lat' dir='ltr'>Catholicum</span> <span class='ocrx_word' id='word_1_60' title='bbox 595 581 840 623; x_wconf 88' lang='lat' dir='ltr'>institutum</span> <span class='ocrx_word' id='word_1_61' title='bbox 876 581 1078 635; x_wconf 88' lang='lat' dir='ltr'>pertinet,</span> <span class='ocrx_word' id='word_1_62' title='bbox 1122 581 1390 624; x_wconf 86' lang='lat' dir='ltr'>authoritate</span> <span class='ocrx_word' id='word_1_63' title='bbox 1422 585 1499 624; x_wconf 87' lang='lat' dir='ltr'>tua</span> <span class='ocrx_word' id='word_1_64' title='bbox 1531 582 1711 636; x_wconf 88' lang='lat' dir='ltr'>prouehi</span> <span class='ocrx_word' id='word_1_65' title='bbox 1743 584 1875 635; x_wconf 86' lang='lat' dir='ltr'>atque</span> <span class='ocrx_word' id='word_1_66' title='bbox 1907 582 1979 623; x_wconf 89' lang='lat' dir='ltr'>de-</span> 
     </span>
     <span class='ocr_line' id='line_1_8' title="bbox 207 644 1978 699; baseline 0.001 -13"><span class='ocrx_word' id='word_1_67' title='bbox 207 644 323 687; x_wconf 89' lang='lat' dir='ltr'>fendi</span> <span class='ocrx_word' id='word_1_68' title='bbox 357 648 631 698; x_wconf 45' lang='lat' dir='ltr'>queruntur&amp;</span> <span class='ocrx_word' id='word_1_69' title='bbox 680 646 748 688; x_wconf 86' lang='lat' dir='ltr'>Sic</span> <span class='ocrx_word' id='word_1_70' title='bbox 776 646 947 688; x_wconf 89' lang='lat' dir='ltr'>demum</span> <span class='ocrx_word' id='word_1_71' title='bbox 974 660 1045 688; x_wconf 88' lang='lat' dir='ltr'>res</span> <span class='ocrx_word' id='word_1_72' title='bbox 1070 647 1322 689; x_wconf 86' lang='lat' dir='ltr'>Prouinciae</span> <span class='ocrx_word' id='word_1_73' title='bbox 1345 651 1448 689; x_wconf 90' lang='lat' dir='ltr'>tuae</span> <span class='ocrx_word' id='word_1_74' title='bbox 1470 647 1722 697; x_wconf 88' lang='lat' dir='ltr'>moderaris,</span> <span class='ocrx_word' id='word_1_75' title='bbox 1758 649 1806 689; x_wconf 93' lang='lat' dir='ltr'>vt</span> <span class='ocrx_word' id='word_1_76' title='bbox 1829 661 1978 699; x_wconf 87' lang='lat' dir='ltr'>quam·</span> 
     </span>
     <span class='ocr_line' id='line_1_9' title="bbox 206 710 1978 766; baseline 0.001 -15"><span class='ocrx_word' id='word_1_77' title='bbox 206 710 270 751; x_wconf 89' lang='lat' dir='ltr'>uis</span> <span class='ocrx_word' id='word_1_78' title='bbox 302 710 537 759; x_wconf 87' lang='lat' dir='ltr'>inuideant‚</span> <span class='ocrx_word' id='word_1_79' title='bbox 581 710 812 754; x_wconf 82' lang='lat' dir='ltr'>frendeant</span> <span class='ocrx_word' id='word_1_80' title='bbox 853 726 904 753; x_wconf 91' lang='lat' dir='ltr'>ac</span> <span class='ocrx_word' id='word_1_81' title='bbox 937 711 1153 754; x_wconf 87' lang='lat' dir='ltr'>obsistant</span> <span class='ocrx_word' id='word_1_82' title='bbox 1195 712 1381 766; x_wconf 87' lang='lat' dir='ltr'>plurimi,</span> <span class='ocrx_word' id='word_1_83' title='bbox 1425 715 1572 754; x_wconf 88' lang='lat' dir='ltr'>tamen</span> <span class='ocrx_word' id='word_1_84' title='bbox 1606 712 1839 754; x_wconf 83' lang='lat' dir='ltr'>Bauariam</span> <span class='ocrx_word' id='word_1_85' title='bbox 1883 726 1978 753; x_wconf 87' lang='lat' dir='ltr'>cum</span> 
     </span>
     <span class='ocr_line' id='line_1_10' title="bbox 205 775 1977 831; baseline 0.001 -14"><span class='ocrx_word' id='word_1_86' title='bbox 205 775 301 830; x_wconf 88' lang='lat' dir='ltr'>alijs</span> <span class='ocrx_word' id='word_1_87' title='bbox 334 776 561 831; x_wconf 87' lang='lat' dir='ltr'>praesidijs</span> <span class='ocrx_word' id='word_1_88' title='bbox 595 779 639 818; x_wconf 93' lang='lat' dir='ltr'>et</span> <span class='ocrx_word' id='word_1_89' title='bbox 671 776 938 819; x_wconf 83' lang='lat' dir='ltr'>ornamentis</span> <span class='ocrx_word' id='word_1_90' title='bbox 962 777 1113 818; x_wconf 87' lang='lat' dir='ltr'>mirum</span> <span class='ocrx_word' id='word_1_91' title='bbox 1138 777 1180 818; x_wconf 93' lang='lat' dir='ltr'>in</span> <span class='ocrx_word' id='word_1_92' title='bbox 1203 777 1375 819; x_wconf 90' lang='lat' dir='ltr'>modum</span> <span class='ocrx_word' id='word_1_93' title='bbox 1399 777 1605 829; x_wconf 87' lang='lat' dir='ltr'>instruas,</span> <span class='ocrx_word' id='word_1_94' title='bbox 1639 782 1729 821; x_wconf 87' lang='lat' dir='ltr'>tum</span> <span class='ocrx_word' id='word_1_95' title='bbox 1754 777 1797 819; x_wconf 91' lang='lat' dir='ltr'>in</span> <span class='ocrx_word' id='word_1_96' title='bbox 1821 777 1977 819; x_wconf 87' lang='lat' dir='ltr'>Catho-</span> 
     </span>
     <span class='ocr_line' id='line_1_11' title="bbox 204 841 1981 894; baseline 0.001 -13"><span class='ocrx_word' id='word_1_97' title='bbox 204 841 312 882; x_wconf 89' lang='lat' dir='ltr'>licae</span> <span class='ocrx_word' id='word_1_98' title='bbox 355 841 576 894; x_wconf 82' lang='lat' dir='ltr'>religionis</span> <span class='ocrx_word' id='word_1_99' title='bbox 613 841 814 884; x_wconf 89' lang='lat' dir='ltr'>instituto</span> <span class='ocrx_word' id='word_1_100' title='bbox 856 842 919 884; x_wconf 90' lang='lat' dir='ltr'>ita</span> <span class='ocrx_word' id='word_1_101' title='bbox 960 844 1200 893; x_wconf 81' lang='lat' dir='ltr'>confirmes,</span> <span class='ocrx_word' id='word_1_102' title='bbox 1244 842 1362 884; x_wconf 92' lang='lat' dir='ltr'>nulla</span> <span class='ocrx_word' id='word_1_103' title='bbox 1404 846 1453 885; x_wconf 91' lang='lat' dir='ltr'>vt</span> <span class='ocrx_word' id='word_1_104' title='bbox 1494 842 1586 884; x_wconf 88' lang='lat' dir='ltr'>fere</span> <span class='ocrx_word' id='word_1_105' title='bbox 1629 843 1687 885; x_wconf 89' lang='lat' dir='ltr'>sit</span> <span class='ocrx_word' id='word_1_106' title='bbox 1720 842 1981 885; x_wconf 85' lang='lat' dir='ltr'>Germaniae</span> 
     </span>
     <span class='ocr_line' id='line_1_12' title="bbox 204 905 1981 961; baseline 0.001 -14"><span class='ocrx_word' id='word_1_107' title='bbox 204 905 309 948; x_wconf 89' lang='lat' dir='ltr'>ditio</span> <span class='ocrx_word' id='word_1_108' title='bbox 342 906 428 948; x_wconf 86' lang='lat' dir='ltr'>alia</span> <span class='ocrx_word' id='word_1_109' title='bbox 460 906 502 948; x_wconf 91' lang='lat' dir='ltr'>in</span> <span class='ocrx_word' id='word_1_110' title='bbox 527 906 809 949; x_wconf 85' lang='lat' dir='ltr'>Orthodoxae</span> <span class='ocrx_word' id='word_1_111' title='bbox 841 907 939 949; x_wconf 89' lang='lat' dir='ltr'>fidei</span> <span class='ocrx_word' id='word_1_112' title='bbox 962 907 1232 961; x_wconf 84' lang='lat' dir='ltr'>professione</span> <span class='ocrx_word' id='word_1_113' title='bbox 1265 908 1547 955; x_wconf 84' lang='lat' dir='ltr'>constantior,</span> <span class='ocrx_word' id='word_1_114' title='bbox 1583 910 1627 950; x_wconf 88' lang='lat' dir='ltr'>et</span> <span class='ocrx_word' id='word_1_115' title='bbox 1660 921 1770 961; x_wconf 90' lang='lat' dir='ltr'>quae</span> <span class='ocrx_word' id='word_1_116' title='bbox 1793 921 1818 949; x_wconf 93' lang='lat' dir='ltr'>a</span> <span class='ocrx_word' id='word_1_117' title='bbox 1840 921 1981 949; x_wconf 88' lang='lat' dir='ltr'>nouae</span> 
     </span>
     <span class='ocr_line' id='line_1_13' title="bbox 202 971 1981 1026; baseline 0.002 -15"><span class='ocrx_word' id='word_1_118' title='bbox 202 971 327 1014; x_wconf 89' lang='lat' dir='ltr'>istius</span> <span class='ocrx_word' id='word_1_119' title='bbox 369 972 593 1014; x_wconf 89' lang='lat' dir='ltr'>doctrinae</span> <span class='ocrx_word' id='word_1_120' title='bbox 633 972 878 1015; x_wconf 83' lang='lat' dir='ltr'>ferment0¹</span> <span class='ocrx_word' id='word_1_121' title='bbox 912 975 1043 1026; x_wconf 88' lang='lat' dir='ltr'>atque</span> <span class='ocrx_word' id='word_1_122' title='bbox 1084 972 1254 1015; x_wconf 77' lang='lat' dir='ltr'>toxicof</span> <span class='ocrx_word' id='word_1_123' title='bbox 1287 974 1453 1026; x_wconf 59' lang='lat' dir='ltr'>magisg</span> <span class='ocrx_word' id='word_1_124' title='bbox 1485 974 1722 1015; x_wconf 87' lang='lat' dir='ltr'>abhorrens</span> <span class='ocrx_word' id='word_1_125' title='bbox 1761 975 1805 1015; x_wconf 90' lang='lat' dir='ltr'>et</span> <span class='ocrx_word' id='word_1_126' title='bbox 1837 972 1981 1015; x_wconf 87' lang='lat' dir='ltr'>aliena</span> 
     </span>
    </p>
   </div>
   <div class='ocr_carea' id='block_1_3' title="bbox 198 1037 1980 1679">
    <p class='ocr_par' dir='ltr' id='par_1_4' title="bbox 203 1037 574 1080">
     <span class='ocr_line' id='line_1_14' title="bbox 203 1037 574 1080; baseline 0.005 -2"><span class='ocrx_word' id='word_1_127' title='bbox 203 1050 298 1079; x_wconf 89' lang='lat' dir='ltr'>esse</span> <span class='ocrx_word' id='word_1_128' title='bbox 333 1037 534 1080; x_wconf 88' lang='lat' dir='ltr'>videatur</span> <span class='ocrx_word' id='word_1_129' title='bbox 547 1039 574 1080; x_wconf 78' lang='lat'>2.</span> 
     </span>
    </p>

    <p class='ocr_par' dir='ltr' id='par_1_5' title="bbox 198 1102 1980 1679">
     <span class='ocr_line' id='line_1_15' title="bbox 324 1102 1978 1158; baseline 0 -14"><span class='ocrx_word' id='word_1_130' title='bbox 324 1102 551 1145; x_wconf 90' lang='lat' dir='ltr'>Postremo</span> <span class='ocrx_word' id='word_1_131' title='bbox 584 1103 639 1144; x_wconf 88' lang='lat' dir='ltr'>ad</span> <span class='ocrx_word' id='word_1_132' title='bbox 672 1106 947 1156; x_wconf 85' lang='lat' dir='ltr'>praesentem</span> <span class='ocrx_word' id='word_1_133' title='bbox 981 1103 1347 1158; x_wconf 86' lang='lat' dir='ltr'>nuncupationem</span> <span class='ocrx_word' id='word_1_134' title='bbox 1381 1118 1449 1145; x_wconf 88' lang='lat' dir='ltr'>me</span> <span class='ocrx_word' id='word_1_135' title='bbox 1479 1103 1583 1145; x_wconf 91' lang='lat' dir='ltr'>illud</span> <span class='ocrx_word' id='word_1_136' title='bbox 1606 1104 1765 1146; x_wconf 84' lang='lat' dir='ltr'>inuitat</span> <span class='ocrx_word' id='word_1_137' title='bbox 1798 1118 1848 1145; x_wconf 89' lang='lat' dir='ltr'>ac</span> <span class='ocrx_word' id='word_1_138' title='bbox 1881 1117 1978 1157; x_wconf 89' lang='lat' dir='ltr'>per—</span> 
     </span>
     <span class='ocr_line' id='line_1_16' title="bbox 202 1168 1980 1223; baseline 0 -14"><span class='ocrx_word' id='word_1_139' title='bbox 202 1171 360 1217; x_wconf 77' lang='lat' dir='ltr'>mouet,</span> <span class='ocrx_word' id='word_1_140' title='bbox 396 1169 508 1221; x_wconf 87' lang='lat' dir='ltr'>quod</span> <span class='ocrx_word' id='word_1_141' title='bbox 533 1169 675 1222; x_wconf 90' lang='lat' dir='ltr'>palam</span> <span class='ocrx_word' id='word_1_142' title='bbox 700 1170 854 1210; x_wconf 84' lang='lat' dir='ltr'>extare</span> <span class='ocrx_word' id='word_1_143' title='bbox 878 1168 1046 1223; x_wconf 89' lang='lat' dir='ltr'>cupiam</span> <span class='ocrx_word' id='word_1_144' title='bbox 1071 1169 1151 1210; x_wconf 93' lang='lat' dir='ltr'>hoc</span> <span class='ocrx_word' id='word_1_145' title='bbox 1175 1169 1473 1222; x_wconf 88' lang='lat' dir='ltr'>qualecunque</span> <span class='ocrx_word' id='word_1_146' title='bbox 1496 1169 1792 1211; x_wconf 86' lang='lat' dir='ltr'>testimonium</span> <span class='ocrx_word' id='word_1_147' title='bbox 1816 1169 1980 1211; x_wconf 86' lang='lat' dir='ltr'>veteris</span> 
     </span>
     <span class='ocr_line' id='line_1_17' title="bbox 201 1233 1974 1288; baseline 0.001 -14"><span class='ocrx_word' id='word_1_148' title='bbox 201 1233 506 1280; x_wconf 88' lang='lat' dir='ltr'>obseruantiae</span> <span class='ocrx_word' id='word_1_149' title='bbox 539 1248 589 1275; x_wconf 89' lang='lat' dir='ltr'>ac</span> <span class='ocrx_word' id='word_1_150' title='bbox 622 1234 795 1276; x_wconf 89' lang='lat' dir='ltr'>debitae</span> <span class='ocrx_word' id='word_1_151' title='bbox 828 1234 1109 1287; x_wconf 83' lang='lat' dir='ltr'>gratitudinis</span> <span class='ocrx_word' id='word_1_152' title='bbox 1143 1249 1248 1288; x_wconf 84' lang='lat' dir='ltr'>erga</span> <span class='ocrx_word' id='word_1_153' title='bbox 1280 1236 1325 1276; x_wconf 90' lang='lat' dir='ltr'>te</span> <span class='ocrx_word' id='word_1_154' title='bbox 1359 1249 1483 1277; x_wconf 90' lang='lat' dir='ltr'>meae</span> <span class='ocrx_word' id='word_1_155' title='bbox 1508 1234 1830 1276; x_wconf 88' lang='lat' dir='ltr'>Humanissime</span> <span class='ocrx_word' id='word_1_156' title='bbox 1862 1234 1974 1276; x_wconf 87' lang='lat' dir='ltr'>idem</span> 
     </span>
     <span class='ocr_line' id='line_1_18' title="bbox 201 1298 1977 1353; baseline 0.001 -14"><span class='ocrx_word' id='word_1_157' title='bbox 201 1300 245 1339; x_wconf 86' lang='lat' dir='ltr'>et</span> <span class='ocrx_word' id='word_1_158' title='bbox 277 1298 595 1353; x_wconf 83' lang='lat' dir='ltr'>Benignissime</span> <span class='ocrx_word' id='word_1_159' title='bbox 629 1299 847 1353; x_wconf 73' lang='lat' dir='ltr'>Princeps</span> <span class='ocrx_word' id='word_1_160' title='bbox 912 1299 1087 1341; x_wconf 89' lang='lat' dir='ltr'>Memini</span> <span class='ocrx_word' id='word_1_161' title='bbox 1122 1299 1234 1341; x_wconf 92' lang='lat' dir='ltr'>enim</span> <span class='ocrx_word' id='word_1_162' title='bbox 1264 1300 1436 1342; x_wconf 91' lang='lat' dir='ltr'>Annum</span> <span class='ocrx_word' id='word_1_163' title='bbox 1470 1315 1583 1342; x_wconf 91' lang='lat' dir='ltr'>nunc</span> <span class='ocrx_word' id='word_1_164' title='bbox 1616 1300 1687 1353; x_wconf 88' lang='lat' dir='ltr'>agi</span> <span class='ocrx_word' id='word_1_165' title='bbox 1720 1299 1977 1353; x_wconf 86' lang='lat' dir='ltr'>vigesimum</span> 
     </span>
     <span class='ocr_line' id='line_1_19' title="bbox 200 1365 1976 1419; baseline 0.001 -15"><span class='ocrx_word' id='word_1_166' title='bbox 200 1365 413 1413; x_wconf 63' lang='lat' dir='ltr'>sextumh,</span> <span class='ocrx_word' id='word_1_167' title='bbox 457 1379 584 1418; x_wconf 88' lang='lat' dir='ltr'>quum</span> <span class='ocrx_word' id='word_1_168' title='bbox 629 1379 682 1406; x_wconf 85' lang='lat' dir='ltr'>ex</span> <span class='ocrx_word' id='word_1_169' title='bbox 726 1366 831 1406; x_wconf 90' lang='lat' dir='ltr'>vrbe</span> <span class='ocrx_word' id='word_1_170' title='bbox 865 1365 1061 1406; x_wconf 85' lang='lat' dir='ltr'>Romana</span> <span class='ocrx_word' id='word_1_171' title='bbox 1104 1365 1273 1415; x_wconf 87' lang='lat' dir='ltr'>missus,</span> <span class='ocrx_word' id='word_1_172' title='bbox 1316 1365 1358 1407; x_wconf 91' lang='lat' dir='ltr'>in</span> <span class='ocrx_word' id='word_1_173' title='bbox 1396 1366 1626 1408; x_wconf 89' lang='lat' dir='ltr'>Bauariam</span> <span class='ocrx_word' id='word_1_174' title='bbox 1670 1379 1749 1418; x_wconf 84' lang='lat' dir='ltr'>ego</span> <span class='ocrx_word' id='word_1_175' title='bbox 1793 1365 1976 1419; x_wconf 90' lang='lat' dir='ltr'>primum</span> 
     </span>
     <span class='ocr_line' id='line_1_20' title="bbox 200 1429 1979 1485; baseline 0 -15"><span class='ocrx_word' id='word_1_176' title='bbox 200 1430 376 1479; x_wconf 83' lang='lat' dir='ltr'>accessi,</span> <span class='ocrx_word' id='word_1_177' title='bbox 411 1433 456 1473; x_wconf 89' lang='lat' dir='ltr'>et</span> <span class='ocrx_word' id='word_1_178' title='bbox 489 1429 743 1484; x_wconf 84' lang='lat' dir='ltr'>Ingolstadij</span> <span class='ocrx_word' id='word_1_179' title='bbox 779 1430 901 1484; x_wconf 88' lang='lat' dir='ltr'>coepi</span> <span class='ocrx_word' id='word_1_180' title='bbox 934 1444 1083 1472; x_wconf 89' lang='lat' dir='ltr'>sacras</span> <span class='ocrx_word' id='word_1_181' title='bbox 1115 1430 1266 1473; x_wconf 86' lang='lat' dir='ltr'>literas</span> <span class='ocrx_word' id='word_1_182' title='bbox 1300 1431 1495 1485; x_wconf 88' lang='lat' dir='ltr'>profiteri</span> <span class='ocrx_word' id='word_1_183' title='bbox 1510 1432 1537 1473; x_wconf 82' lang='lat'>3.</span> <span class='ocrx_word' id='word_1_184' title='bbox 1584 1431 1653 1472; x_wconf 78' lang='lat' dir='ltr'>Ex</span> <span class='ocrx_word' id='word_1_185' title='bbox 1676 1444 1759 1483; x_wconf 91' lang='lat' dir='ltr'>quo</span> <span class='ocrx_word' id='word_1_186' title='bbox 1782 1435 1979 1483; x_wconf 87' lang='lat' dir='ltr'>tempore</span> 
     </span>
     <span class='ocr_line' id='line_1_21' title="bbox 199 1495 1978 1550; baseline 0.001 -15"><span class='ocrx_word' id='word_1_187' title='bbox 199 1495 334 1536; x_wconf 89' lang='lat' dir='ltr'>nostri</span> <span class='ocrx_word' id='word_1_188' title='bbox 369 1495 506 1536; x_wconf 89' lang='lat' dir='ltr'>ordini</span> <span class='ocrx_word' id='word_1_189' title='bbox 539 1495 735 1537; x_wconf 87' lang='lat' dir='ltr'>homines</span> <span class='ocrx_word' id='word_1_190' title='bbox 767 1497 887 1537; x_wconf 85' lang='lat' dir='ltr'>tuam</span> <span class='ocrx_word' id='word_1_191' title='bbox 923 1495 1101 1538; x_wconf 87' lang='lat' dir='ltr'>Patroni</span> <span class='ocrx_word' id='word_1_192' title='bbox 1123 1496 1357 1549; x_wconf 87' lang='lat' dir='ltr'>singularis</span> <span class='ocrx_word' id='word_1_193' title='bbox 1380 1511 1464 1538; x_wconf 92' lang='lat' dir='ltr'>non</span> <span class='ocrx_word' id='word_1_194' title='bbox 1488 1496 1690 1550; x_wconf 85' lang='lat' dir='ltr'>exiguam</span> <span class='ocrx_word' id='word_1_195' title='bbox 1718 1496 1978 1537; x_wconf 89' lang='lat' dir='ltr'>beneuolen-</span> 
     </span>
     <span class='ocr_line' id='line_1_22' title="bbox 198 1559 1974 1616; baseline 0 -15"><span class='ocrx_word' id='word_1_196' title='bbox 198 1559 318 1609; x_wconf 88' lang='lat' dir='ltr'>tiam,</span> <span class='ocrx_word' id='word_1_197' title='bbox 344 1574 579 1614; x_wconf 87' lang='lat' dir='ltr'>paremque</span> <span class='ocrx_word' id='word_1_198' title='bbox 602 1561 926 1609; x_wconf 88' lang='lat' dir='ltr'>liberalitatem,</span> <span class='ocrx_word' id='word_1_199' title='bbox 946 1561 1162 1616; x_wconf 85' lang='lat' dir='ltr'>Monachij</span> <span class='ocrx_word' id='word_1_200' title='bbox 1187 1562 1444 1616; x_wconf 84' lang='lat' dir='ltr'>praesertim</span> <span class='ocrx_word' id='word_1_201' title='bbox 1470 1565 1514 1604; x_wconf 89' lang='lat' dir='ltr'>et</span> <span class='ocrx_word' id='word_1_202' title='bbox 1532 1560 1800 1614; x_wconf 84' lang='lat' dir='ltr'>Ingolstadij,</span> <span class='ocrx_word' id='word_1_203' title='bbox 1826 1573 1974 1614; x_wconf 90' lang='lat' dir='ltr'>saepe-</span> 
     </span>
     <span class='ocr_line' id='line_1_23' title="bbox 199 1625 1975 1679; baseline 0.001 -13"><span class='ocrx_word' id='word_1_204' title='bbox 199 1639 377 1667; x_wconf 88' lang='lat' dir='ltr'>numero</span> <span class='ocrx_word' id='word_1_205' title='bbox 410 1629 513 1668; x_wconf 90' lang='lat' dir='ltr'>sunt</span> <span class='ocrx_word' id='word_1_206' title='bbox 545 1625 744 1679; x_wconf 35' lang='lat' dir='ltr'>experti&amp;</span> <span class='ocrx_word' id='word_1_207' title='bbox 811 1626 952 1675; x_wconf 84' lang='lat' dir='ltr'>Quare</span> <span class='ocrx_word' id='word_1_208' title='bbox 984 1627 1155 1668; x_wconf 89' lang='lat' dir='ltr'>illorum</span> <span class='ocrx_word' id='word_1_209' title='bbox 1190 1630 1235 1669; x_wconf 90' lang='lat' dir='ltr'>et</span> <span class='ocrx_word' id='word_1_210' title='bbox 1267 1641 1362 1669; x_wconf 91' lang='lat' dir='ltr'>meo</span> <span class='ocrx_word' id='word_1_211' title='bbox 1397 1627 1568 1668; x_wconf 86' lang='lat' dir='ltr'>nomine</span> <span class='ocrx_word' id='word_1_212' title='bbox 1600 1629 1811 1669; x_wconf 88' lang='lat' dir='ltr'>testatum</span> <span class='ocrx_word' id='word_1_213' title='bbox 1845 1625 1975 1667; x_wconf 88' lang='lat' dir='ltr'>velim</span> 
     </span>
    </p>
   </div>
   <div class='ocr_carea' id='block_1_4' title="bbox 195 1717 1978 2292">
    <p class='ocr_par' dir='ltr' id='par_1_6' title="bbox 195 1717 1978 2292">
     <span class='ocr_line' id='line_1_24' title="bbox 318 1717 1976 1752; baseline 0.001 -10"><span class='ocrx_word' id='word_1_214' title='bbox 318 1717 346 1748; x_wconf 85' lang='lat' dir='ltr'>a)</span> <span class='ocrx_word' id='word_1_215' title='bbox 368 1719 403 1742; x_wconf 77' lang='lat' dir='ltr'>In</span> <span class='ocrx_word' id='word_1_216' title='bbox 419 1719 444 1742; x_wconf 88' lang='lat' dir='ltr'><em>B</em></span> <span class='ocrx_word' id='word_1_217' title='bbox 463 1719 514 1742; x_wconf 79' lang='lat' dir='ltr'>hnc</span> <span class='ocrx_word' id='word_1_218' title='bbox 534 1726 558 1743; x_wconf 79' lang='lat' dir='ltr'>v.</span> <span class='ocrx_word' id='word_1_219' title='bbox 580 1727 597 1743; x_wconf 80' lang='lat' dir='ltr'>a</span> <span class='ocrx_word' id='word_1_220' title='bbox 621 1720 690 1745; x_wconf 77' lang='lat' dir='ltr'>Can.</span> <span class='ocrx_word' id='word_1_221' title='bbox 711 1719 774 1750; x_wconf 75' lang='lat' dir='ltr'>ipso</span> <span class='ocrx_word' id='word_1_222' title='bbox 794 1719 928 1743; x_wconf 76' lang='lat' dir='ltr'>additum</span> <span class='ocrx_word' id='word_1_223' title='bbox 944 1722 994 1745; x_wconf 79' lang='lat' dir='ltr'>est.</span> <span class='ocrx_word' id='word_1_224' title='bbox 1069 1718 1100 1747; x_wconf 72' lang='lat' dir='ltr'>b)</span> <span class='ocrx_word' id='word_1_225' title='bbox 1124 1720 1202 1750; x_wconf 78' lang='lat' dir='ltr'>Quae</span> <span class='ocrx_word' id='word_1_226' title='bbox 1221 1723 1395 1751; x_wconf 78' lang='lat' dir='ltr'>sequuntur,</span> <span class='ocrx_word' id='word_1_227' title='bbox 1416 1728 1504 1751; x_wconf 74' lang='lat' dir='ltr'>usque</span> <span class='ocrx_word' id='word_1_228' title='bbox 1525 1721 1562 1745; x_wconf 77' lang='lat' dir='ltr'>acl</span> <span class='ocrx_word' id='word_1_229' title='bbox 1583 1719 1650 1745; x_wconf 88' lang='lat' dir='ltr'>Non</span> <span class='ocrx_word' id='word_1_230' title='bbox 1671 1719 1702 1745; x_wconf 81' lang='lat' dir='ltr'>te</span> <span class='ocrx_word' id='word_1_231' title='bbox 1721 1720 1802 1752; x_wconf 67' lang='lat' dir='ltr'>exc-L,</span> <span class='ocrx_word' id='word_1_232' title='bbox 1822 1720 1853 1744; x_wconf 77' lang='lat' dir='ltr'>in</span> <span class='ocrx_word' id='word_1_233' title='bbox 1873 1720 1900 1744; x_wconf 92' lang='grc' dir='ltr'><em>Β</em></span> <span class='ocrx_word' id='word_1_234' title='bbox 1919 1727 1976 1743; x_wconf 77' lang='lat' dir='ltr'>mm</span> 
     </span>
     <span class='ocr_line' id='line_1_25' title="bbox 197 1759 1976 1793; baseline 0.002 -10"><span class='ocrx_word' id='word_1_235' title='bbox 197 1762 275 1784; x_wconf 65' lang='lat' dir='ltr'>szmzt.</span> <span class='ocrx_word' id='word_1_236' title='bbox 350 1760 376 1786; x_wconf 69' lang='lat' dir='ltr'>c)</span> <span class='ocrx_word' id='word_1_237' title='bbox 397 1760 519 1784; x_wconf 82' lang='lat' dir='ltr'>sumtus</span> <span class='ocrx_word' id='word_1_238' title='bbox 541 1762 569 1785; x_wconf 77' lang='lat' dir='ltr'>C,</span> <span class='ocrx_word' id='word_1_239' title='bbox 645 1759 676 1791; x_wconf 88' lang='lat' dir='ltr'>d)</span> <span class='ocrx_word' id='word_1_240' title='bbox 696 1759 841 1791; x_wconf 80' lang='lat' dir='ltr'>Ecclesijs</span> <span class='ocrx_word' id='word_1_241' title='bbox 863 1762 891 1786; x_wconf 89' lang='lat' dir='ltr'>C.</span> <span class='ocrx_word' id='word_1_242' title='bbox 966 1761 994 1792; x_wconf 86' lang='lat' dir='ltr'>e)</span> <span class='ocrx_word' id='word_1_243' title='bbox 1015 1761 1062 1786; x_wconf 84' lang='lat' dir='ltr'>Sic</span> <span class='ocrx_word' id='word_1_244' title='bbox 1082 1761 1111 1785; x_wconf 78' lang='lat' dir='ltr'>in</span> <span class='ocrx_word' id='word_1_245' title='bbox 1134 1763 1159 1786; x_wconf 89' lang='lat' dir='ltr'><em>B</em></span> <span class='ocrx_word' id='word_1_246' title='bbox 1181 1764 1251 1788; x_wconf 77' lang='lat' dir='ltr'>Can.</span> <span class='ocrx_word' id='word_1_247' title='bbox 1271 1770 1307 1786; x_wconf 66' lang='lat' dir='ltr'>ex</span> <span class='ocrx_word' id='word_1_248' title='bbox 1326 1761 1472 1793; x_wconf 81' lang='lat' dir='ltr'>consilijs,</span> <span class='ocrx_word' id='word_1_249' title='bbox 1493 1762 1523 1787; x_wconf 80' lang='lat' dir='ltr'>et</span> <span class='ocrx_word' id='word_1_250' title='bbox 1543 1761 1733 1787; x_wconf 81' lang='lat' dir='ltr'>authoritate</span> <span class='ocrx_word' id='word_1_251' title='bbox 1752 1761 1805 1786; x_wconf 82' lang='lat' dir='ltr'>tua</span> <span class='ocrx_word' id='word_1_252' title='bbox 1825 1760 1976 1792; x_wconf 82' lang='lat' dir='ltr'>confringi</span> 
     </span>
     <span class='ocr_line' id='line_1_26' title="bbox 198 1800 1977 1836; baseline 0.001 -11"><span class='ocrx_word' id='word_1_253' title='bbox 198 1800 290 1833; x_wconf 78' lang='lat' dir='ltr'>atque</span> <span class='ocrx_word' id='word_1_254' title='bbox 312 1800 455 1834; x_wconf 85' lang='lat' dir='ltr'>dissipari</span> <span class='ocrx_word' id='word_1_255' title='bbox 475 1802 614 1831; x_wconf 61' lang='lat' dir='ltr'>correxit,</span> <span class='ocrx_word' id='word_1_256' title='bbox 630 1805 844 1834; x_wconf 74' lang='lat' dir='ltr'>praeterquam</span> <span class='ocrx_word' id='word_1_257' title='bbox 866 1803 941 1833; x_wconf 76' lang='lat' dir='ltr'>quod</span> <span class='ocrx_word' id='word_1_258' title='bbox 961 1810 1017 1827; x_wconf 77' lang='lat' dir='ltr'>non</span> <span class='ocrx_word' id='word_1_259' title='bbox 1037 1804 1136 1833; x_wconf 67' lang='lat' dir='ltr'>posuit</span> <span class='ocrx_word' id='word_1_260' title='bbox 1158 1811 1181 1828; x_wconf 78' lang='grc' dir='ltr'>υ.</span> <span class='ocrx_word' id='word_1_261' title='bbox 1203 1804 1384 1836; x_wconf 83' lang='lat' dir='ltr'>queruntur.</span> <span class='ocrx_word' id='word_1_262' title='bbox 1494 1803 1516 1828; x_wconf 80' lang='lat' dir='ltr'>f.</span> <span class='ocrx_word' id='word_1_263' title='bbox 1538 1805 1572 1828; x_wconf 80' lang='lat' dir='ltr'>In</span> <span class='ocrx_word' id='word_1_264' title='bbox 1594 1805 1620 1828; x_wconf 91' lang='lat' dir='ltr'><em>B</em></span> <span class='ocrx_word' id='word_1_265' title='bbox 1641 1806 1710 1828; x_wconf 75' lang='lat' dir='ltr'>Can.</span> <span class='ocrx_word' id='word_1_266' title='bbox 1730 1803 1772 1827; x_wconf 70' lang='lat' dir='ltr'>sic·</span> <span class='ocrx_word' id='word_1_267' title='bbox 1791 1803 1921 1827; x_wconf 75' lang='lat' dir='ltr'>correxit</span> <span class='ocrx_word' id='word_1_268' title='bbox 1940 1811 1977 1827; x_wconf 61' lang='lat' dir='ltr'>ex</span> 
     </span>
     <span class='ocr_line' id='line_1_27' title="bbox 196 1843 1975 1878; baseline 0.001 -11"><span class='ocrx_word' id='word_1_269' title='bbox 196 1849 326 1870; x_wconf 85' lang='lat' dir='ltr'>ueneno.</span> <span class='ocrx_word' id='word_1_270' title='bbox 399 1844 429 1874; x_wconf 70' lang='lat' dir='ltr'>g)</span> <span class='ocrx_word' id='word_1_271' title='bbox 451 1844 487 1867; x_wconf 83' lang='grc' dir='ltr'>1η</span> <span class='ocrx_word' id='word_1_272' title='bbox 507 1844 533 1868; x_wconf 85' lang='grc' dir='ltr'><em>Β</em></span> <span class='ocrx_word' id='word_1_273' title='bbox 552 1845 569 1868; x_wconf 80' lang='lat'><em>2</em></span> <span class='ocrx_word' id='word_1_274' title='bbox 590 1852 631 1868; x_wconf 76' lang='lat' dir='ltr'>vv.</span> <span class='ocrx_word' id='word_1_275' title='bbox 652 1852 711 1875; x_wconf 69' lang='lat' dir='ltr'>sqq.</span> <span class='ocrx_word' id='word_1_276' title='bbox 733 1852 750 1868; x_wconf 81' lang='grc' dir='ltr'><em>α</em></span> <span class='ocrx_word' id='word_1_277' title='bbox 772 1846 841 1869; x_wconf 80' lang='lat' dir='ltr'>Can.</span> <span class='ocrx_word' id='word_1_278' title='bbox 863 1844 969 1869; x_wconf 71' lang='lat' dir='ltr'>addita</span> <span class='ocrx_word' id='word_1_279' title='bbox 992 1848 1069 1870; x_wconf 75' lang='lat' dir='ltr'>sunt.</span> <span class='ocrx_word' id='word_1_280' title='bbox 1143 1843 1174 1875; x_wconf 90' lang='lat' dir='ltr'>h)</span> <span class='ocrx_word' id='word_1_281' title='bbox 1196 1845 1340 1877; x_wconf 83' lang='lat' dir='ltr'>quartum</span> <span class='ocrx_word' id='word_1_282' title='bbox 1355 1847 1399 1875; x_wconf 91' lang='lat' dir='ltr'>B;</span> <span class='ocrx_word' id='word_1_283' title='bbox 1419 1844 1584 1878; x_wconf 84' lang='lat' dir='ltr'>septimum</span> <span class='ocrx_word' id='word_1_284' title='bbox 1601 1847 1629 1870; x_wconf 71' lang='lat' dir='ltr'>C.</span> <span class='ocrx_word' id='word_1_285' title='bbox 1702 1844 1723 1873; x_wconf 92' lang='lat' dir='ltr'>i)</span> <span class='ocrx_word' id='word_1_286' title='bbox 1745 1846 1778 1869; x_wconf 82' lang='lat' dir='ltr'>In</span> <span class='ocrx_word' id='word_1_287' title='bbox 1800 1846 1826 1869; x_wconf 85' lang='lat' dir='ltr'><em>B</em></span> <span class='ocrx_word' id='word_1_288' title='bbox 1842 1845 1975 1876; x_wconf 80' lang='lat' dir='ltr'>primum</span> 
     </span>
     <span class='ocr_line' id='line_1_28' title="bbox 196 1884 1976 1920; baseline 0.002 -12"><span class='ocrx_word' id='word_1_289' title='bbox 196 1885 238 1909; x_wconf 75' lang='lat' dir='ltr'>sic</span> <span class='ocrx_word' id='word_1_290' title='bbox 257 1887 321 1909; x_wconf 80' lang='lat' dir='ltr'>erat</span> <span class='ocrx_word' id='word_1_291' title='bbox 340 1885 502 1916; x_wconf 75' lang='lat' dir='ltr'>scriptum.-</span> <span class='ocrx_word' id='word_1_292' title='bbox 521 1885 550 1909; x_wconf 88' lang='lat' dir='ltr'>in</span> <span class='ocrx_word' id='word_1_293' title='bbox 572 1884 736 1910; x_wconf 79' lang='lat' dir='ltr'>Bauariam</span> <span class='ocrx_word' id='word_1_294' title='bbox 756 1893 812 1917; x_wconf 84' lang='lat' dir='ltr'>ego</span> <span class='ocrx_word' id='word_1_295' title='bbox 834 1885 965 1918; x_wconf 88' lang='lat' dir='ltr'>primum</span> <span class='ocrx_word' id='word_1_296' title='bbox 985 1885 1109 1915; x_wconf 74' lang='lat' dir='ltr'>accessi,</span> <span class='ocrx_word' id='word_1_297' title='bbox 1130 1887 1161 1911; x_wconf 83' lang='lat' dir='ltr'>et</span> <span class='ocrx_word' id='word_1_298' title='bbox 1180 1886 1363 1919; x_wconf 86' lang='lat' dir='ltr'>Ingolstadij</span> <span class='ocrx_word' id='word_1_299' title='bbox 1383 1887 1468 1920; x_wconf 87' lang='lat' dir='ltr'>coepi</span> <span class='ocrx_word' id='word_1_300' title='bbox 1489 1893 1575 1912; x_wconf 86' lang='lat' dir='ltr'>sacra</span> <span class='ocrx_word' id='word_1_301' title='bbox 1596 1886 1742 1919; x_wconf 81' lang='lat' dir='ltr'>profiteri.</span> <span class='ocrx_word' id='word_1_302' title='bbox 1765 1886 1883 1911; x_wconf 78' lang='lat' dir='ltr'>interea</span> <span class='ocrx_word' id='word_1_303' title='bbox 1902 1893 1976 1911; x_wconf 79' lang='lat' dir='ltr'>uero</span> 
     </span>
     <span class='ocr_line' id='line_1_29' title="bbox 197 1925 1976 1961; baseline 0.001 -11"><span class='ocrx_word' id='word_1_304' title='bbox 197 1932 257 1950; x_wconf 88' lang='lat' dir='ltr'>non</span> <span class='ocrx_word' id='word_1_305' title='bbox 278 1925 377 1951; x_wconf 90' lang='lat' dir='ltr'>solum</span> <span class='ocrx_word' id='word_1_306' title='bbox 398 1925 435 1951; x_wconf 87' lang='lat' dir='ltr'>ab</span> <span class='ocrx_word' id='word_1_307' title='bbox 457 1926 639 1952; x_wconf 78' lang='lat' dir='ltr'>excellentia</span> <span class='ocrx_word' id='word_1_308' title='bbox 659 1927 719 1955; x_wconf 82' lang='lat' dir='ltr'>tua,</span> <span class='ocrx_word' id='word_1_309' title='bbox 739 1927 794 1952; x_wconf 87' lang='lat' dir='ltr'>sed</span> <span class='ocrx_word' id='word_1_310' title='bbox 815 1927 907 1952; x_wconf 85' lang='lat' dir='ltr'>etiam</span> <span class='ocrx_word' id='word_1_311' title='bbox 928 1927 965 1952; x_wconf 85' lang='lat' dir='ltr'>ab</span> <span class='ocrx_word' id='word_1_312' title='bbox 986 1927 1101 1959; x_wconf 82' lang='lat' dir='ltr'>optimo</span> <span class='ocrx_word' id='word_1_313' title='bbox 1124 1928 1189 1953; x_wconf 86' lang='lat' dir='ltr'>eius</span> <span class='ocrx_word' id='word_1_314' title='bbox 1210 1929 1337 1961; x_wconf 80' lang='lat' dir='ltr'>parente</span> <span class='ocrx_word' id='word_1_315' title='bbox 1357 1929 1585 1960; x_wconf 78' lang='lat' dir='ltr'>clarissimoque</span> <span class='ocrx_word' id='word_1_316' title='bbox 1600 1928 1680 1953; x_wconf 85' lang='lat' dir='ltr'>Duce</span> <span class='ocrx_word' id='word_1_317' title='bbox 1695 1926 1860 1953; x_wconf 84' lang='lat' dir='ltr'>Wilhelmo</span> <span class='ocrx_word' id='word_1_318' title='bbox 1880 1927 1976 1952; x_wconf 71' lang='lat' dir='ltr'>multa</span> 
     </span>
     <span class='ocr_line' id='line_1_30' title="bbox 196 1967 1976 2002; baseline 0.001 -10"><span class='ocrx_word' id='word_1_319' title='bbox 196 1973 367 1999; x_wconf 86' lang='lat' dir='ltr'>magnaque</span> <span class='ocrx_word' id='word_1_320' title='bbox 388 1967 535 1993; x_wconf 82' lang='lat' dir='ltr'>beneficia</span> <span class='ocrx_word' id='word_1_321' title='bbox 555 1975 645 2000; x_wconf 80' lang='lat' dir='ltr'>saepe</span> <span class='ocrx_word' id='word_1_322' title='bbox 661 1975 728 1993; x_wconf 80' lang='lat' dir='ltr'>suni</span> <span class='ocrx_word' id='word_1_323' title='bbox 750 1968 968 2001; x_wconf 60' lang='lat' dir='ltr'>consequutus</span> <span class='ocrx_word' id='word_1_324' title='bbox 997 1968 1103 2001; x_wconf 86' lang='lat' dir='ltr'>Neque</span> <span class='ocrx_word' id='word_1_325' title='bbox 1124 1976 1204 1995; x_wconf 86' lang='lat' dir='ltr'>noua</span> <span class='ocrx_word' id='word_1_326' title='bbox 1224 1969 1271 1995; x_wconf 88' lang='lat' dir='ltr'>uel</span> <span class='ocrx_word' id='word_1_327' title='bbox 1294 1970 1424 1995; x_wconf 87' lang='lat' dir='ltr'>obscura</span> <span class='ocrx_word' id='word_1_328' title='bbox 1444 1971 1491 1995; x_wconf 88' lang='lat' dir='ltr'>est</span> <span class='ocrx_word' id='word_1_329' title='bbox 1512 1977 1547 1995; x_wconf 83' lang='lat' dir='ltr'>ea</span> <span class='ocrx_word' id='word_1_330' title='bbox 1567 1969 1745 1998; x_wconf 85' lang='lat' dir='ltr'>liberalitas,</span> <span class='ocrx_word' id='word_1_331' title='bbox 1766 1976 1857 2002; x_wconf 87' lang='lat' dir='ltr'>quam</span> <span class='ocrx_word' id='word_1_332' title='bbox 1877 1968 1976 1994; x_wconf 86' lang='lat' dir='ltr'>nostri</span> 
     </span>
     <span class='ocr_line' id='line_1_31' title="bbox 198 2008 1975 2044; baseline 0.001 -11"><span class='ocrx_word' id='word_1_333' title='bbox 198 2008 315 2034; x_wconf 87' lang='lat' dir='ltr'>ordinis</span> <span class='ocrx_word' id='word_1_334' title='bbox 337 2016 443 2034; x_wconf 85' lang='lat' dir='ltr'>omnes</span> <span class='ocrx_word' id='word_1_335' title='bbox 463 2008 512 2034; x_wconf 76' lang='lat' dir='ltr'>tot</span> <span class='ocrx_word' id='word_1_336' title='bbox 531 2008 590 2034; x_wconf 85' lang='lat' dir='ltr'>iam</span> <span class='ocrx_word' id='word_1_337' title='bbox 605 2009 694 2035; x_wconf 85' lang='lat' dir='ltr'>annis</span> <span class='ocrx_word' id='word_1_338' title='bbox 709 2009 739 2035; x_wconf 90' lang='lat' dir='ltr'>in</span> <span class='ocrx_word' id='word_1_339' title='bbox 754 2017 787 2034; x_wconf 88' lang='lat' dir='ltr'>se</span> <span class='ocrx_word' id='word_1_340' title='bbox 808 2010 941 2035; x_wconf 78' lang='lat' dir='ltr'>conferri</span> <span class='ocrx_word' id='word_1_341' title='bbox 963 2010 1111 2040; x_wconf 84' lang='lat' dir='ltr'>sentiunt,</span> <span class='ocrx_word' id='word_1_342' title='bbox 1150 2012 1184 2036; x_wconf 81' lang='lat' dir='ltr'>ut</span> <span class='ocrx_word' id='word_1_343' title='bbox 1203 2011 1327 2043; x_wconf 83' lang='lat' dir='ltr'>praeter</span> <span class='ocrx_word' id='word_1_344' title='bbox 1346 2012 1377 2036; x_wconf 81' lang='lat' dir='ltr'>te</span> <span class='ocrx_word' id='word_1_345' title='bbox 1397 2011 1513 2037; x_wconf 90' lang='lat' dir='ltr'>nullum</span> <span class='ocrx_word' id='word_1_346' title='bbox 1541 2010 1605 2036; x_wconf 82' lang='lat' dir='ltr'>fere</span> <span class='ocrx_word' id='word_1_347' title='bbox 1624 2012 1789 2044; x_wconf 85' lang='lat' dir='ltr'>patronum</span> <span class='ocrx_word' id='word_1_348' title='bbox 1809 2010 1839 2036; x_wconf 86' lang='lat' dir='ltr'>et</span> <span class='ocrx_word' id='word_1_349' title='bbox 1859 2017 1975 2035; x_wconf 81' lang='lat' dir='ltr'>mecae-</span> 
     </span>
     <span class='ocr_line' id='line_1_32' title="bbox 195 2049 1978 2086; baseline 0.001 -11"><span class='ocrx_word' id='word_1_350' title='bbox 195 2050 298 2075; x_wconf 85' lang='lat' dir='ltr'>natem</span> <span class='ocrx_word' id='word_1_351' title='bbox 318 2050 348 2075; x_wconf 92' lang='lat' dir='ltr'>in</span> <span class='ocrx_word' id='word_1_352' title='bbox 369 2049 531 2076; x_wconf 84' lang='lat' dir='ltr'>Germania</span> <span class='ocrx_word' id='word_1_353' title='bbox 557 2058 653 2084; x_wconf 80' lang='lat' dir='ltr'>aeque</span> <span class='ocrx_word' id='word_1_354' title='bbox 672 2051 857 2079; x_wconf 84' lang='lat' dir='ltr'>munificum.</span> <span class='ocrx_word' id='word_1_355' title='bbox 884 2052 1041 2084; x_wconf 81' lang='lat' dir='ltr'>magisque</span> <span class='ocrx_word' id='word_1_356' title='bbox 1062 2052 1155 2077; x_wconf 90' lang='lat' dir='ltr'>fidum</span> <span class='ocrx_word' id='word_1_357' title='bbox 1183 2054 1214 2077; x_wconf 82' lang='lat' dir='ltr'>et</span> <span class='ocrx_word' id='word_1_358' title='bbox 1234 2053 1390 2078; x_wconf 82' lang='lat' dir='ltr'>fauentem</span> <span class='ocrx_word' id='word_1_359' title='bbox 1415 2052 1625 2086; x_wconf 82' lang='lat' dir='ltr'>experiantur.</span> <span class='ocrx_word' id='word_1_360' title='bbox 1663 2052 1749 2078; x_wconf 90' lang='lat' dir='ltr'>Adeo</span> <span class='ocrx_word' id='word_1_361' title='bbox 1771 2059 1831 2077; x_wconf 91' lang='lat' dir='ltr'>non</span> <span class='ocrx_word' id='word_1_362' title='bbox 1852 2051 1978 2077; x_wconf 84' lang='lat' dir='ltr'>desistit</span> 
     </span>
     <span class='ocr_line' id='line_1_33' title="bbox 195 2091 1975 2127; baseline 0.001 -11"><span class='ocrx_word' id='word_1_363' title='bbox 195 2091 295 2124; x_wconf 82' lang='lat' dir='ltr'>pietas</span> <span class='ocrx_word' id='word_1_364' title='bbox 315 2091 368 2117; x_wconf 86' lang='lat' dir='ltr'>tua</span> <span class='ocrx_word' id='word_1_365' title='bbox 386 2091 464 2117; x_wconf 84' lang='lat' dir='ltr'>hanc</span> <span class='ocrx_word' id='word_1_366' title='bbox 488 2092 575 2118; x_wconf 82' lang='lat' dir='ltr'>IESV</span> <span class='ocrx_word' id='word_1_367' title='bbox 594 2092 749 2118; x_wconf 85' lang='lat' dir='ltr'>minimam</span> <span class='ocrx_word' id='word_1_368' title='bbox 770 2093 950 2119; x_wconf 82' lang='lat' dir='ltr'>societatem</span> <span class='ocrx_word' id='word_1_369' title='bbox 970 2093 1186 2119; x_wconf 80' lang='lat' dir='ltr'>beneuolentia</span> <span class='ocrx_word' id='word_1_370' title='bbox 1206 2101 1326 2120; x_wconf 84' lang='lat' dir='ltr'>summa</span> <span class='ocrx_word' id='word_1_371' title='bbox 1346 2095 1505 2127; x_wconf 79' lang='lat' dir='ltr'>complecti</span> <span class='ocrx_word' id='word_1_372' title='bbox 1525 2096 1556 2120; x_wconf 88' lang='lat' dir='ltr'>et.</span> <span class='ocrx_word' id='word_1_373' title='bbox 1570 2095 1600 2119; x_wconf 89' lang='lat' dir='ltr'>in</span> <span class='ocrx_word' id='word_1_374' title='bbox 1615 2093 1666 2120; x_wconf 83' lang='lat' dir='ltr'>illa</span> <span class='ocrx_word' id='word_1_375' title='bbox 1686 2094 1799 2120; x_wconf 84' lang='lat' dir='ltr'>multos</span> <span class='ocrx_word' id='word_1_376' title='bbox 1819 2093 1975 2118; x_wconf 72' lang='lat' dir='ltr'>humanis-</span> 
     </span>
     <span class='ocr_line' id='line_1_34' title="bbox 195 2133 1975 2167; baseline 0.001 -9"><span class='ocrx_word' id='word_1_377' title='bbox 195 2133 272 2158; x_wconf 85' lang='lat' dir='ltr'>sime</span> <span class='ocrx_word' id='word_1_378' title='bbox 292 2133 406 2163; x_wconf 86' lang='lat' dir='ltr'>fouere,</span> <span class='ocrx_word' id='word_1_379' title='bbox 427 2133 478 2166; x_wconf 90' lang='lat' dir='ltr'>qui</span> <span class='ocrx_word' id='word_1_380' title='bbox 498 2141 584 2159; x_wconf 83' lang='lat' dir='ltr'>suam</span> <span class='ocrx_word' id='word_1_381' title='bbox 605 2134 679 2159; x_wconf 89' lang='lat' dir='ltr'>dent</span> <span class='ocrx_word' id='word_1_382' title='bbox 700 2141 823 2167; x_wconf 83' lang='lat' dir='ltr'>operam</span> <span class='ocrx_word' id='word_1_383' title='bbox 844 2135 998 2160; x_wconf 71' lang='lat' dir='ltr'>curandae</span> <span class='ocrx_word' id='word_1_384' title='bbox 1018 2135 1185 2161; x_wconf 67' lang='lat' dir='ltr'>Bauaricaa</span> <span class='ocrx_word' id='word_1_385' title='bbox 1203 2137 1304 2165; x_wconf 73' lang='lat' dir='ltr'>messi.</span> <span class='ocrx_word' id='word_1_386' title='bbox 1325 2137 1467 2162; x_wconf 84' lang='lat' dir='ltr'>nimirum</span> <span class='ocrx_word' id='word_1_387' title='bbox 1489 2137 1522 2162; x_wconf 85' lang='lat' dir='ltr'>ut</span> <span class='ocrx_word' id='word_1_388' title='bbox 1543 2135 1732 2162; x_wconf 80' lang='lat' dir='ltr'>Catholicum</span> <span class='ocrx_word' id='word_1_389' title='bbox 1751 2135 1831 2161; x_wconf 92' lang='lat' dir='ltr'>hunc</span> <span class='ocrx_word' id='word_1_390' title='bbox 1851 2142 1975 2167; x_wconf 80' lang='lat' dir='ltr'>gregem</span> 
     </span>
     <span class='ocr_line' id='line_1_35' title="bbox 196 2174 1975 2211; baseline 0.002 -12"><span class='ocrx_word' id='word_1_391' title='bbox 196 2174 227 2199; x_wconf 92' lang='lat' dir='ltr'>in</span> <span class='ocrx_word' id='word_1_392' title='bbox 248 2181 354 2200; x_wconf 86' lang='lat' dir='ltr'>ueram</span> <span class='ocrx_word' id='word_1_393' title='bbox 375 2175 520 2207; x_wconf 85' lang='lat' dir='ltr'>pietatem</span> <span class='ocrx_word' id='word_1_394' title='bbox 542 2175 732 2205; x_wconf 83' lang='lat' dir='ltr'>confirment,</span> <span class='ocrx_word' id='word_1_395' title='bbox 759 2177 791 2201; x_wconf 82' lang='lat' dir='ltr'>et</span> <span class='ocrx_word' id='word_1_396' title='bbox 810 2177 918 2202; x_wconf 83' lang='lat' dir='ltr'>contra</span> <span class='ocrx_word' id='word_1_397' title='bbox 938 2177 1026 2209; x_wconf 88' lang='lat' dir='ltr'>lupos</span> <span class='ocrx_word' id='word_1_398' title='bbox 1053 2176 1248 2203; x_wconf 84' lang='lat' dir='ltr'>imminentes</span> <span class='ocrx_word' id='word_1_399' title='bbox 1268 2178 1406 2210; x_wconf 80' lang='lat' dir='ltr'>uigilent,</span> <span class='ocrx_word' id='word_1_400' title='bbox 1433 2178 1584 2211; x_wconf 84' lang='lat' dir='ltr'>simulque</span> <span class='ocrx_word' id='word_1_401' title='bbox 1607 2177 1754 2204; x_wconf 86' lang='lat' dir='ltr'>morbidis</span> <span class='ocrx_word' id='word_1_402' title='bbox 1775 2177 1884 2203; x_wconf 91' lang='lat' dir='ltr'>ouibus</span> <span class='ocrx_word' id='word_1_403' title='bbox 1905 2184 1975 2202; x_wconf 88' lang='lat' dir='ltr'>con-</span> 
     </span>
     <span class='ocr_line' id='line_1_36' title="bbox 196 2214 1976 2252; baseline 0.001 -11"><span class='ocrx_word' id='word_1_404' title='bbox 196 2214 308 2245; x_wconf 78' lang='lat' dir='ltr'>sulant,</span> <span class='ocrx_word' id='word_1_405' title='bbox 330 2216 442 2249; x_wconf 89' lang='lat' dir='ltr'>quibus</span> <span class='ocrx_word' id='word_1_406' title='bbox 463 2217 562 2242; x_wconf 82' lang='lat' dir='ltr'>uicina</span> <span class='ocrx_word' id='word_1_407' title='bbox 583 2219 648 2243; x_wconf 87' lang='lat' dir='ltr'>lues</span> <span class='ocrx_word' id='word_1_408' title='bbox 668 2217 783 2250; x_wconf 83' lang='lat' dir='ltr'>aliquid</span> <span class='ocrx_word' id='word_1_409' title='bbox 805 2218 998 2250; x_wconf 78' lang='lat' dir='ltr'>contagionis</span> <span class='ocrx_word' id='word_1_410' title='bbox 1018 2219 1143 2245; x_wconf 74' lang='lat' dir='ltr'>amauit.</span> <span class='ocrx_word' id='word_1_411' title='bbox 1173 2221 1252 2244; x_wconf 68' lang='lat' dir='ltr'>Haec</span> <span class='ocrx_word' id='word_1_412' title='bbox 1271 2223 1367 2245; x_wconf 78' lang='lat' dir='ltr'>autem</span> <span class='ocrx_word' id='word_1_413' title='bbox 1383 2222 1452 2245; x_wconf 77' lang='lat' dir='ltr'>Can.</span> <span class='ocrx_word' id='word_1_414' title='bbox 1469 2221 1557 2245; x_wconf 77' lang='lat' dir='ltr'>semel</span> <span class='ocrx_word' id='word_1_415' title='bbox 1577 2223 1662 2252; x_wconf 77' lang='lat' dir='ltr'>utque</span> <span class='ocrx_word' id='word_1_416' title='bbox 1684 2221 1788 2244; x_wconf 74' lang='lat' dir='ltr'>iterum</span> <span class='ocrx_word' id='word_1_417' title='bbox 1812 2220 1976 2244; x_wconf 77' lang='lat' dir='ltr'>immutarit</span> 
     </span>
     <span class='ocr_line' id='line_1_37' title="bbox 196 2258 1259 2292; baseline 0.005 -11"><span class='ocrx_word' id='word_1_418' title='bbox 196 2261 224 2282; x_wconf 67' lang='lat' dir='ltr'>et</span> <span class='ocrx_word' id='word_1_419' title='bbox 246 2259 335 2282; x_wconf 76' lang='lat' dir='ltr'>tertia</span> <span class='ocrx_word' id='word_1_420' title='bbox 356 2258 470 2283; x_wconf 72' lang='lat' dir='ltr'>demum</span> <span class='ocrx_word' id='word_1_421' title='bbox 491 2260 667 2284; x_wconf 75' lang='lat' dir='ltr'>correctione</span> <span class='ocrx_word' id='word_1_422' title='bbox 691 2260 730 2284; x_wconf 81' lang='lat' dir='ltr'>ila</span> <span class='ocrx_word' id='word_1_423' title='bbox 751 2261 881 2291; x_wconf 68' lang='lat' dir='ltr'>scripsit,</span> <span class='ocrx_word' id='word_1_424' title='bbox 902 2263 933 2285; x_wconf 79' lang='lat' dir='ltr'>ut</span> <span class='ocrx_word' id='word_1_425' title='bbox 952 2269 1045 2292; x_wconf 76' lang='lat' dir='ltr'>supra</span> <span class='ocrx_word' id='word_1_426' title='bbox 1065 2265 1135 2285; x_wconf 77' lang='lat' dir='ltr'>sunt</span> <span class='ocrx_word' id='word_1_427' title='bbox 1151 2262 1259 2292; x_wconf 62' lang='lat' dir='ltr'>posita.</span> 
     </span>
    </p>
   </div>
   <div class='ocr_carea' id='block_1_5' title="bbox 191 2380 1977 3174">
    <p class='ocr_par' dir='ltr' id='par_1_7' title="bbox 322 2380 1682 2424">
     <span class='ocr_line' id='line_1_38' title="bbox 322 2380 1682 2424; baseline 0.002 -9"><span class='ocrx_word' id='word_1_428' title='bbox 322 2381 330 2401; x_wconf 89' lang='lat'><em>¹</em></span> <span class='ocrx_word' id='word_1_429' title='bbox 360 2380 414 2415; x_wconf 86' lang='lat' dir='ltr'>Cf.</span> <span class='ocrx_word' id='word_1_430' title='bbox 433 2381 487 2415; x_wconf 90' lang='lat' dir='ltr'>Mt</span> <span class='ocrx_word' id='word_1_431' title='bbox 516 2382 569 2423; x_wconf 89' lang='lat'>16,</span> <span class='ocrx_word' id='word_1_432' title='bbox 600 2383 638 2416; x_wconf 90' lang='grc'>11</span> <span class='ocrx_word' id='word_1_433' title='bbox 673 2381 733 2423; x_wconf 83' lang='grc'>12;</span> <span class='ocrx_word' id='word_1_434' title='bbox 762 2382 821 2416; x_wconf 91' lang='lat' dir='ltr'>Mc</span> <span class='ocrx_word' id='word_1_435' title='bbox 847 2382 1196 2424; x_wconf 80' lang='lat' dir='ltr'>8,15;L012,1;</span> <span class='ocrx_word' id='word_1_436' title='bbox 1228 2384 1342 2418; x_wconf 75' lang='lat'>1001-</span> <span class='ocrx_word' id='word_1_437' title='bbox 1367 2384 1399 2424; x_wconf 93' lang='lat'>5,</span> <span class='ocrx_word' id='word_1_438' title='bbox 1427 2384 1467 2423; x_wconf 86' lang='lat'>6;</span> <span class='ocrx_word' id='word_1_439' title='bbox 1496 2383 1563 2417; x_wconf 88' lang='lat' dir='ltr'>Gal</span> <span class='ocrx_word' id='word_1_440' title='bbox 1591 2384 1622 2424; x_wconf 88' lang='lat'>5,</span> <span class='ocrx_word' id='word_1_441' title='bbox 1649 2384 1682 2418; x_wconf 87' lang='lat'>9.</span> 
     </span>
    </p>

    <p class='ocr_par' dir='ltr' id='par_1_8' title="bbox 191 2434 1977 2954">
     <span class='ocr_line' id='line_1_39' title="bbox 315 2434 1975 2480; baseline 0.001 -12"><span class='ocrx_word' id='word_1_442' title='bbox 315 2434 328 2454; x_wconf 76' lang='lat'><strong>²</strong></span> <span class='ocrx_word' id='word_1_443' title='bbox 355 2434 500 2479; x_wconf 85' lang='lat' dir='ltr'>Optime</span> <span class='ocrx_word' id='word_1_444' title='bbox 539 2435 582 2469; x_wconf 90' lang='lat' dir='ltr'>de</span> <span class='ocrx_word' id='word_1_445' title='bbox 622 2435 770 2470; x_wconf 87' lang='lat' dir='ltr'>Alberto</span> <span class='ocrx_word' id='word_1_446' title='bbox 806 2435 849 2470; x_wconf 88' lang='lat' dir='ltr'>V.</span> <span class='ocrx_word' id='word_1_447' title='bbox 882 2439 1052 2480; x_wconf 58' lang='lat' dir='ltr'>Aloysms</span> <span class='ocrx_word' id='word_1_448' title='bbox 1090 2438 1292 2480; x_wconf 72' lang='lat' dir='ltr'>Knb&#39;pfler:</span> <span class='ocrx_word' id='word_1_449' title='bbox 1333 2437 1404 2479; x_wconf 83' lang='lat' dir='ltr'>„Im</span> <span class='ocrx_word' id='word_1_450' title='bbox 1445 2437 1690 2471; x_wconf 85' lang='lat' dir='ltr'>Bewusstsein</span> <span class='ocrx_word' id='word_1_451' title='bbox 1726 2436 1775 2471; x_wconf 90' lang='lat' dir='ltr'>hl.</span> <span class='ocrx_word' id='word_1_452' title='bbox 1807 2436 1975 2470; x_wconf 83' lang='lat' dir='ltr'>Fiirsten-</span> 
     </span>
     <span class='ocr_line' id='line_1_40' title="bbox 194 2487 1975 2533; baseline 0.001 -12"><span class='ocrx_word' id='word_1_453' title='bbox 194 2487 321 2532; x_wconf 78' lang='lat' dir='ltr'>pflicht</span> <span class='ocrx_word' id='word_1_454' title='bbox 346 2489 418 2522; x_wconf 92' lang='lat' dir='ltr'>und</span> <span class='ocrx_word' id='word_1_455' title='bbox 445 2488 627 2523; x_wconf 85' lang='lat' dir='ltr'>schwerer</span> <span class='ocrx_word' id='word_1_456' title='bbox 648 2488 951 2533; x_wconf 85' lang='lat' dir='ltr'>Verantwortung</span> <span class='ocrx_word' id='word_1_457' title='bbox 978 2501 1052 2523; x_wconf 87' lang='lat' dir='ltr'>war</span> <span class='ocrx_word' id='word_1_458' title='bbox 1078 2490 1154 2524; x_wconf 89' lang='lat' dir='ltr'>sein</span> <span class='ocrx_word' id='word_1_459' title='bbox 1175 2493 1290 2524; x_wconf 83' lang='lat' dir='ltr'>erstes</span> <span class='ocrx_word' id='word_1_460' title='bbox 1309 2490 1469 2531; x_wconf 84' lang='lat' dir='ltr'>Streben,</span> <span class='ocrx_word' id='word_1_461' title='bbox 1497 2491 1576 2524; x_wconf 91' lang='lat' dir='ltr'>dem</span> <span class='ocrx_word' id='word_1_462' title='bbox 1595 2490 1716 2524; x_wconf 88' lang='lat' dir='ltr'>Lande</span> <span class='ocrx_word' id='word_1_463' title='bbox 1735 2491 1782 2524; x_wconf 88' lang='lat' dir='ltr'>im</span> <span class='ocrx_word' id='word_1_464' title='bbox 1802 2490 1975 2523; x_wconf 86' lang='lat' dir='ltr'>Ansturm</span> 
     </span>
     <span class='ocr_line' id='line_1_41' title="bbox 195 2541 1977 2578; baseline 0.001 -4"><span class='ocrx_word' id='word_1_465' title='bbox 195 2541 256 2574; x_wconf 86' lang='lat' dir='ltr'>der</span> <span class='ocrx_word' id='word_1_466' title='bbox 282 2541 357 2574; x_wconf 82' lang='lat' dir='ltr'>Zeit</span> <span class='ocrx_word' id='word_1_467' title='bbox 384 2542 450 2575; x_wconf 89' lang='lat' dir='ltr'>den</span> <span class='ocrx_word' id='word_1_468' title='bbox 478 2541 697 2576; x_wconf 84' lang='lat' dir='ltr'>altererbten</span> <span class='ocrx_word' id='word_1_469' title='bbox 724 2542 976 2577; x_wconf 84' lang='lat' dir='ltr'>katholischen</span> <span class='ocrx_word' id='word_1_470' title='bbox 1004 2542 1167 2578; x_wconf 89' lang='lat' dir='ltr'>Glauben</span> <span class='ocrx_word' id='word_1_471' title='bbox 1194 2556 1237 2578; x_wconf 90' lang='lat' dir='ltr'>zu</span> <span class='ocrx_word' id='word_1_472' title='bbox 1264 2544 1427 2578; x_wconf 86' lang='lat' dir='ltr'>erhalten</span> <span class='ocrx_word' id='word_1_473' title='bbox 1455 2544 1527 2578; x_wconf 89' lang='lat' dir='ltr'>und</span> <span class='ocrx_word' id='word_1_474' title='bbox 1554 2555 1648 2578; x_wconf 88' lang='lat' dir='ltr'>zwar</span> <span class='ocrx_word' id='word_1_475' title='bbox 1674 2543 1849 2577; x_wconf 62' lang='lat' dir='ltr'>zuniichst</span> <span class='ocrx_word' id='word_1_476' title='bbox 1875 2543 1977 2576; x_wconf 85' lang='lat' dir='ltr'>nicht</span> 
     </span>
     <span class='ocr_line' id='line_1_42' title="bbox 194 2594 1974 2641; baseline 0.001 -14"><span class='ocrx_word' id='word_1_477' title='bbox 194 2594 258 2627; x_wconf 79' lang='lat' dir='ltr'>auf</span> <span class='ocrx_word' id='word_1_478' title='bbox 282 2595 360 2628; x_wconf 91' lang='lat' dir='ltr'>dem</span> <span class='ocrx_word' id='word_1_479' title='bbox 381 2595 497 2639; x_wconf 80' lang='lat' dir='ltr'>Wege</span> <span class='ocrx_word' id='word_1_480' title='bbox 524 2596 586 2629; x_wconf 90' lang='lat' dir='ltr'>der</span> <span class='ocrx_word' id='word_1_481' title='bbox 613 2595 766 2637; x_wconf 86' lang='lat' dir='ltr'>Gewalt,</span> <span class='ocrx_word' id='word_1_482' title='bbox 793 2597 948 2630; x_wconf 87' lang='lat' dir='ltr'>sondern</span> <span class='ocrx_word' id='word_1_483' title='bbox 974 2597 1087 2631; x_wconf 84' lang='lat' dir='ltr'>durch</span> <span class='ocrx_word' id='word_1_484' title='bbox 1114 2601 1235 2631; x_wconf 87' lang='lat' dir='ltr'>ernste</span> <span class='ocrx_word' id='word_1_485' title='bbox 1254 2598 1411 2638; x_wconf 83' lang='lat' dir='ltr'>Reform,</span> <span class='ocrx_word' id='word_1_486' title='bbox 1439 2609 1578 2641; x_wconf 79' lang='lat' dir='ltr'>genaue</span> <span class='ocrx_word' id='word_1_487' title='bbox 1599 2597 1878 2639; x_wconf 81' lang='lat' dir='ltr'>Unterweisung</span> <span class='ocrx_word' id='word_1_488' title='bbox 1903 2595 1974 2630; x_wconf 91' lang='lat' dir='ltr'>und</span> 
     </span>
     <span class='ocr_line' id='line_1_43' title="bbox 192 2647 1975 2695; baseline 0.001 -15"><span class='ocrx_word' id='word_1_489' title='bbox 192 2647 367 2681; x_wconf 84' lang='lat' dir='ltr'>heilsame</span> <span class='ocrx_word' id='word_1_490' title='bbox 386 2649 603 2691; x_wconf 83' lang='lat' dir='ltr'>Belelirung.</span> <span class='ocrx_word' id='word_1_491' title='bbox 648 2649 734 2684; x_wconf 85' lang='lat' dir='ltr'>Erst</span> <span class='ocrx_word' id='word_1_492' title='bbox 760 2662 863 2684; x_wconf 91' lang='lat' dir='ltr'>wenn</span> <span class='ocrx_word' id='word_1_493' title='bbox 891 2650 961 2684; x_wconf 88' lang='lat' dir='ltr'>alle</span> <span class='ocrx_word' id='word_1_494' title='bbox 989 2650 1086 2684; x_wconf 83' lang='lat' dir='ltr'>diese</span> <span class='ocrx_word' id='word_1_495' title='bbox 1106 2651 1224 2684; x_wconf 78' lang='lat' dir='ltr'>Mittel</span> <span class='ocrx_word' id='word_1_496' title='bbox 1251 2651 1314 2685; x_wconf 76' lang='lat' dir='ltr'>der</span> <span class='ocrx_word' id='word_1_497' title='bbox 1333 2651 1428 2685; x_wconf 83' lang='lat' dir='ltr'>Giite</span> <span class='ocrx_word' id='word_1_498' title='bbox 1447 2650 1620 2694; x_wconf 86' lang='lat' dir='ltr'>erfolglos</span> <span class='ocrx_word' id='word_1_499' title='bbox 1639 2650 1824 2695; x_wconf 73' lang='lat' dir='ltr'>erschopft</span> <span class='ocrx_word' id='word_1_500' title='bbox 1842 2660 1975 2689; x_wconf 81' lang='lat' dir='ltr'>waren,</span> 
     </span>
     <span class='ocr_line' id='line_1_44' title="bbox 194 2700 1974 2745; baseline 0.001 -12"><span class='ocrx_word' id='word_1_501' title='bbox 194 2700 280 2744; x_wconf 85' lang='lat' dir='ltr'>griff</span> <span class='ocrx_word' id='word_1_502' title='bbox 303 2712 341 2734; x_wconf 92' lang='lat' dir='ltr'>er</span> <span class='ocrx_word' id='word_1_503' title='bbox 367 2701 459 2735; x_wconf 89' lang='lat' dir='ltr'>auch</span> <span class='ocrx_word' id='word_1_504' title='bbox 487 2714 529 2735; x_wconf 89' lang='lat' dir='ltr'>zu</span> <span class='ocrx_word' id='word_1_505' title='bbox 557 2706 698 2736; x_wconf 83' lang='lat' dir='ltr'>ernster</span> <span class='ocrx_word' id='word_1_506' title='bbox 725 2703 844 2737; x_wconf 81' lang='lat' dir='ltr'>Strafe</span> <span class='ocrx_word' id='word_1_507' title='bbox 871 2703 964 2737; x_wconf 85' lang='lat' dir='ltr'>nach</span> <span class='ocrx_word' id='word_1_508' title='bbox 991 2703 1070 2737; x_wconf 86' lang='lat' dir='ltr'>dem</span> <span class='ocrx_word' id='word_1_509' title='bbox 1099 2704 1314 2745; x_wconf 82' lang='lat' dir='ltr'>Grundsatz,</span> <span class='ocrx_word' id='word_1_510' title='bbox 1342 2703 1413 2738; x_wconf 64' lang='lat' dir='ltr'>da&amp;</span> <span class='ocrx_word' id='word_1_511' title='bbox 1440 2705 1496 2738; x_wconf 90' lang='lat' dir='ltr'>ein</span> <span class='ocrx_word' id='word_1_512' title='bbox 1523 2703 1664 2738; x_wconf 87' lang='lat' dir='ltr'>schwer</span> <span class='ocrx_word' id='word_1_513' title='bbox 1689 2703 1855 2737; x_wconf 85' lang='lat' dir='ltr'>Kranker</span> <span class='ocrx_word' id='word_1_514' title='bbox 1882 2702 1974 2736; x_wconf 85' lang='lat' dir='ltr'>auch</span> 
     </span>
     <span class='ocr_line' id='line_1_45' title="bbox 193 2755 1973 2800; baseline 0.001 -13"><span class='ocrx_word' id='word_1_515' title='bbox 193 2766 309 2797; x_wconf 77' lang='lat' dir='ltr'>gegen</span> <span class='ocrx_word' id='word_1_516' title='bbox 336 2755 459 2788; x_wconf 85' lang='lat' dir='ltr'>seinen</span> <span class='ocrx_word' id='word_1_517' title='bbox 482 2755 619 2789; x_wconf 85' lang='lat' dir='ltr'>Willen</span> <span class='ocrx_word' id='word_1_518' title='bbox 647 2768 712 2790; x_wconf 88' lang='lat' dir='ltr'>vor</span> <span class='ocrx_word' id='word_1_519' title='bbox 738 2756 972 2800; x_wconf 68' lang='lat' dir='ltr'>Schiidigung</span> <span class='ocrx_word' id='word_1_520' title='bbox 1007 2757 1169 2791; x_wconf 83' lang='lat' dir='ltr'>bewahrt</span> <span class='ocrx_word' id='word_1_521' title='bbox 1197 2758 1337 2791; x_wconf 89' lang='lat' dir='ltr'>werden</span> <span class='ocrx_word' id='word_1_522' title='bbox 1364 2762 1496 2792; x_wconf 82' lang='lat' dir='ltr'>miisse.</span> <span class='ocrx_word' id='word_1_523' title='bbox 1517 2785 1524 2792; x_wconf 92' lang='lat'><em>.</em></span> <span class='ocrx_word' id='word_1_524' title='bbox 1545 2785 1552 2793; x_wconf 90' lang='lat'><strong>.</strong></span> <span class='ocrx_word' id='word_1_525' title='bbox 1572 2784 1579 2791; x_wconf 93' lang='lat'>.</span> <span class='ocrx_word' id='word_1_526' title='bbox 1621 2757 1900 2791; x_wconf 84' lang='lat' dir='ltr'>Unbestreitbar</span> <span class='ocrx_word' id='word_1_527' title='bbox 1926 2755 1973 2789; x_wconf 88' lang='lat' dir='ltr'>ist</span> 
     </span>
     <span class='ocr_line' id='line_1_46' title="bbox 192 2807 1973 2854; baseline 0.001 -14"><span class='ocrx_word' id='word_1_528' title='bbox 192 2807 366 2841; x_wconf 85' lang='lat' dir='ltr'>Albrecht</span> <span class='ocrx_word' id='word_1_529' title='bbox 392 2807 433 2841; x_wconf 78' lang='lat' dir='ltr'>V.</span> <span class='ocrx_word' id='word_1_530' title='bbox 456 2820 524 2841; x_wconf 87' lang='lat' dir='ltr'>von</span> <span class='ocrx_word' id='word_1_531' title='bbox 553 2809 682 2842; x_wconf 81' lang='lat' dir='ltr'>ssaiern</span> <span class='ocrx_word' id='word_1_532' title='bbox 722 2811 800 2843; x_wconf 91' lang='lat' dir='ltr'>eine</span> <span class='ocrx_word' id='word_1_533' title='bbox 836 2810 898 2844; x_wconf 86' lang='lat' dir='ltr'>der</span> <span class='ocrx_word' id='word_1_534' title='bbox 934 2810 1095 2844; x_wconf 84' lang='lat' dir='ltr'>edelsten</span> <span class='ocrx_word' id='word_1_535' title='bbox 1123 2810 1460 2854; x_wconf 81' lang='lat' dir='ltr'>Fiirstengestalten</span> <span class='ocrx_word' id='word_1_536' title='bbox 1497 2811 1533 2844; x_wconf 91' lang='lat' dir='ltr'>in</span> <span class='ocrx_word' id='word_1_537' title='bbox 1572 2811 1638 2844; x_wconf 88' lang='lat' dir='ltr'>den</span> <span class='ocrx_word' id='word_1_538' title='bbox 1666 2810 1973 2852; x_wconf 79' lang='lat' dir='ltr'>sturmbewegten</span> 
     </span>
     <span class='ocr_line' id='line_1_47' title="bbox 192 2860 1973 2909; baseline 0.002 -17"><span class='ocrx_word' id='word_1_539' title='bbox 192 2860 315 2903; x_wconf 82' lang='lat' dir='ltr'>Tagen</span> <span class='ocrx_word' id='word_1_540' title='bbox 335 2861 397 2894; x_wconf 88' lang='lat' dir='ltr'>der</span> <span class='ocrx_word' id='word_1_541' title='bbox 417 2861 777 2897; x_wconf 80' lang='lat' dir='ltr'>Reformationszeit:</span> <span class='ocrx_word' id='word_1_542' title='bbox 805 2863 870 2897; x_wconf 91' lang='lat' dir='ltr'>Die</span> <span class='ocrx_word' id='word_1_543' title='bbox 889 2863 1206 2907; x_wconf 79' lang='lat' dir='ltr'>Kelehbewegang</span> <span class='ocrx_word' id='word_1_544' title='bbox 1225 2864 1259 2906; x_wconf 85' lang='lat' dir='ltr'>in</span> <span class='ocrx_word' id='word_1_545' title='bbox 1280 2865 1422 2909; x_wconf 84' lang='lat' dir='ltr'>Bayern</span> <span class='ocrx_word' id='word_1_546' title='bbox 1443 2867 1547 2898; x_wconf 87' lang='lat' dir='ltr'>unter</span> <span class='ocrx_word' id='word_1_547' title='bbox 1566 2864 1707 2907; x_wconf 83' lang='lat' dir='ltr'>Herzog</span> <span class='ocrx_word' id='word_1_548' title='bbox 1727 2862 1900 2897; x_wconf 84' lang='lat' dir='ltr'>Albrecht</span> <span class='ocrx_word' id='word_1_549' title='bbox 1918 2862 1973 2902; x_wconf 88' lang='lat' dir='ltr'>V.,</span> 
     </span>
     <span class='ocr_line' id='line_1_48' title="bbox 191 2913 731 2954; baseline 0.006 -8"><span class='ocrx_word' id='word_1_550' title='bbox 191 2913 372 2947; x_wconf 86' lang='lat' dir='ltr'>Miinchen</span> <span class='ocrx_word' id='word_1_551' title='bbox 404 2914 503 2954; x_wconf 74' lang='lat'>1891,</span> <span class='ocrx_word' id='word_1_552' title='bbox 531 2915 731 2950; x_wconf 77' lang='lat'><strong>222—223.</strong></span> 
     </span>
    </p>

    <p class='ocr_par' dir='ltr' id='par_1_9' title="bbox 191 2967 1976 3174">
     <span class='ocr_line' id='line_1_49' title="bbox 313 2967 1976 3013; baseline 0.001 -14"><span class='ocrx_word' id='word_1_553' title='bbox 313 2967 325 2986; x_wconf 76' lang='lat'>³</span> <span class='ocrx_word' id='word_1_554' title='bbox 351 2968 400 3000; x_wconf 92' lang='lat' dir='ltr'>At</span> <span class='ocrx_word' id='word_1_555' title='bbox 427 2967 593 3001; x_wconf 82' lang='lat' dir='ltr'>Canisius</span> <span class='ocrx_word' id='word_1_556' title='bbox 620 2968 881 3012; x_wconf 83' lang='lat' dir='ltr'>Ingolstadium</span> <span class='ocrx_word' id='word_1_557' title='bbox 910 2970 1009 3003; x_wconf 85' lang='lat' dir='ltr'>venit</span> <span class='ocrx_word' id='word_1_558' title='bbox 1036 2971 1071 3003; x_wconf 88' lang='lat' dir='ltr'>et</span> <span class='ocrx_word' id='word_1_559' title='bbox 1106 2969 1325 3013; x_wconf 84' lang='lat' dir='ltr'>theologiam</span> <span class='ocrx_word' id='word_1_560' title='bbox 1362 2970 1396 3003; x_wconf 91' lang='lat' dir='ltr'>in</span> <span class='ocrx_word' id='word_1_561' title='bbox 1433 2969 1670 3004; x_wconf 82' lang='lat' dir='ltr'>universitate</span> <span class='ocrx_word' id='word_1_562' title='bbox 1698 2970 1824 3003; x_wconf 88' lang='lat' dir='ltr'>docere</span> <span class='ocrx_word' id='word_1_563' title='bbox 1856 2968 1976 3012; x_wconf 83' lang='lat' dir='ltr'>coepit</span> 
     </span>
     <span class='ocr_line' id='line_1_50' title="bbox 191 3018 1972 3066; baseline 0.001 -14"><span class='ocrx_word' id='word_1_564' title='bbox 191 3030 238 3052; x_wconf 88' lang='lat' dir='ltr'>m.</span> <span class='ocrx_word' id='word_1_565' title='bbox 256 3018 452 3054; x_wconf 90' lang='lat' dir='ltr'>Novembri</span> <span class='ocrx_word' id='word_1_566' title='bbox 482 3021 571 3055; x_wconf 73' lang='lat'>1549</span> <span class='ocrx_word' id='word_1_567' title='bbox 603 3022 743 3063; x_wconf 62' lang='lat' dir='ltr'>(Caml</span> <span class='ocrx_word' id='word_1_568' title='bbox 771 3023 988 3066; x_wconf 85' lang='lat'>690—691).</span> <span class='ocrx_word' id='word_1_569' title='bbox 1038 3024 1113 3056; x_wconf 87' lang='lat' dir='ltr'>Aut</span> <span class='ocrx_word' id='word_1_570' title='bbox 1139 3023 1250 3066; x_wconf 86' lang='lat' dir='ltr'>igitur</span> <span class='ocrx_word' id='word_1_571' title='bbox 1277 3035 1368 3064; x_wconf 86' lang='lat' dir='ltr'>eum,</span> <span class='ocrx_word' id='word_1_572' title='bbox 1396 3035 1475 3057; x_wconf 87' lang='lat' dir='ltr'>cum</span> <span class='ocrx_word' id='word_1_573' title='bbox 1503 3035 1533 3057; x_wconf 89' lang='lat' dir='ltr'>a.</span> <span class='ocrx_word' id='word_1_574' title='bbox 1556 3024 1645 3057; x_wconf 81' lang='lat'>1577</span> <span class='ocrx_word' id='word_1_575' title='bbox 1673 3022 1762 3056; x_wconf 83' lang='lat' dir='ltr'>haec</span> <span class='ocrx_word' id='word_1_576' title='bbox 1787 3021 1972 3060; x_wconf 82' lang='lat' dir='ltr'>scriberet,</span> 
     </span>
     <span class='ocr_line' id='line_1_51' title="bbox 191 3072 1972 3121; baseline 0.002 -16"><span class='ocrx_word' id='word_1_577' title='bbox 191 3073 362 3106; x_wconf 84' lang='lat' dir='ltr'>memoria</span> <span class='ocrx_word' id='word_1_578' title='bbox 388 3072 528 3115; x_wconf 85' lang='lat' dir='ltr'>fefellit,</span> <span class='ocrx_word' id='word_1_579' title='bbox 556 3077 619 3108; x_wconf 86' lang='lat' dir='ltr'>aut</span> <span class='ocrx_word' id='word_1_580' title='bbox 646 3075 710 3109; x_wconf 84' lang='lat' dir='ltr'>has</span> <span class='ocrx_word' id='word_1_581' title='bbox 737 3075 879 3110; x_wconf 82' lang='lat' dir='ltr'>litteras</span> <span class='ocrx_word' id='word_1_582' title='bbox 899 3076 956 3110; x_wconf 89' lang='lat' dir='ltr'>vel</span> <span class='ocrx_word' id='word_1_583' title='bbox 983 3076 1075 3110; x_wconf 91' lang='lat' dir='ltr'>hanc</span> <span class='ocrx_word' id='word_1_584' title='bbox 1103 3076 1306 3110; x_wconf 80' lang='lat' dir='ltr'>litterarum</span> <span class='ocrx_word' id='word_1_585' title='bbox 1335 3079 1473 3121; x_wconf 83' lang='lat' dir='ltr'>partem</span> <span class='ocrx_word' id='word_1_586' title='bbox 1494 3076 1553 3110; x_wconf 90' lang='lat' dir='ltr'>ille</span> <span class='ocrx_word' id='word_1_587' title='bbox 1573 3077 1643 3111; x_wconf 85' lang='lat' dir='ltr'>iam</span> <span class='ocrx_word' id='word_1_588' title='bbox 1663 3075 1809 3120; x_wconf 85' lang='lat' dir='ltr'>scripsit</span> <span class='ocrx_word' id='word_1_589' title='bbox 1828 3086 1859 3109; x_wconf 85' lang='lat' dir='ltr'>a.</span> <span class='ocrx_word' id='word_1_590' title='bbox 1882 3074 1972 3108; x_wconf 78' lang='lat'>1574</span> 
     </span>
     <span class='ocr_line' id='line_1_52' title="bbox 191 3126 1970 3174; baseline 0.002 -16"><span class='ocrx_word' id='word_1_591' title='bbox 191 3128 347 3159; x_wconf 83' lang='lat' dir='ltr'>exeunte</span> <span class='ocrx_word' id='word_1_592' title='bbox 375 3126 431 3160; x_wconf 87' lang='lat' dir='ltr'>vel</span> <span class='ocrx_word' id='word_1_593' title='bbox 459 3138 489 3161; x_wconf 83' lang='lat' dir='ltr'>a.</span> <span class='ocrx_word' id='word_1_594' title='bbox 522 3128 610 3162; x_wconf 88' lang='lat'>1575</span> <span class='ocrx_word' id='word_1_595' title='bbox 647 3131 729 3163; x_wconf 86' lang='lat' dir='ltr'>ante</span> <span class='ocrx_word' id='word_1_596' title='bbox 756 3141 802 3164; x_wconf 89' lang='lat' dir='ltr'>m.</span> <span class='ocrx_word' id='word_1_597' title='bbox 822 3129 1082 3169; x_wconf 87' lang='lat' dir='ltr'>Novembrem;</span> <span class='ocrx_word' id='word_1_598' title='bbox 1121 3132 1230 3173; x_wconf 82' lang='lat' dir='ltr'>atque</span> <span class='ocrx_word' id='word_1_599' title='bbox 1257 3129 1323 3164; x_wconf 87' lang='lat' dir='ltr'>hoc</span> <span class='ocrx_word' id='word_1_600' title='bbox 1351 3130 1437 3164; x_wconf 88' lang='lat' dir='ltr'>mihi</span> <span class='ocrx_word' id='word_1_601' title='bbox 1465 3130 1609 3174; x_wconf 89' lang='lat' dir='ltr'>quidem</span> <span class='ocrx_word' id='word_1_602' title='bbox 1636 3129 1753 3173; x_wconf 78' lang='lat' dir='ltr'>magis</span> <span class='ocrx_word' id='word_1_603' title='bbox 1780 3128 1970 3173; x_wconf 80' lang='lat' dir='ltr'>probatur:</span> 
     </span>
    </p>
   </div>
   <div class='ocr_carea' id='block_1_6' title="bbox 1998 0 2051 3085">
    <p class='ocr_par' dir='ltr' id='par_1_10' title="bbox 1998 0 2051 3085">
     <span class='ocr_line' id='line_1_53' title="bbox 1998 0 2051 3085; baseline 0 0"><span class='ocrx_word' id='word_1_604' title='bbox 1998 0 2051 3085; x_wconf 95' lang='lat' dir='ltr'> </span> 
     </span>
    </p>
   </div>
  </div>
 </body>
</html>
