2062 3443
374 162 573 207 Oeniponte
598 160 692 194 inter
718 158 908 193 exeuntem
935 166 967 189 a.
988 152 1078 188 1573
1105 154 1141 186 et
1166 150 1321 186 medium
1348 161 1379 184 a.
1401 149 1501 183 1576.

153 281 394 316 Ribadenee‘ra
422 279 513 313 1572
523 290 534 310 .-

70 352 177 388 animi
204 349 389 391 modestia,
425 350 533 392 atquc
559 345 621 380 hu-

70 405 224 441 militate
243 403 416 438 eximius:
443 400 621 444 Tergesti-

68 460 177 494 num¹
235 456 490 502 Episcopatum
548 456 622 487 tam

67 512 228 556 grauiter
264 509 486 553 firmiterque
522 518 622 551 repu-

69 565 192 607 diauit,
231 566 269 598 ut
308 562 439 597 multos
477 561 553 595 dies
588 559 622 593 in

70 619 237 654 continuo
255 628 344 663 pene
362 616 462 650 luctu
480 614 623 654 iaceret,

68 672 159 717 quod
174 671 274 706 illum
294 670 451 713 effugere
465 680 503 702 se
518 678 622 712 posse

69 725 259 760 diffideret.

648 1362 789 1397 iteras
830 1357 1033 1406 professus
1076 1358 1157 1399 est,
1197 1357 1237 1391 et

857 273 930 306 Can
938 272 1024 304 isius
1035 282 1046 303 .-

676 345 818 394 ijciam.
893 343 940 380 Js
982 341 1147 392 primum
1188 339 1228 376 in

679 402 925 442 Germanicis
955 400 1134 449 Comitijs
1164 401 1227 437 bo-

677 476 766 500 nam
797 466 836 501 et
856 461 990 500 utilem
1020 472 1138 509 saepe
1159 459 1229 496 Ec-

679 523 822 560 clesiae
843 534 999 571 operam
1021 518 1184 557 nauauit
1198 520 1228 563 ‘²;

678 586 718 620 et
729 582 829 632 apud
846 582 1054 629 Magnates
1078 578 1230 627 quidem

678 642 802 679 ualuit
832 640 1051 690 plurimum,
1085 637 1231 675 multis-

677 714 751 749 que
772 700 886 738 annis
910 699 1121 737 Otthonem
1142 698 1231 735 Car-

678 760 845 797 dinalem
858 762 896 797 et
908 759 1143 808 Episcopum
1156 757 1232 794 Au-

680 824 892 868 gustanum
920 822 981 856 est
1010 816 1232 855 comitatus.

678 880 724 917 Js
794 877 1037 916 Wormatiae
1101 888 1233 913 coram

678 939 785 987 Rege
835 938 1099 976 Romanorum
1147 948 1233 973 cum

678 999 862 1047 frequens
883 1000 989 1035 esset
1015 999 1233 1034 conuentus
1258 1003 1259 1014 ¹

679 1058 867 1107 Jmperij,
933 1069 1078 1104 magna
1147 1068 1233 1092 cum

679 1118 793 1156 laude
834 1117 909 1155 fuit
953 1116 1099 1154 Jtalice
1147 1127 1234 1152 con·
1258 1121 1260 1162 ζ

681 1178 873 1215 cionatus.
921 1176 968 1214 Js
991 1174 1235 1224 Ratisponae
1259 1205 1260 1208 ,

680 1251 766 1275 cum
776 1235 1086 1285 Archiepiscopo
1100 1235 1235 1272 Arma-

681 1302 804 1335 cano³
825 1309 942 1334 caeco
956 1298 969 1316 ¹³
983 1298 996 1317 ³
1018 1308 1154 1332 sacras
1174 1294 1235 1331 lit·
1260 1318 1261 1324 η

680 1417 773 1454 hinc
803 1417 851 1453 ab
872 1414 1083 1453 haereticis
1104 1414 1236 1451 iussus

683 1476 892 1515 Ciuitatem
913 1474 1032 1513 exire.
1066 1475 1105 1511 Is
1128 1486 1236 1523 prae-

683 1537 787 1574 clare
835 1548 877 1573 se
918 1534 1043 1583 gessit
1071 1534 1110 1571 in
1141 1533 1264 1601 Syn-J

683 1597 756 1634 odo
771 1600 781 1613 ⁰
849 1594 1079 1632 Tridentina
1155 1606 1238 1642 per·
1262 1603 1264 1622 1

683 1669 798 1705 quam
811 1654 1017 1692 familiaris
1034 1657 1117 1691 tum
1132 1652 1238 1690 Chri·
1263 1665 1264 1707 ᾗ

685 1715 872 1764 stophoro
889 1717 901 1736 ⁴
930 1712 1128 1751 Cardinali
1158 1713 1240 1750 Tri·
1263 1712 1264 1757 ᾗ

686 1774 856 1819 (lentim,
888 1777 968 1811 tum
991 1773 1080 1822 alijs
1107 1772 1240 1810 multis
1264 1793 1265 1837 1

684 1833 892 1884 Episcopis
912 1836 1029 1881 atque
1049 1832 1239 1880 magnati·
1264 1839 1266 1913 ,

685 1896 769 1940 bus,
783 1893 886 1931 sicut
898 1892 1014 1930 etiam
1030 1892 1069 1929 in
1083 1891 1239 1929 Germa·
1264 1934 1265 1938 Ἰ

653 1970 655 1983 ·
686 1953 751 1991 nia
779 1955 827 1991 ob
851 1965 980 1990 raram
1009 1951 1241 1989 modestiam

687 2017 726 2051 et
773 2013 1013 2061 singularem
1054 2011 1267 2061 pietatem*

654 2087 656 2099 ·
686 2071 952 2122 magnamsibi
964 2071 1131 2119 gratiam
1142 2083 1241 2108 com·
1266 2112 1267 2126 χ

689 2131 846 2183 parauit
890 2131 991 2181 apud
1030 2129 1241 2167 Ferdinan-
1266 2135 1267 2167 ὴ

692 2193 780 2230 dum
801 2192 949 2240 Regem
979 2193 1017 2228 et
1037 2193 1242 2238 utrumque

688 2251 885 2289 Bauariae
916 2251 1064 2288 Ducem
1086 2248 1242 2287 Guiliel-
1267 2238 1268 2287 i

688 2324 790 2349 mum
811 2314 851 2348 et
870 2310 1075 2347 Albertum
1090 2311 1114 2354 ⁵,
1135 2309 1243 2346 Mau·
1267 2296 1268 2303 ἵ

688 2370 847 2409 ritium⁴⁵
901 2369 1138 2419 Episcopum
1183 2367 1243 2405 Ei·
1268 2369 1269 2420 ᾗ

690 2433 958 2468 stettensemd.
1001 2428 1048 2465 Js
1079 2426 1269 2481 denique}

657 2529 659 2537 ¹
689 2489 861 2528 tertiana
889 2488 997 2526 febre
1025 2490 1244 2536 correptus,
1268 2484 1269 2529 i

1363 266 1602 300 Ribadeneira
1633 264 1723 297 1586
1733 275 1744 295 .-

1744 148 1825 189 267

200 2598 227 2628 a)
248 2598 281 2621 Ιη
303 2597 410 2622 «rc-het.
432 2596 538 2627 ιρικςιιί,
558 2596 608 2628 qui
629 2595 748 2626 incipit:
767 2593 857 2619 laude
877 2596 903 2618 et
924 2592 1118 2617 terminatur:
1144 2591 1324 2617 Armacano.
1345 2597 1419 2614 crux
1441 2589 1471 2613 in
1491 2588 1623 2620 nmryine
1643 2586 1779 2619 apposita
1800 2590 1851 2610 est.

82 2637 112 2671 b)
133 2639 271 2671 Sequitur
289 2639 351 2672 qui,
371 2639 460 2663 oblite.

82 2681 157 2712 qnod
177 2682 210 2706 E.
230 2681 401 2713 scripserat.

534 2638 560 2670 c)
582 2638 721 2669 Sequitur
741 2634 928 2665 Florentina,
947 2634 1037 2658 ablat.

207 2795 216 2815 ¹
242 2794 426 2838 Tergeste,
453 2793 604 2833 Trieste,
630 2791 760 2832 'l'riest,
786 2790 872 2825 urbs
898 2789 1003 2832 regni
1029 2786 1152 2826 italici,

203 2848 217 2869 ²
241 2848 400 2883 Maxime
426 2847 462 2881 in
488 2846 644 2881 comitiis
669 2844 808 2889 imperii
838 2843 1043 2878 Vormatiae
1072 2841 1160 2875 1545
1189 2842 1226 2874 et
1251 2840 1438 2884 Augustae
1467 2836 1736 2873 vindelicorum
1766 2835 1856 2870 1550

84 2901 217 2937 habitis
243 2904 280 2936 et
305 2902 340 2935 in
366 2900 503 2947 synodo
529 2898 742 2945 provinciali
769 2896 970 2939 Salisburgi
996 2907 1028 2930 a.
1047 2895 1136 2929 1544
1161 2893 1296 2928 habita.

207 2956 219 2977 ⁸
245 2955 401 2990 Roberto
428 2953 602 2998 Vauchop
629 2953 707 2987 sive
734 2950 923 2995 Wauchop
950 2948 1218 2993 archiepiscopo
1245 2945 1462 2981 armachano
1491 2943 1696 2989 (Armagh).

207 3010 219 3030 ⁴
245 3008 437 3043 Madrutio.

583 3007 596 3026 ⁵
623 3005 856 3040 Guilielmum
882 3003 943 3038 IV.
963 3005 999 3037 et
1025 3002 1214 3036 Albertum
1242 2999 1285 3036 V.

1113 2632 1144 2664 d)
1165 2633 1212 2657 Sic
1233 2634 1261 2657 C.
1283 2632 1345 2664 ipse
1365 2631 1484 2662 scripsit
1508 2638 1565 2662 pro
1585 2626 1854 2657 Eiehstettensem,

42 3102 46 3105 ,
206 3063 219 3083 ⁶
245 3062 299 3096 Ab
326 3062 475 3095 Hutten.
518 3060 570 3094 De
595 3059 670 3093 Iaio
697 3058 742 3094 cf.
761 3057 891 3093 librum
922 3054 1126 3101 „Epistolae
1153 3054 1225 3088 PP.
1243 3054 1412 3089 Pashastt·
1436 3052 1570 3096 Broeti,
1600 3051 1747 3085 Claudii
1766 3050 1857 3091 Jaji,

88 3117 237 3150 Ioannis
265 3116 417 3150 Codurii
442 3116 479 3148 et
504 3114 661 3148 Simonis
678 3112 892 3151 Rodericii‘‚
919 3108 1059 3144 Matriti
1086 3107 1188 3149 1903,
1214 3107 1425 3147 270-403;
1455 3104 1667 3141 Can.1120
1696 3102 1762 3137 159
1789 3101 1857 3137 332

89 3169 157 3204 343
184 3168 372 3205 359—360
396 3168 485 3208 406;
514 3167 631 3210 Duhr,
657 3167 731 3201 Jes.
752 3165 767 3199 1
795 3164 945 3200 16—24.
