2051 3433
186 140 269 181 780
954 138 1048 173 Mon.
1076 139 1177 174 1219.

183 255 297 299 ceptis
323 257 444 289 tamen
472 254 645 289 eiusmodi
672 255 783 294 libris,
810 255 870 298 qui
900 255 955 289 uel
984 256 1054 289 iam
1074 256 1267 300 expurgati
1287 259 1419 297 essent,
1446 258 1561 291 autin
1581 260 1764 302 posterum
1783 270 1959 303 expurga-

182 311 317 342 rentur.
369 308 513 353 Virgilij
549 319 634 342 uero
662 308 830 352 Priapeia
865 310 901 342 et
936 308 1008 342 alia
1045 308 1220 343 eiusmodi
1258 308 1520 354 epigrammata
1556 310 1767 345 aboleantur
1801 323 1958 356 prorsus.

184 362 325 406 Reliqui
353 373 475 395 omnes
492 361 572 395 libri
593 372 806 406 quocunque
826 361 994 396 idiomate
1014 362 1220 407 conscripti,
1246 363 1324 397 siue
1352 363 1520 404 carmine,
1547 364 1626 398 siue
1653 364 1770 398 soluta
1789 365 1960 408 oratione,

183 427 275 459 quae
301 415 475 449 amatoria
495 418 531 448 et
548 415 688 459 impura
715 415 908 456 continent,
936 415 1069 449 nemini
1098 427 1245 460 prorsus
1272 416 1524 451 concedantur.
1562 419 1615 451 Ac
1634 429 1713 452 cum
1741 418 1848 452 etiam
1868 418 1962 452 inter

182 469 377 514 scriptores
411 468 582 502 librorum
619 468 874 512 spiritualium,
909 468 994 503 licet
1020 468 1079 513 pij,
1117 469 1356 510 inueniantur,
1394 470 1455 513 qui
1490 470 1648 504 instituti
1684 471 1797 506 nostri
1830 465 1961 505 rationi

182 522 300 556 minus
326 522 493 556 uidentur
519 528 760 565 congruerea:
796 525 987 566 propterea
1013 534 1081 556 non
1110 523 1364 567 permittentur
1390 523 1525 567 passim
1553 527 1589 557 et
1614 525 1692 558 sine
1718 524 1871 565 delectu,
1898 525 1961 559 sed

183 587 224 610 ea
249 579 401 616 tantum,
438 587 509 619 qua
543 576 709 620 superius
745 575 880 609 dictum
917 578 973 609 est
1008 576 1157 616 ratione,
1193 576 1320 620 quales
1355 579 1440 610 sunt
1466 576 1667 618 Taulerius,
1704 577 1960 619 Rusbrochius,

183 628 360 663 Henricus
396 629 495 668 suso,
532 628 720 670 Rosetum,
757 629 936 663 Henricus
972 628 1080 674 Herp,
1116 630 1188 663 Ars
1222 630 1404 663 seruiendi
1440 630 1524 672 Deo,
1562 630 1786 665 Raimundus
1822 630 1960 672 Lullus,

183 682 372 717 Gertrudis
399 685 435 716 et
465 682 646 716 Mectildis
672 694 780 726 opera
807 685 842 716 et
869 682 939 716 alia
966 682 1182 717 huiusmodi.
1233 683 1331 717 Nihil
1357 695 1442 718 uero
1469 683 1595 717 horum
1625 684 1793 719 librorum
1821 684 1961 729 uspiam

182 739 346 770 seruetur
373 736 407 770 in
434 737 566 770 nostris
594 735 777 781 Collegijs,
812 736 881 769 nisi
909 748 953 770 ex
981 736 1019 771 P.
1048 736 1284 770 Prouincialis
1311 737 1502 778 sententia,
1539 738 1641 772 cuius
1678 738 1745 772 erit
1771 738 1962 772 decernere

182 789 338 833 quinam,
367 792 402 823 et
428 789 463 822 in
490 790 620 833 quibus
648 789 735 823 locis
763 791 931 823 seruandi
958 789 1041 829 sint,
1073 800 1209 833 quosue
1236 802 1280 824 ex
1308 790 1352 835 ijs
1378 790 1481 824 libris
1508 790 1681 825 Rectores
1707 791 1782 825 suis
1808 791 1965 825 subditis

181 842 352 885 legendos
388 843 596 887 permittere
623 843 787 877 debeant.
839 843 965 887 Neque
991 846 1112 877 tamen
1148 843 1360 888 permittent
1385 855 1489 878 usum
1521 843 1649 878 horum
1674 844 1858 885 librorum,
1893 844 1963 878 nisi

182 908 244 940 pro
271 908 312 930 eo
338 900 498 941 tempore
534 896 627 940 quod
662 896 907 930 necessarium
946 896 1166 931 iudicabunt.
1218 895 1285 937 Qui
1313 899 1432 931 autem
1469 898 1550 932 libri
1577 897 1759 941 aliquibus
1785 910 1804 932 e
1829 897 1964 932 nostris

182 950 446 993 permittentur,
473 961 542 983 non
570 949 770 983 habeantur
787 949 822 983 in
842 949 1087 992 Bibliothecis‚
1117 961 1158 984 ac
1176 962 1220 984 ne
1245 950 1288 996 ijs
1309 950 1464 994 quidem,
1491 951 1569 985 siue
1596 951 1749 996 publicis
1776 951 1874 992 locis,
1901 950 1963 985 ubi

182 1002 225 1036 ab
252 1002 333 1048 alijs
360 1003 432 1046 legi
459 1003 609 1048 possint.
661 1002 824 1046 Denique
853 1003 1098 1037 Prouinciales
1124 1015 1189 1038 suo
1225 1005 1386 1048 tempore
1412 1004 1624 1049 Praeposito
1651 1005 1818 1040 Generali
1853 1004 1962 1047 signi-

181 1056 342 1090 ficabunt
377 1056 521 1100 quinam
558 1056 638 1090 libri
677 1056 845 1100 prohibiti
883 1056 918 1089 in
954 1067 1169 1100 quocunque
1204 1056 1282 1091 loco
1317 1060 1525 1099 seruentur,
1561 1069 1715 1102 quamue
1750 1057 1963 1092 facultatem

182 1108 395 1144 Rectoribus
431 1109 722 1144 concesserint“¹
761 1110 823 1152 (ex
859 1109 1066 1154 apographo
1102 1109 1246 1144 saeculo
1273 1109 1368 1145 XVI.
1396 1111 1432 1144 in
1468 1122 1572 1145 usum
1608 1111 1753 1155 collegii
1788 1110 1964 1154 dilingani

181 1163 334 1207 scripto;
363 1163 446 1197 Cod.
470 1163 518 1205 ,C
547 1163 586 1197 1“
617 1175 650 1207 p.
673 1163 841 1206 14—15).
881 1163 921 1197 In
948 1165 964 1182 *
983 1165 1106 1197 Codice
1132 1164 1243 1207 igitur
1268 1163 1473 1198 litterarum
1501 1168 1537 1198 et
1562 1169 1835 1210 praeceptorum
1862 1165 1964 1198 iussu

181 1217 376 1261 praepositi
411 1217 592 1260 generalis
618 1216 731 1250 Roma
757 1217 793 1250 in
819 1217 941 1251 varias
976 1217 1181 1261 provincias
1217 1217 1408 1251 missarum
1445 1221 1608 1252 notatum
1636 1222 1710 1252 est:
1754 1218 1878 1260 „1575.
1898 1245 1904 1252 .
1926 1245 1933 1252 .
1954 1244 1961 1250 .

183 1269 240 1303 Gli
267 1270 379 1304 ordini
407 1282 513 1314 sopra
539 1270 572 1303 le
599 1281 681 1304 cose
708 1269 772 1304 che
799 1270 829 1304 si
856 1270 926 1304 han
954 1271 998 1304 ad
1026 1282 1214 1305 osseruare
1241 1271 1336 1305 circa
1362 1271 1373 1304 i
1399 1271 1481 1305 libri
1508 1271 1678 1315 prohibiti
1706 1298 1713 1306 .
1735 1300 1740 1305 .
1762 1299 1789 1312 .,
1819 1272 1849 1305 si
1876 1282 1965 1305 sono

181 1323 339 1357 mandati
366 1335 431 1368 per
456 1325 552 1357 tutta
572 1324 765 1358 Germania
793 1327 828 1357 et
847 1324 1018 1358 Francia⁴‘
1051 1324 1162 1367 (Hist.
1182 1324 1259 1358 Soc.
1279 1325 1335 1365 42,
1367 1323 1528 1367 „Diuersi
1555 1325 1704 1366 ordini“‚
1732 1326 1766 1359 in
1786 1337 1819 1360 a.
1840 1324 1963 1367 1575).

183 1376 299 1418 Quare
327 1379 454 1411 mirum
482 1389 551 1411 non
578 1380 643 1418 est,
671 1377 853 1411 Canisiuin
882 1380 1036 1411 exeunte
1063 1390 1094 1413 a.
1117 1379 1207 1412 1577
1235 1378 1369 1412 litteris
1397 1377 1579 1413 Coloniam
1606 1379 1729 1412 missis
1756 1390 1777 1413 a
1800 1378 1838 1412 P.
1857 1378 1951 1412 Fran

183 1432 277 1465 cisco
305 1431 462 1472 Costero,
499 1435 537 1465 ut
573 1431 686 1465 Sociis
714 1431 929 1465 Germaniae
964 1432 1159 1477 superioris
1190 1432 1368 1474 „Iudicem
1395 1433 1711 1477 expurgatorium“
1742 1431 1966 1476 Antverpiae

182 1497 355 1519 excusum
383 1485 598 1518 mittendum
625 1488 778 1526 curaret,
815 1485 951 1530 petisse
981 1487 1030 1528 (v.
1058 1496 1168 1529 supra
1194 1497 1228 1530 p.
1246 1485 1354 1527 423);
1391 1485 1605 1531 praesertim
1636 1497 1715 1520 cum
1743 1485 1830 1519 Pius
1858 1484 1900 1520 V.
1928 1487 1964 1519 et

183 1538 380 1582 Gregorius
406 1538 501 1572 XIII.
530 1541 806 1580 concessissent,
845 1541 885 1572 ut
912 1550 1004 1583 quae
1030 1539 1064 1572 in
1093 1539 1214 1573 Indice
1242 1540 1436 1573 tridentino
1473 1540 1689 1584 decretoque
1716 1538 1965 1583 Inquisitionis

182 1592 362 1637 generalis
398 1604 418 1626 a
452 1592 631 1636 theologis
666 1593 947 1626 universitatum
982 1592 1262 1633 catholicarum,
1297 1593 1571 1637 inquisitoribus
1606 1596 1673 1628 etc.
1711 1592 1869 1638 expungi
1904 1592 1963 1626 vel

183 1646 363 1680 emendari
392 1645 616 1686 iubebantur,
645 1657 686 1679 ea
705 1645 798 1680 Socii
817 1657 838 1679 a
857 1646 1073 1690 praepositis
1101 1646 1229 1680 delecti
1249 1646 1285 1680 in
1304 1647 1380 1680 suis
1407 1646 1630 1690 aliorumque
1655 1646 1756 1680 libris
1783 1645 1965 1689 corrigere

183 1705 330 1744 possent
349 1700 525 1743 (Litlerae
544 1699 763 1743 apostolicae
786 1699 989 1739 138—139;
1019 1700 1063 1733 cf.
1087 1701 1174 1734 Can.
1196 1700 1244 1733 VI
1270 1700 1495 1743 269-270);
1524 1700 1654 1744 qulbus
1673 1699 1965 1734 concessionibus

187 1755 238 1788 15.
260 1753 340 1787 Iulii
361 1754 450 1787 1576
478 1765 498 1787 a
526 1753 698 1796 Gregorio
718 1753 813 1787 XIII.
833 1753 922 1787 haec
948 1753 1070 1787 addita
1097 1758 1172 1788 est:
1200 1754 1250 1788 Ut
1273 1754 1367 1788 Socii
1393 1754 1429 1787 in
1455 1754 1556 1788 libris
1583 1754 1828 1798 expurgandis
1854 1753 1963 1787 etiam

188 1807 366 1848 „fidelium
385 1806 710 1841 Scholasticoruni“
733 1819 840 1851 opera
859 1807 909 1840 uti
930 1810 1078 1852 possent
1108 1808 1169 1849 (ex
1187 1819 1310 1852 apogr.
1330 1808 1443 1841 eiusd.
1461 1810 1591 1852 temp.;
1619 1807 1736 1841 Instit.
1760 1807 1825 1842 190
1844 1808 1867 1841 f.
1887 1806 1962 1850 67).

307 1861 343 1894 ln
376 1861 561 1905 provincia
597 1860 708 1903 igitur
735 1859 950 1894 Germaniae
985 1860 1180 1906 superioris
1217 1861 1255 1894 P.
1283 1860 1419 1895 Paulus
1446 1860 1616 1894 Hoffaeus
1651 1860 1883 1905 provincialis
1910 1871 1964 1897 ea.

184 1926 275 1958 quae
294 1914 543 1948 Mercurianus
570 1914 797 1959 praepositus
824 1914 1005 1958 generalis
1025 1915 1067 1948 de
1086 1914 1278 1949 Societatis
1297 1914 1523 1948 bibliothecis
1544 1915 1792 1955 constituerat,
1820 1925 1851 1948 a.
1873 1914 1962 1948 1577

184 1970 219 2001 et
249 1967 339 2001 1578
366 1967 597 2012 exsequenda
623 1968 765 2001 curavit
792 1979 855 2012 per
875 1967 1070 2008 Canisium,
1098 1979 1205 2011 quem
1231 1967 1298 2001 sub
1316 1979 1362 2002 m.
1383 1968 1511 2001 Iulium
1535 1979 1565 2001 a,
1589 1968 1677 2002 1577
1705 1967 1772 2001 sibi
1792 1968 1827 2001 in
1845 1967 1965 2001 officio

184 2021 354 2063 obeundo,
382 2021 558 2065 imprimis
585 2021 620 2054 in
647 2020 811 2064 collegiis
837 2021 1030 2054 visitandis
1060 2021 1341 2064 (1577-1579),
1373 2021 1587 2054 adiunxerat
1613 2021 1748 2054 socium
1778 2020 1828 2063 (v.
1855 2031 1966 2065 supra

184 2088 216 2120 p.
236 2075 335 2118 408).
372 2074 553 2108 Mouachii
579 2074 673 2108 enim
700 2074 735 2107 in
764 2073 981 2108 bibliotheca
1007 2074 1258 2109 universitatis
1285 2076 1407 2109 exstat
1426 2076 1566 2118 Aloysii
1584 2076 1781 2118 Lipomani
1807 2073 1965 2118 episcopi

184 2128 394 2163 veronensis
418 2128 714 2170 „Confirmatione
741 2130 777 2161 et
803 2127 1049 2162 stabilimento
1076 2129 1110 2162 di
1137 2128 1223 2162 tutti
1250 2128 1276 2161 li
1304 2128 1424 2170 dogmi
1451 2128 1618 2162 catholici
1646 2155 1654 2162 .
1674 2155 1681 2162 .
1702 2153 1709 2160 .
1737 2127 1833 2161 nella
1859 2127 1965 2171 quale

184 2182 242 2216 hai
279 2182 602 2216 abondantemente
637 2181 673 2215 la
708 2181 953 2216 confutatione
986 2181 1021 2215 di
1056 2184 1151 2216 tutto
1177 2182 1201 2215 il
1230 2181 1562 2223 Lutheraneshno‘,
1599 2181 1753 2215 Venetia
1782 2181 1892 2222 1553;
1929 2180 1964 2214 in

185 2236 287 2270 cuius
313 2235 395 2269 libri
424 2235 506 2268 folio
533 2235 673 2268 titulari
700 2235 789 2269 haec
817 2238 1012 2269 cernuntur
1038 2235 1108 2269 iam
1136 2235 1219 2269 olim
1247 2236 1402 2280 scripta:
1435 2236 1493 2277 „In
1521 2246 1625 2269 usum
1653 2234 1782 2268 Societ.
1804 2235 1884 2268 lesu
1911 2234 1965 2267 In-

185 2288 375 2333 golstadii'‘
408 2289 459 2330 (in
479 2288 554 2322 folii
581 2291 684 2333 parte
703 2289 918 2333 superiore),
945 2291 980 2322 et
1009 2289 1060 2331 (in
1080 2292 1183 2333 parte
1202 2289 1405 2332 inferiore):
1437 2289 1687 2333 „Approbatus
1711 2299 1732 2322 a
1753 2288 1789 2322 P.
1811 2287 1965 2322 Canisio.

186 2344 295 2376 1577*
322 2342 483 2386 (Ἑν-ἱρᾶν.
500 2344 693 2387 Lanehert,
714 2342 779 2376 Die
799 2342 1050 2376 italienischen
1066 2342 1212 2386 Gegner
1230 2342 1396 2383 Luthers,
1416 2342 1589 2386 Freiburg
1608 2342 1629 2376 i.
1644 2342 1704 2376 ΒΓ.
1722 2341 1823 2379 1912,
1843 2341 1928 2384 571)
1942 2341 1965 2375 ².

309 2419 336 2445 η’)
358 2419 422 2449 Sic;
445 2419 472 2442 in
489 2419 769 2449 ‚‚Ordi›iat1‘nnibns“
787 2426 861 2447 reru,
881 2419 916 2443 «Ie
931 2419 1035 2450 quibus
1056 2419 1137 2449 infra
1159 2419 1282 2445 dicetur.
1302 2419 1348 2443 hic
1367 2419 1445 2444 Iocus
1467 2419 1506 2443 ita
1527 2421 1692 2443 contractus
1707 2421 1765 2442 est:
1785 2416 1970 2450 Spirituales

185 2459 268 2488 item,
290 2459 341 2492 qui
363 2459 433 2485 licet
454 2459 494 2492 pij
516 2459 690 2489 videantur,
711 2459 858 2485 lnstituto
880 2461 987 2485 nostro
1009 2459 1110 2485 minus
1130 2460 1311 2491 congruunt.

307 2555 317 2575 ¹
346 2554 462 2588 Huius
488 2553 731 2588 institutionis
758 2565 842 2598 pars
869 2554 983 2587 maior
1019 2565 1133 2597 eaque
1161 2554 1194 2587 in
1222 2553 1368 2587 brevem
1395 2563 1571 2587 summam
1609 2554 1794 2586 contracta
1822 2554 1966 2596 recepta

185 2610 241 2641 est
267 2608 303 2641 in
333 2606 608 2649 „Ordinationes
636 2606 887 2641 Generalium¹⁶
919 2607 1021 2641 iussu
1049 2607 1350 2650 Congregationis
1376 2606 1558 2649 generalis
1582 2605 1660 2640 Vll.
1687 2617 1708 2640 a
1734 2606 1970 2639 Bernardino

186 2662 226 2693 de
248 2662 392 2703 Angelis
419 2660 610 2695 Societatis
637 2661 831 2695 secretario
858 2672 890 2695 a.
911 2661 1003 2695 1616
1030 2660 1148 2694 editas
1176 2665 1268 2705 (cap.
1292 2660 1323 2701 2,
1350 2672 1384 2693 n.
1407 2661 1454 2702 1),
1481 2659 1540 2693 ubi
1567 2662 1688 2693 tamen
1725 2659 1857 2693 omissa
1883 2662 1967 2693 sunt

186 2714 338 2755 omnino,
376 2725 466 2757 quae
494 2714 536 2748 de
564 2714 704 2748 Erasini
732 2718 768 2748 et
794 2714 899 2748 Vivis
935 2713 1036 2748 libris
1063 2714 1159 2748 dicta
1193 2717 1305 2753 erant,
1343 2725 1458 2757 neque
1493 2713 1684 2757 quisquam
1712 2724 1757 2746 ex
1784 2712 1970 2746 veteribus

186 2766 356 2800 librorum
385 2767 639 2801 obscoenorum
667 2767 876 2801 auctoribus
903 2767 1115 2801 nominatim
1145 2767 1298 2812 ponitur,
1329 2766 1577 2811 „spirituales“
1608 2768 1728 2799 autem
1755 2765 1807 2799 sic
1833 2777 1965 2810 ponun-

186 2822 265 2853 tur:
307 2819 512 2861 „Taum-us,
549 2820 806 2861 Rusbrochius,
841 2820 1027 2864 Harphius
1063 2823 1098 2854 et
1134 2820 1195 2865 alij
1225 2819 1448 2854 huiusmodi‘
1482 2820 1756 2861 (Ordinationes
1781 2818 1965 2863 Praeposi-

188 2876 303 2905 torum
331 2872 581 2913 GeneraHum,
612 2874 834 2918 Antvei·piae
864 2874 974 2913 1635,
1014 2873 1172 2911 17-—18;
1211 2875 1412 2907 lnstftutum
1442 2872 1474 2907 S.
1496 2873 1529 2906 ι1.
1558 2872 1606 2905 111
1644 2872 1742 2914 259).
1794 2871 1967 2905 Maiorem

188 2925 346 2959 eiusdem
368 2926 608 2960 institutionis
636 2930 773 2970 partem
794 2928 1001 2970 germanice
1020 2927 1130 2960 vertit
1151 2928 1216 2961 Fr.
1238 2928 1284 2961 H.
1304 2927 1452 2969 Ιίιίωσῖι,
1480 2926 1650 2968 ΒΘίῐι-ἑὶἕετ
1669 2937 1732 2958 zur
1751 2923 1969 2959 Gesehichte

189 2978 252 3012 des
279 2978 585 3020 Jesuitenordens,
613 2981 793 3014 Mi'mchen
824 2980 924 3019 1894.
952 2980 1152 3014 241—242.
1901 2983 1903 2985 '

309 3032 320 3050 ²
349 3032 526 3066 Lam-hert
558 3033 700 3076 quidem
727 3034 780 3067 sic
806 3034 934 3068 habet:
976 3033 1226 3078 „Approbatus
1253 3044 1273 3066 a
1301 3033 1340 3067 P.
1369 3032 1524 3067 Canisio.
1561 3032 1650 3065 1577
1692 3031 1793 3072 (oder
1822 3031 1966 3073 1575)“.

190 3084 322 3117 Verum
351 3096 429 3117 cuin
459 3085 625 3120 canisius
651 3098 682 3121 a.
709 3087 798 3121 1575
826 3087 1038 3130 lngolstadii
1066 3098 1136 3120 non
1163 3086 1282 3127 fuerit,
1310 3087 1400 3120 satis
1427 3088 1565 3120 certum
1585 3088 1651 3125 est,
1682 3085 1813 3126 „1577“
1845 3083 1969 3126 legen-

190 3137 272 3169 dum
301 3148 391 3170 esse.
