2062 3443
513 162 679 205 Augusta
698 161 965 196 vindelicorum
993 160 1049 194 24.
1071 160 1226 194 Ianuarii
1257 160 1358 195 1578.
1734 162 1817 202 431

49 281 292 337 prouintiae
337 281 492 322 Patres
536 280 577 321 in
621 280 771 322 eadem
814 293 909 321 esse
951 278 1210 320 sententia1.
1277 278 1397 327 Quod
1438 277 1474 319 si
1515 277 1568 318 de
1610 277 1821 330 Apostolo

49 348 179 390 Petro
213 346 339 388 uelim
375 346 535 399 aliquid
570 345 710 396 edere,
755 345 862 387 satis
896 343 1053 385 multos
1096 343 1148 384 de
1181 343 1259 384 hoc
1300 345 1558 396 argumento
1591 344 1820 392 tractasse,

48 427 116 454 me
149 426 232 454 non
266 411 445 453 meliora
478 425 572 452 esse
606 411 822 452 daturum.
887 408 1095 462 Proponit
1137 411 1180 450 et
1213 422 1348 449 nouas
1382 409 1513 460 leges,
1554 420 1664 460 quae
1697 421 1764 449 me
1797 421 1822 448 a

48 477 271 520 scribendo
314 477 533 518 deterrere
567 475 747 529 possint,
791 489 919 528 quum
963 477 1110 516 tamen
1145 473 1241 527 alijs
1284 474 1339 515 ad
1371 473 1646 514 scribendum
1680 472 1824 513 calcar

47 543 206 585 addere
233 542 445 584 uideatur.
500 541 644 594 Atque
677 543 725 582 ut
757 555 782 582 a
814 539 969 593 studijs
1001 538 1202 581 fortassis
1235 552 1302 579 mc
1335 538 1579 587 abstrahat,
1613 537 1655 578 in
1691 537 1822 590 longa

47 607 297 650 uisitatione
310 608 338 656 2,
365 620 474 659 quae
498 620 651 648 nouem
676 606 767 647 fere
791 619 961 646 menses
985 604 1196 654 absumet,
1222 617 1290 644 me
1314 603 1408 645 uult
1431 602 1820 644 circumcursitare.

47 673 168 714 Haec
210 686 360 714 ansam
404 671 506 713 mihi
551 674 792 724 suggerunt
832 670 895 712 ita
937 668 1179 722 cogitandi:
1223 667 1432 717 Quoniam
1475 667 1719 721 Superioris
1760 667 1821 708 tui

47 738 249 779 iudicium
293 740 338 779 et
381 737 583 778 uoluntas
626 750 702 790 pro
745 736 842 788 lege
883 734 1072 789 spectari
1114 748 1164 775 ac
1209 733 1368 787 suscipi
1412 733 1562 783 debet,
1609 731 1823 773 scribendi

48 817 195 844 curam
230 816 398 844 omnem
434 802 584 856 abijce,
629 805 673 844 et
714 801 769 843 ad
811 800 897 842 alia
938 799 1198 854 professioni
1240 801 1342 841 tuae
1384 797 1594 839 uiciniora
1637 800 1681 839 et
1723 811 1823 839 con-

47 867 300 921 gruentiora
342 870 385 910 te
431 870 570 909 totum
606 879 826 920 compone.
891 865 1097 907 Fortasse
1139 878 1232 906 cum
1276 864 1399 906 Pont.
1423 863 1539 905 Max.
1584 876 1654 904 res
1694 862 1825 905 facile

46 933 328 986 transigetur,
364 935 411 975 ut
444 936 624 985 rogatus
657 931 772 973 sinat
803 930 846 972 in
879 930 961 972 hac
994 932 1141 972 aetate
1175 928 1397 981 quiescere
1430 927 1662 977 Canisium,
1697 941 1822 981 prae-

47 998 196 1040 sertim
239 1012 368 1051 quum
411 1000 587 1052 praeter
620 998 664 1039 P.
690 996 947 1038 Turrianum
990 1000 1143 1037 contra
1182 994 1425 1036 haereticos
1467 997 1671 1036 strenue‘*
1702 993 1824 1035 labo-

47 1066 229 1114 rantem,
271 1063 417 1117 plures
458 1063 529 1117 alij
565 1062 802 1116 scriptores
843 1062 971 1114 longe
1013 1060 1229 1102 doctiores
1262 1059 1392 1101 facile
1424 1058 1606 1101 inueniri
1643 1058 1822 1112 possint.

48 1129 206 1171 Fateor
250 1142 390 1170 meam
435 1127 802 1177 imbecillitatem,
851 1128 896 1168 et
937 1125 1025 1168 scio
1075 1139 1170 1167 cum
1216 1124 1296 1166 hac
1340 1124 1576 1178 scriptione
1624 1123 1826 1177 coniungi

47 1193 205 1244 uarias,
240 1197 288 1236 ut
311 1193 504 1243 dicimus,
539 1192 751 1243 miserias,
785 1191 1149 1246 imperfectiones,
1173 1190 1456 1239 tentationes,
1483 1203 1590 1242 quas
1614 1203 1710 1231 cum
1733 1189 1826 1243 ipse

47 1259 126 1300 sim
160 1259 412 1311 frequenter
435 1262 655 1313 expertus
690 1258 878 1300 libenter
909 1256 951 1298 in
977 1255 1122 1298 Patris
1155 1255 1292 1297 nostri
1325 1258 1370 1297 et
1403 1255 1583 1297 aliorum
1608 1253 1826 1297 sententia

48 1324 364 1377 conquiescam,
399 1327 447 1366 ut
480 1324 682 1377 deinceps
715 1323 925 1376 reliquam
960 1324 1152 1364 aetatem
1176 1321 1218 1362 in
1252 1320 1457 1374 religiosa
1479 1320 1760 1374 simplicitate
1782 1322 1827 1361 et

48 1389 231 1444 simplici
264 1389 510 1432 obedientia
532 1388 767 1442 tranquille
791 1401 1057 1437 consumam,
1091 1386 1348 1439 ubicumque
1372 1386 1541 1427 demum
1572 1399 1641 1427 me
1664 1385 1824 1434 uiuere,

48 1457 92 1497 et
124 1455 326 1509 quicquid
358 1455 429 1497 uel
462 1468 613 1508 agere,
649 1454 717 1496 uel
751 1453 966 1495 sustinere
999 1452 1217 1494 uoluerint
1249 1451 1508 1505 superiores.
1562 1451 1728 1491 Horum
1761 1449 1825 1491 iu-

49 1520 157 1562 dicio
191 1520 332 1574 magis
366 1534 494 1573 quam
528 1520 636 1561 meis
668 1519 739 1561 uel
773 1518 998 1572 desiderijs
1031 1517 1100 1559 uel
1133 1516 1491 1571 propensionibus
1525 1515 1714 1557 credam.

168 1592 226 1633 Jn
258 1591 338 1633 hac
372 1605 476 1645 ergo
510 1590 730 1633 sententia.
760 1590 911 1631 firmus
944 1589 1145 1643 persisto,
1180 1590 1225 1630 et
1257 1587 1460 1641 quamdiu
1483 1586 1525 1628 in
1550 1587 1630 1629 hac
1654 1586 1826 1639 quidem

48 1657 268 1711 prouintia
290 1657 510 1707 uersabor,
535 1656 602 1699 etb
623 1670 706 1698 non
731 1655 898 1698 fauebit
921 1654 1062 1708 magis
1092 1654 1136 1696 P.
1157 1653 1451 1702 Prouintialis,
1475 1652 1530 1694 ad
1552 1651 1826 1694 scribendum

49 1722 192 1764 redire
224 1736 308 1764 non
343 1721 480 1776 cupio,
525 1724 568 1764 et
600 1721 788 1763 fortasse
821 1721 934 1762 bona
967 1718 1234 1762 conscientia
1265 1733 1350 1761 non
1384 1718 1531 1761 debeo.
1596 1717 1824 1759 Caeterum

48 1790 96 1829 ut
118 1787 160 1829 in
194 1787 456 1842 prouintiam
480 1787 612 1829 aliam
641 1799 911 1840 quacumque
935 1785 987 1827 de
1010 1798 1142 1827 causa
1163 1784 1421 1834 transferar,
1455 1797 1534 1825 nec
1556 1782 1690 1837 petiui
1724 1781 1826 1823 hac-

46 1856 186 1903 tenus,
230 1867 368 1906 neque
410 1856 555 1907 petam
599 1866 811 1905 unquam,
855 1850 967 1904 quod
1010 1849 1251 1904 perfectam
1298 1849 1570 1891 obedientiae
1611 1847 1825 1890 rationem

46 1918 176 1960 nolim
211 1932 237 1960 a
269 1932 336 1960 me
369 1919 456 1960 ullo
490 1920 618 1972 pacto
651 1917 819 1966 uiolari,
865 1918 941 1958 aut
972 1915 1267 1970 superioribus
1300 1928 1396 1956 esse
1429 1914 1638 1956 molestus
1670 1913 1713 1954 in
1745 1912 1827 1954 hac

46 1987 184 2038 parte.
249 1983 433 2025 Domino
467 1983 656 2025 fortasse
689 1982 827 2024 uisum
863 1985 930 2024 est
962 1995 1031 2023 me
1062 1980 1148 2022 iam
1191 1983 1343 2022 natum
1377 1993 1514 2022 annos
1548 1980 1602 2020 56
1636 1991 1825 2028 monere,

46 2051 94 2092 ut
126 2049 328 2102 colligam
372 2047 503 2101 (quod
547 2048 686 2101 aiunt)
725 2046 940 2096 sarcinas,
985 2048 1030 2088 et
1071 2060 1127 2088 ex
1159 2045 1335 2088 Martha
1376 2046 1475 2086 fiam
1518 2043 1824 2098 Magdalenass,

45 2128 306 2168 meaeque
340 2113 627 2168 disponam
661 2112 883 2162 domui4,
927 2111 1179 2166 priusquam
1214 2124 1269 2152 ex
1301 2110 1383 2152 hoc
1414 2109 1473 2153 sit
1504 2108 1697 2163 hospicio
1721 2108 1826 2150 emi-

46 2180 272 2233 grandum.
336 2179 545 2232 Quicquid
579 2181 724 2221 autem
759 2178 805 2221 P.
830 2178 878 2220 T.
914 2179 966 2219 de
998 2179 1094 2219 tota
1127 2189 1260 2218 causa
1292 2175 1548 2225 decreuerit,
1587 2174 1630 2216 id
1664 2173 1827 2216 oraculi

45 2245 140 2287 loco
174 2244 384 2299 accipiam
418 2244 620 2297 eiusque⁰
651 2243 807 2285 iudicio
840 2257 909 2285 me
942 2256 998 2285 ex
1031 2241 1174 2284 animo
1207 2240 1449 2295 pariturum
1483 2239 1705 2294 promitto,
1745 2239 1827 2280 Dei

46 2311 214 2364 gratias
247 2311 504 2365 opitulante.

164 2381 401 2424 Mittuntur
443 2381 590 2423 decem
629 2379 816 2422 Mariani
860 2379 1003 2434 operis
1045 2378 1247 2432 exempla
1286 2376 1549 2427 desiderata,
1593 2388 1827 2427 eorumque

45 2446 292 2489 distributio
325 2446 383 2490 sit
414 2461 548 2502 penes
580 2446 626 2489 P.
651 2446 702 2489 Τ.
736 2459 864 2498 quam
901 2445 1133 2486 admonere
1166 2457 1249 2484 non
1289 2441 1462 2491 attinet,
1505 2454 1560 2483 an
1595 2440 1828 2482 conueniat

47 2511 239 2554 fortasse
271 2511 415 2554 offerri
457 2526 513 2554 ex
554 2512 621 2553 his
663 2510 824 2563 aliquid
857 2509 1091 2552 Jllustriss.
1127 2507 1303 2550 Cardin:
1339 2507 1512 2553 Sirleto‚
1555 2505 1704 2556 Hosio,
1748 2505 1826 2547 Co-

44 2577 182 2619 mensi
196 2577 224 2627 d,
259 2577 600 2619 Commendono:
635 2578 867 2630 praeterea
899 2575 1096 2616 Romano
1130 2576 1175 2615 et
1209 2571 1467 2615 Germanico
1501 2571 1698 2624 collegio,
1734 2574 1825 2613 tum

45 2642 91 2686 P.
126 2642 381 2690 Salmeroni‚
425 2644 474 2684 ut
514 2642 619 2683 nihil
662 2641 800 2682 dicam
836 2640 888 2682 de
922 2639 1046 2681 Pont.
1082 2639 1199 2680 Max.
1256 2636 1474 2679 Fortassis
1507 2636 1631 2678 Card.
1666 2635 1828 2677 Hosius

43 2707 129 2750 iam
162 2721 286 2749 suum
316 2707 486 2762 accepit
509 2706 769 2760 exemplum,
805 2705 919 2758 quod
943 2705 1051 2746 alias
1084 2703 1193 2745 misi.
1248 2702 1379 2744 Faxit
1411 2701 1607 2744 Christus
1639 2704 1688 2743 ut
1719 2700 1827 2742 haec

163 2805 192 2836 a)
214 2805 362 2830 strennue
383 2808 496 2835 autoyr.
602 2803 632 2835 b)
656 2805 677 2828 A
703 2807 729 2828 τ’.
750 2812 825 2829 corr.
846 2812 882 2828 ex
903 2801 1056 2835 quamdiu.
1149 2803 1175 2831 e)
1197 2801 1338 2831 Sequitur
1360 2807 1383 2823 v.
1404 2807 1420 2823 α
1443 2800 1471 2824 C.
1492 2799 1535 2823 ita
1562 2799 1770 2827 oblitteratum,
1798 2801 1826 2822 u!

46 2847 94 2871 cia:
114 2847 172 2871 iam
201 2847 257 2878 leyi
276 2847 378 2879 possit.
473 2845 503 2874 d)
527 2846 572 2870 lta
593 2846 798 2877 cnrriyemlnm
820 2853 880 2869 esse
901 2853 937 2869 eae
959 2842 1123 2871 Condcnsi‚
1150 2842 1224 2873 quod
1247 2844 1315 2865 Can.
1336 2841 1468 2872 scripsit,
1488 2841 1673 2872 intellegitur
1691 2848 1727 2865 ez
1748 2840 1826 2864 Mer-

43 2888 162 2913 cur-iani
187 2889 297 2912 litteris
319 2890 343 2912 6.
367 2888 528 2912 Februarii
550 2889 620 2911 1:27&
646 2887 735 2917 (latis,
763 2887 791 2911 in
819 2887 924 2918 quibus
945 2886 1084 2910 canisius
1111 2883 1260 2908 cardinali
1281 2882 1449 2915 υθοηιεηδιἭ
1475 2883 1552 2906 hunc
1578 2882 1686 2906 librum
1712 2882 1826 2905 mittet-e

45 2930 142 2954 iussus
161 2933 222 2961 est;
242 2937 266 2954 v.
289 2930 381 2960 infra,
402 2937 444 2960 el).
466 2931 545 2953 2000.

165 3054 176 3074 ¹
203 3051 294 3094 Quid
332 3064 373 3085 ea
400 3052 443 3085 de
469 3064 506 3085 re
542 3051 609 3086 hoc
644 3054 805 3097 tempore
833 3051 1005 3086 Hoffaeus
1042 3051 1077 3083 et
1103 3048 1306 3093 Rosephius
1341 3048 1569 3083 Mereuriano
1603 3047 1827 3092 scripserint.

45 3106 126 3140 vide
153 3105 256 3146 infra,
283 3117 439 3140 monum.
463 3105 566 3140 1225.

164 3159 177 3179 ²
203 3158 294 3192 Vide
320 3169 429 3203 supra
457 3170 489 3203 p.
509 3158 588 3193 419.
737 3159 750 3178 ³
776 3157 830 3192 Cf.
850 3158 898 3191 Lc
928 3157 981 3198 10,
1010 3155 1162 3190 38—42.
1310 3156 1323 3174 ⁴
1349 3154 1386 3189 Is
1412 3154 1468 3197 38,
1498 3155 1528 3189 1.
