2051 3433
182 139 262 179 142
404 135 505 169 1857.
534 134 698 169 Canisius
725 133 820 168 card.
840 132 1018 168 Stanislao
1045 133 1166 167 Hosio.
1211 132 1410 178 Oeniponte
1440 135 1492 168 15.
1512 134 1590 169 Oct.
1612 135 1715 169 1573.

173 258 215 291 de
243 257 414 299 Ecclesia,
442 259 477 291 et
504 257 547 290 de
566 256 859 291 Ordinationibus
877 257 1123 290 Ministrorum
1143 255 1340 290 Ecclesiae.
1382 256 1437 290 Ad
1464 255 1716 292 Reverendiss.
1738 256 1824 292 D.D.
1844 257 1943 292 Ioan-

172 323 251 345 nem
279 311 482 356 Egolphvm
510 310 727 355 Episcopvm
747 311 1034 354 Avgvstanvm.“
1081 309 1240 354 Optabat
1265 312 1384 344 autem
1410 310 1618 352 Turrianns,
1645 314 1686 345 ut
1711 310 1777 345 hoc
1803 322 1945 355 quoque

172 376 260 409 opus
279 364 445 408 Dilingae
471 375 491 397 a
510 363 658 408 Mayero
685 364 933 398 excuderetur.
977 363 1112 397 Verum
1138 362 1196 397 hic
1218 363 1466 397 Maximiliano
1484 363 1527 398 II.
1547 363 1752 408 imperatori
1772 364 1806 397 in
1825 364 1944 398 odium

171 420 338 457 venerat;
368 419 444 462 ipso
471 417 564 451 enim
592 416 658 451 hoc
684 428 776 451 anno
803 416 1001 451 doctissimi
1028 416 1126 450 illius
1152 419 1187 450 et
1213 416 1477 460 religiosissimi
1505 417 1573 450 viri
1593 416 1737 461 Georgii
1764 417 1857 451 Eder
1886 417 1945 459 (de

172 484 240 515 quo
270 473 357 507 Can.
387 471 399 504 Ι
436 470 533 511 667⁷)
569 470 673 504 aulae
709 481 900 504 caesareae
936 469 1130 504 consiliarii
1168 469 1528 514 („Reichsh0frath“)
1570 470 1854 514 „Euangelische
1890 471 1943 505 In-

172 525 341 568 quisition
368 523 524 558 VVahrer
550 523 620 557 und
649 523 808 558 falscher
825 523 991 566 Religion
1011 550 1017 557 .
1040 551 1045 557 .
1068 550 1075 556 .
1102 522 1170 556 Mit
1197 523 1300 556 Rom.
1318 523 1411 568 Kay.
1430 524 1529 568 May.
1549 523 1737 568 Freyheit“
1760 526 1827 558 etc.
1845 524 1944 569 typis

172 578 426 622 exscripserat,
464 577 498 610 in
535 588 604 620 quo
631 576 691 611 ille
718 588 787 610 non
814 576 930 611 solum
966 576 1243 621 protestantium
1270 579 1391 611 errata
1427 579 1462 611 et
1489 577 1578 611 vitia
1612 577 1717 622 plane
1743 578 1945 621 acriterque

172 631 451 671 demonstrabat,
486 630 549 664 sed
587 630 693 664 etiam
725 629 969 672 „Christianos
996 629 1151 664 aulicos“
1182 641 1224 664 ac
1250 630 1451 675 principum
1484 631 1706 665 consiliarios
1731 631 1944 666 vacillantes

172 685 493 728 claudicantesque
511 683 744 718 vehementer
763 683 1068 728 reprehendebat;
1096 683 1129 717 id
1149 683 1240 727 quod
1261 684 1507 718 Maximiliano
1527 697 1567 719 eo
1584 684 1701 727 magis
1720 684 1943 730 displicebat,

171 738 263 782 quod
282 738 373 771 liber
391 737 683 782 approbationem
709 737 993 781 theologicarum
1013 737 1227 771 facultatum
1246 737 1525 772 vindobonensis
1553 741 1588 772 et
1614 738 1818 782 dilinganae
1837 740 1944 782 atque

172 792 279 825 etiam
308 791 539 836 privilegium
565 791 866 835 typographicum
894 790 1008 835 ipsius
1033 791 1261 835 imperatoris
1287 802 1372 835 prae
1398 802 1437 825 se
1463 791 1602 826 ferebat
1619 792 1641 826 ⁹.
1685 790 1803 832 Quare
1828 791 1896 832 hic,
1923 802 1944 825 a

170 845 448 888 protestantium
473 844 653 889 „patronis
672 844 904 885 commotus“,
924 847 964 878 ut
986 846 1126 888 Caspar
1144 846 1352 888 Gropperus
1370 845 1517 879 nuntius
1536 845 1755 890 apostolicus
1773 844 1945 879 cardinali

171 898 335 932 Comensi
361 898 518 942 scripsit,
545 897 661 932 Edero
697 897 773 938 hoc,
809 900 953 942 praeter
979 898 1059 939 alia,
1090 909 1236 940 „severe
1262 899 1480 943 praecepit⁴‘,
1512 901 1552 932 ut
1577 898 1705 932 librum
1737 901 1945 941 „revocaret

171 954 207 985 et
242 951 386 994 singula
426 951 665 996 exemplaria“
708 950 776 985 sibi
816 951 1014 993 „trade1·et“
1056 951 1254 995 (Schwarz,
1292 951 1402 986 Nunt.
1434 952 1539 996 236);
1578 956 1765 996 praeterea
1802 953 1944 986 senatui

169 1008 371 1048 augustano
396 1005 589 1050 praecepit,
626 1007 666 1038 ut
693 1005 760 1040 500
787 1004 869 1039 libri
896 1004 1070 1049 exempla,
1107 1016 1199 1049 quae
1224 1008 1467 1050 superessent,
1494 1005 1638 1040 tolleret
1663 1008 1772 1050 atque
1798 1005 1943 1045 deleret,

170 1062 205 1092 et
231 1059 394 1104 Egolpho
430 1071 450 1093 a
486 1058 695 1101 Kn'oringen
731 1058 898 1103 episcopo
933 1061 1134 1102 augustano
1170 1059 1365 1100 mandavit,
1401 1061 1441 1093 ut
1474 1059 1655 1104 privilegii
1691 1058 1944 1104 typographici

168 1112 310 1146 litteras
345 1124 366 1146 a
401 1113 552 1157 Mayero
588 1112 803 1146 auferendas
839 1113 1006 1146 curaret¹
1044 1112 1271 1155 (Seleellhass,
1307 1112 1415 1146 Nunt.
1444 1113 1494 1146 111
1530 1113 1641 1153 300⁶;
1678 1115 1833 1147 Janssen
1864 1112 1885 1146 l.
1915 1124 1943 1147 c.

170 1164 292 1198 V¹—¹2
316 1166 523 1206 414-417;
553 1167 597 1199 N.
618 1166 765 1209 Paulus,
791 1165 1070 1199 Reichshofrath
1096 1166 1155 1199 Dr.
1177 1165 1297 1209 Georg
1323 1165 1426 1207 Eder,
1454 1166 1490 1199 in
1514 1165 1944 1211 „Histoi-isch-politische

168 1219 327 1253 Blatter“
360 1219 466 1261 CXV,
494 1218 673 1253 Msmchen
703 1219 804 1260 1895,
831 1218 991 1259 81—86;
1024 1220 1060 1253 O.
1082 1220 1128 1253 H.
1148 1220 1302 1262 Hopfen,
1332 1219 1460 1253 Kaiser
1477 1219 1703 1253 Maximilian
1723 1220 1765 1253 II.
1783 1219 1856 1253 und
1883 1219 1944 1253 der

170 1271 690 1317 Kompromisskatholizismus,
710 1272 890 1306 Miinchen
914 1272 1012 1314 1895,
1040 1272 1257 1315 367-374).
1300 1273 1595 1306 Bartholomaeus
1613 1284 1635 1306 a
1657 1274 1779 1307 Fortia
1796 1273 1944 1307 nuntius

169 1326 387 1371 apostolicus
403 1326 602 1371 Oeniponte
622 1324 902 1360 23.''Decembris
919 1326 1008 1360 1573
1028 1325 1201 1360 cardinali
1219 1325 1425 1360 Ptolemaeo
1441 1326 1558 1360 Gallio
1579 1326 1674 1361 notis
1692 1326 1943 1361 secretioribus

168 1380 313 1425 scripsit
340 1380 382 1414 de
409 1379 544 1414 Edero:
576 1379 640 1422 „Di
668 1380 723 1413 cui
750 1379 775 1413 il
801 1379 910 1424 padre
938 1379 1080 1414 Canisio
1107 1379 1183 1413 dice
1211 1379 1341 1413 essersi
1368 1379 1499 1413 uedute
1525 1379 1664 1421 lettere,
1699 1391 1762 1424 per
1787 1380 1820 1414 le
1847 1379 1943 1424 quali

168 1446 236 1467 non
275 1434 305 1468 si
342 1433 504 1468 assicura
539 1433 573 1467 di
608 1445 678 1467 non
714 1433 824 1467 douer
858 1433 993 1467 sentire
1027 1444 1071 1466 ne
1107 1432 1141 1466 la
1179 1444 1332 1478 persona
1370 1432 1403 1467 lo
1438 1433 1573 1477 sdegno
1609 1433 1652 1467 de
1687 1433 1942 1478 l'lmperatore,

169 1487 399 1528 affermando,
435 1487 470 1521 di
505 1486 653 1521 hauerlo
687 1488 838 1532 prouato
873 1486 982 1520 molto
1018 1487 1078 1529 piu
1113 1486 1242 1520 acerbo
1269 1488 1392 1520 contra
1418 1487 1453 1520 di
1479 1489 1527 1527 se,
1563 1487 1607 1520 da
1644 1487 1708 1521 elie
1735 1487 1944 1530 Monsignor

167 1540 300 1575 Nuntio
330 1540 476 1581 Delfino,
513 1542 548 1574 et
574 1540 607 1574 lo
634 1541 906 1574 Ambasciatore
934 1540 967 1574 di
995 1539 1165 1585 Spagna²
1200 1540 1233 1574 lo
1259 1539 1377 1574 hanno
1410 1551 1474 1574 con
1502 1540 1680 1584 gagliardi
1706 1540 1815 1585 officij
1842 1540 1941 1574 fauo-

169 1595 257 1628 rito“
291 1595 352 1637 (ex
388 1594 605 1638 archetypo;
642 1593 725 1628 Cod.
754 1605 840 1628 roni.
872 1594 1012 1635 „Gernr
1043 1593 1120 1628 Vol.
1148 1593 1213 1628 80“
1243 1593 1259 1627 I
1295 1606 1326 1637 p.
1356 1593 1444 1633 304;
1481 1594 1589 1627 etiam
1624 1594 1718 1638 apud
1746 1595 1943 1628 Schellhass

170 1647 190 1681 l.
221 1660 249 1682 c.
278 1648 574 1690 111294—301).
626 1647 728 1682 Unde
763 1647 932 1692 expedire
968 1647 1085 1681 visum
1122 1649 1187 1688 est,
1223 1649 1263 1680 ut
1289 1647 1453 1680 Turriani
1489 1647 1664 1681 adversus
1699 1647 1940 1692 Freyhubium

169 1713 257 1746 opus
285 1701 428 1744 Dilinga
455 1701 637 1735 Coloniam
670 1701 884 1741 mitteretur,
920 1700 979 1735 ubi
1015 1712 1095 1734 cum
1131 1700 1245 1741 titulo,
1282 1711 1386 1744 quem
1422 1711 1531 1745 supra
1566 1701 1678 1745 posui,
1714 1701 1942 1744 caesarisque

169 1755 358 1799 privilegio
404 1754 518 1799 „apud
555 1754 749 1789 Geruinum
794 1754 997 1793 Calenium,
1038 1756 1074 1788 et
1113 1753 1286 1788 haeredes
1322 1753 1464 1787 loannis
1501 1753 1698 1798 Quentelij“
1746 1754 1780 1788 in
1821 1754 1938 1788 lucem

169 1809 322 1842 emissus
349 1810 403 1842 est
438 1808 711 1852 (Sommerroyel
745 1807 767 1842 l.
796 1819 825 1842 c.
854 1807 939 1841 VIII
979 1808 1202 1850 117-118);
1239 1808 1392 1841 emissus
1419 1810 1539 1841 autem
1567 1810 1623 1842 est
1648 1819 1678 1842 a.
1712 1808 1820 1848 1574;
1856 1819 1938 1841 nam

169 1862 335 1897 Carolum
372 1862 652 1905 Sommervogel,
685 1873 765 1896 cum
802 1873 832 1895 a.
864 1862 953 1896 1573
989 1862 1099 1906 ponit,
1139 1872 1258 1895 errare
1293 1861 1372 1905 ipsa
1407 1860 1540 1894 Canisii
1575 1861 1686 1895 verba
1721 1861 1935 1900 ostendunt;

169 1927 301 1950 annum
330 1916 420 1950 1574
447 1916 546 1960 ponit
574 1917 665 1950 Phil.
696 1917 882 1960 Alegyambe
908 1915 941 1950 S.
962 1916 1007 1957 J.,
1034 1914 1258 1949 Bibliotheca
1285 1913 1506 1959 Scriptorum
1525 1913 1714 1949 Societatis
1733 1914 1825 1956 Iesu,
1853 1916 1938 1948 Ant-

173 1970 317 2014 verpiae
347 1970 448 2011 1643,
478 1970 555 2004 140.

170 2078 321 2115 1857.
399 2079 616 2114 OANISIUS
645 2080 819 2115 cardinali
839 2077 1226 2115 STANISLAO
1248 2076 1478 2121 HOSIO,
1512 2078 1786 2124 poenitentiario
1804 2079 1940 2119 maiori,

360 2134 527 2178 episcopo
554 2133 764 2168 varmiensi.
1291 2131 1491 2177 Oeniponte
1522 2133 1574 2166 15.
1595 2131 1762 2166 Octobris
1791 2132 1891 2166 1573.

289 2205 344 2238 Ex
370 2204 587 2249 apographo,
615 2217 645 2239 a.
668 2205 759 2239 1896
777 2216 797 2238 a
817 2204 859 2238 D.
879 2203 1069 2238 Vincentio
1087 2203 1247 2238 Nardoni
1274 2203 1456 2248 exscripto
1483 2215 1528 2237 ex
1555 2203 1764 2249 apographo
1793 2203 1940 2247 antiquo

171 2259 309 2301 (eodem
337 2259 411 2292 fere
437 2261 597 2302 tempore
623 2258 787 2303 scripto),
815 2258 908 2303 quod
936 2258 988 2292 sic
1016 2257 1227 2302 inscriptum
1257 2260 1332 2291 est:
1375 2257 1579 2298 „particula
1604 2257 1778 2302 epistolae
1805 2256 1940 2291 Canisii

170 2313 212 2346 de
238 2324 302 2347 suo
329 2312 450 2346 labore
469 2328 476 2336 ·
497 2323 542 2345 ex
568 2311 722 2356 epistola
748 2312 848 2346 Petri
876 2311 1010 2357 Canisij
1040 2312 1108 2346 ,15.
1129 2310 1297 2345 Octobris
1319 2311 1408 2345 1573
1436 2311 1479 2345 ad
1509 2310 1735 2345 Cardinalem
1754 2310 1940 2345 Varinien-

169 2367 264 2401 sem“
295 2368 331 2400 et
357 2367 479 2400 exstat
505 2364 639 2399 Romae
666 2366 701 2399 in
729 2366 946 2400 bibliotheca
973 2365 1153 2406 vaticana,
1182 2364 1267 2399 Cod.
1287 2363 1376 2408 Reg.
1403 2364 1467 2398 lat.
1489 2364 1581 2399 2023
1609 2364 1632 2398 f.
1654 2364 1708 2399 70.
1756 2363 1940 2408 Epistulae

294 2502 302 2520 ¹
330 2500 369 2534 P.
389 2501 536 2534 Iacobus
571 2502 611 2534 de
637 2501 853 2534 Avellaneda.
881 2500 914 2534 S.
943 2500 974 2534 J.
1003 2499 1187 2533 Francisci
1212 2498 1408 2532 Mendozae
1446 2499 1488 2532 de
1523 2497 1764 2541 Monteagudo
1800 2496 1939 2541 hispani

169 2554 262 2598 apud
294 2554 547 2598 imperatorem
574 2554 725 2588 oratoris
752 2554 995 2588 confessarius
1021 2553 1055 2587 in
1083 2552 1244 2587 *litteris
1278 2551 1429 2586 secretis
1456 2551 1667 2586 Vindobona
1695 2551 1748 2586 18.
1775 2549 1941 2584 Octobris

172 2607 262 2641 1573
298 2607 340 2641 ad
370 2607 573 2651 Philippum
602 2606 646 2641 ΙῘ.
674 2606 869 2651 Hispaniae
904 2618 1025 2650 regem
1061 2606 1154 2640 datis
1190 2608 1340 2650 questus
1376 2607 1440 2646 est,
1475 2604 1606 2638 iniusto
1642 2615 1788 2648 prorsus
1822 2603 1940 2646 rigore

169 2660 324 2694 Ederum
358 2662 553 2694 tractatum
579 2671 677 2700 esse:
710 2660 884 2703 „Tomase
911 2671 974 2704 por
998 2660 1159 2693 cubierta
1180 2670 1249 2693 vna
1268 2670 1351 2693 cosa
1370 2669 1438 2702 que
1458 2670 1500 2691 en
1528 2660 1625 2697 estas
1651 2658 1781 2691 tierras
1799 2667 1837 2691 es
1855 2667 1941 2700 muy

170 2713 300 2748 friuola
336 2725 404 2757 que
440 2725 483 2747 en
511 2714 543 2747 el
569 2713 659 2747 libro
686 2725 724 2748 se
752 2714 838 2755 dice,
875 2725 956 2747 cum
992 2713 1180 2758 priuilegio
1217 2712 1373 2746 caesaris
1408 2723 1452 2745 no
1489 2711 1640 2745 auiendo
1674 2722 1716 2744 su
1753 2709 1939 2753 magestad

170 2767 294 2801 sauido
320 2767 414 2800 nada
440 2767 552 2808 desto,
580 2778 714 2812 porque
741 2779 779 2801 es
805 2766 1008 2801 costumbre
1034 2767 1077 2800 de
1103 2766 1156 2800 los
1183 2766 1397 2810 impresores
1423 2777 1533 2809 poner
1559 2763 1699 2808 aquello
1726 2764 1768 2797 de
1787 2774 1857 2797 vna
1876 2774 1941 2797 vez

171 2832 240 2864 que
266 2832 304 2854 se
331 2820 364 2853 lo
383 2820 560 2854 conceden
588 2832 676 2865 para
702 2821 755 2855 los
774 2821 897 2854 demas
923 2821 1032 2854 libros
1050 2820 1104 2854 sin
1131 2821 1232 2853 tocar
1248 2819 1342 2853 uada
1368 2818 1460 2852 dello
1480 2818 1512 2852 al
1532 2820 1634 2852 autor
1652 2818 1686 2851 ni
1706 2829 1744 2851 es
1762 2819 1941 2851 menester

171 2873 392 2918 presentarlo
429 2884 472 2907 en
509 2873 651 2918 consejo
687 2876 790 2908 antes
826 2874 868 2908 de
904 2873 1122 2918 imprimirse
1157 2872 1191 2907 al
1226 2884 1329 2906 reues
1364 2872 1406 2905 de
1442 2883 1541 2905 como
1567 2871 1638 2904 alla
1664 2882 1707 2904 en
1743 2872 1876 2915 espafia
1902 2880 1940 2903 se

172 2926 277 2960 haze“
301 2926 362 2970 (ex
384 2926 589 2971 apographo
613 2928 747 2961 recenti
767 2926 945 2971 epistulae
964 2925 1193 2970 archetypae‚
1216 2936 1308 2969 quae
1327 2928 1448 2959 exstat
1468 2924 1706 2969 Septimancis
1727 2921 1938 2966 [Simancas]

171 2980 205 3013 in
234 2979 381 3014 archivo
406 2979 566 3024 generali
593 2980 695 3023 regni
722 2979 908 3025 hispanici,
936 2979 1137 3014 Secretaria
1164 2979 1206 3012 de
1235 2978 1379 3020 Estado,
1407 2978 1491 3021 Leg.
1512 2978 1580 3014 669
1606 2977 1631 3011 f.
1651 2977 1727 3020 92).

291 3034 303 3053 ²
330 3033 480 3067 Ioannes
506 3032 705 3077 Delphinus
732 3037 768 3067 et
797 3033 1006 3067 Franciscus
1032 3033 1075 3067 de
1101 3032 1276 3066 Mendoza
1302 3043 1420 3065 comes
1447 3032 1490 3065 de
1517 3029 1777 3072 Monteagudo;
1805 3027 1938 3071 signifi-

172 3088 310 3128 cantur,
344 3092 441 3131 puto,
476 3086 581 3120 Ederi
618 3086 760 3120 litterae
796 3087 851 3120 die
888 3086 943 3121 23.
963 3085 1130 3120 Octobris
1160 3085 1248 3120 1573
1282 3085 1325 3119 ad
1353 3085 1548 3118 Martinum
1576 3082 1786 3125 Eisengrein
1813 3082 1937 3121 datae;

172 3151 264 3183 quae
292 3139 462 3183 vulgatae
487 3142 572 3174 sunt
599 3139 642 3173 ab
670 3140 813 3183 Hopfen
841 3139 863 3174 l.
884 3151 912 3174 c.
934 3139 1138 3174 372—373.
