2062 3443
438 169 605 212 Augusta
625 168 891 203 Vindelicorum
918 167 984 202 sub
1011 168 1151 201 initium
1179 179 1224 202 m.
1244 168 1411 203 Octobris
1441 169 1542 205 1580.
1794 173 1876 214 571

104 286 358 340 Episcopus,
393 286 447 327 ad
472 285 893 340 Nurembergensem
929 290 1188 328 conuentum
1225 287 1470 341 Principum
1505 291 1756 331 euocatu1·¹.
1806 289 1880 331 Ait

104 351 165 393 sic
200 351 338 392 visum
372 364 467 392 esse
502 351 624 394 Pont.
659 352 776 393 MaX.
811 351 952 393 nullas
994 364 1097 392 uero
1140 354 1217 393 aut
1249 351 1440 393 eiusdem
1478 353 1600 395 Pont.
1643 356 1719 395 aut
1751 367 1878 407 supe-

103 417 262 458 riorum
296 416 446 458 literas
480 416 534 457 ad
567 430 634 457 mo
668 417 794 458 datas
827 416 1057 458 ostendit2,
1122 416 1291 458 Placuit
1327 417 1369 459 P.
1392 417 1660 466 Prouintiali,
1697 421 1744 461 vt
1777 432 1879 460 euo-

106 486 230 524 catus
252 481 598 534 Nurembergam
635 482 943 535 proficiscerer,
978 494 1131 533 meque
1167 481 1214 523 D.
1240 481 1405 524 Nuntio
1430 483 1734 535 adiungerem:
1767 483 1880 525 sicut

103 547 274 588 omnino
307 546 520 594 fecissem,
555 546 591 587 si
624 549 864 588 conuentus
896 546 967 587 ille
1002 546 1297 599 processisset,
1333 561 1458 600 quem
1492 548 1534 589 in
1559 548 1674 589 aliud
1708 551 1879 602 tempus

104 614 388 666 prorogatum
432 625 527 653 esse
570 614 823 653 constanter
865 611 1100 654 affirmant.
1165 611 1237 652 Sin
1283 613 1502 665 procedat,
1546 613 1770 655 admonuit
1811 627 1879 655 me

104 677 215 718 idem
251 676 300 719 D.
325 675 530 726 Nuntius,
574 676 685 729 quod
720 690 787 717 me
820 676 922 717 illuc
955 676 1061 718 uelit
1093 690 1330 725 accersere,
1374 691 1537 731 suaque
1578 692 1742 720 mecum
1779 692 1879 720 con-

102 742 217 783 ferre
250 741 442 791 consilia,
477 744 526 783 vt
561 741 760 783 Pontifex
795 741 855 782 illi
888 741 1211 795 praescripsit-³³.
1278 742 1371 784 Etsi
1406 756 1509 784 uero
1542 743 1659 784 illum
1694 743 1762 784 hic
1795 757 1879 785 non

103 807 256 849 fallere
279 809 354 848 aut
378 806 550 848 mentiri
573 807 686 848 uelle
709 806 896 856 credam,
929 809 1076 848 tamen
1100 806 1251 848 maiori
1277 807 1389 849 forte
1413 808 1695 850 consolationi
1719 808 1880 850 nostris

106 872 234 922 foret,
273 872 308 912 si
342 871 550 925 scriptum
585 871 757 924 aliquod
792 871 1019 913 accederet
1051 872 1334 925 superiorum,
1370 876 1414 915 et
1449 873 1619 915 Domini
1652 873 1804 927 Nuntij
1837 874 1880 914 in

102 936 378 980 Germaniam
413 937 644 979 destinati⁸¹
677 937 931 990 quibusdam
965 937 1008 978 in
1042 937 1169 978 rebus
1201 937 1342 979 minus
1375 942 1523 980 essent
1545 938 1776 992 imperiosi,
1811 952 1879 980 se-

101 1016 184 1056 que
207 1002 367 1044 nostris
390 1002 529 1055 magis
553 1002 946 1045 accommodarent.
993 1002 1077 1044 Sed
1100 1002 1172 1056 alij
1207 1004 1405 1056 querelas
1428 1003 1493 1045 his
1516 1003 1569 1045 de
1591 1004 1720 1045 rebus
1752 1004 1880 1047 isthic

104 1082 247 1110 coram
281 1069 541 1121 exponent4.

219 1132 427 1182 Quoniam
474 1132 518 1175 P.
555 1132 836 1174 Prouintialis
878 1136 978 1187 post
1019 1147 1180 1187 paucos
1222 1148 1393 1175 menses
1435 1134 1562 1177 isthic
1605 1134 1787 1184 aderit5,
1831 1137 1880 1176 vt

99 1212 348 1253 speramus,
392 1198 533 1239 minus
576 1198 661 1240 iam
706 1198 758 1239 de
799 1198 872 1239 illo
906 1201 950 1241 et
991 1198 1117 1240 huius
1155 1198 1398 1252 prouintiae
1437 1202 1556 1242 statu
1590 1200 1780 1242 scribere
1821 1200 1880 1243 sit

102 1263 416 1306 necessarium:
451 1263 626 1305 uenient
659 1263 771 1305 enim
806 1267 850 1305 et
883 1263 966 1305 duo
999 1263 1071 1316 alij
1099 1264 1252 1306 Patres
1285 1265 1426 1315 electi,
1461 1267 1505 1307 et
1537 1265 1766 1307 commissa
1799 1265 1880 1307 sibi

101 1329 346 1384 prouintiae
382 1328 584 1381 negotiab
625 1332 729 1371 tunc
772 1332 984 1383 oportune
1017 1333 1271 1383 proponent.
1338 1330 1535 1373 Meminit
1578 1334 1724 1372 autern
1761 1330 1804 1373 P.
1829 1330 1877 1373 T.

97 1393 391 1449 proculdubio,
437 1393 735 1436 Pont.Max.6
766 1394 1029 1436 sententiam
1073 1394 1127 1435 ad
1170 1408 1248 1435 nos
1291 1394 1426 1437 fuisse
1459 1395 1763 1449 perscriptam,
1807 1395 1879 1448 qui

99 1459 219 1501 Patri
254 1458 457 1501 Generali
490 1459 564 1501 fel.
587 1473 712 1501 mem.
742 1459 1040 1512 responderat,
1077 1473 1102 1501 a
1135 1459 1296 1501 nostris
1330 1460 1618 1502 absoluendos
1651 1475 1735 1502 non
1769 1474 1878 1510 esse,

101 1524 173 1578 qui
212 1524 253 1566 in
296 1527 446 1566 mutuo
489 1524 676 1577 quinque
709 1538 786 1578 pro
820 1527 1008 1575 centum,
1051 1527 1100 1566 ut
1140 1526 1189 1566 fit
1227 1525 1269 1566 in
1305 1525 1550 1575 Germania,
1585 1526 1877 1580 paciscuntur.

99 1590 158 1633 Et
200 1589 438 1632 cauendum
482 1589 613 1632 etiarn
657 1589 844 1644 scripsit,
887 1604 940 1631 ne
983 1589 1083 1642 quid
1125 1590 1262 1633 nostri
1306 1591 1357 1632 de
1398 1590 1478 1633 hoc
1516 1605 1676 1643 genere
1709 1591 1879 1645 publice

98 1656 374 1710 disputarent
396 1658 473 1697 aut
496 1655 870 1697 concionarentur.
926 1655 995 1697 Sic
1020 1656 1151 1698 Pater
1173 1655 1244 1697 ille
1278 1660 1426 1698 noster
1449 1670 1502 1697 ex
1527 1657 1631 1698 urbe
1654 1655 1880 1699 mandauit

102 1723 154 1762 16
188 1720 335 1773 Martij
370 1734 484 1762 anno
522 1722 632 1762 1576
669 1724 716 1761 vt
748 1720 949 1763 arbitror.
1014 1720 1224 1769 Quoniam
1263 1735 1365 1763 uero
1400 1722 1610 1763 aduersus
1643 1722 1723 1763 hoc
1756 1735 1878 1764 man-

98 1786 245 1828 datum
280 1785 371 1827 siue
405 1785 624 1828 decretum
651 1788 694 1827 et
720 1785 842 1828 Pont.
868 1786 984 1828 Max,
1009 1790 1053 1827 et
1079 1786 1317 1840 Praepositi
1343 1787 1560 1839 generalis
1583 1786 1655 1840 agi
1678 1790 1878 1841 coeptum

101 1855 180 1902 est,
216 1865 440 1903 nonaeque
473 1851 775 1892 contentiones
799 1854 1016 1905 augentur
1029 1852 1057 1901 7,
1094 1851 1281 1904 putarim
1306 1865 1386 1904 ego
1421 1852 1466 1894 P.
1491 1852 1539 1895 Τ.
1575 1852 1627 1894 de
1659 1852 1879 1907 prouintia

96 1919 248 1959 nostra
293 1917 455 1970 optime
497 1916 774 1966 merituram,
819 1917 854 1958 si
900 1916 942 1959 P.
968 1916 1022 1960 N.
1058 1916 1368 1959 Prouintialem
1412 1917 1690 1968 admoneret,
1733 1931 1788 1959 an
1831 1921 1877 1960 et

97 1982 309 2036 quomodo
350 1982 393 2023 in
435 1981 630 2035 collegijs
663 1982 860 2023 omnibus
894 1982 973 2023 hoc
1005 1982 1144 2035 ipsum
1184 1982 1408 2025 decretum
1450 1983 1720 2033 obseruetur‚
1764 1983 1879 2036 quod

99 2047 321 2090 obseruari
346 2047 514 2100 quidem
551 2047 697 2101 cupiat
729 2051 821 2089 tum
855 2062 880 2089 a
913 2047 1310 2097 Concionatoribus,
1343 2050 1434 2090 tum
1460 2062 1486 2089 a
1507 2048 1752 2102 Theologis‚
1786 2051 1879 2091 tum

99 2127 125 2156 a
157 2112 443 2166 Confessarijs
477 2113 673 2155 omnibus
707 2113 894 2155 omnium
926 2113 1257 2167 prouffltiarum,
1291 2113 1333 2154 in
1357 2113 1512 2166 quibus
1534 2113 1607 2155 ille
1630 2116 1881 2156 contractus

97 2178 248 2220 crebro
291 2177 480 2219 incidere
523 2178 647 2220 solet.
714 2178 797 2220 Sed
831 2192 937 2232 rogo
971 2192 1024 2220 ne
1064 2177 1275 2220 resciscat
1307 2177 1393 2229 ille,
1437 2192 1505 2219 me
1547 2178 1712 2232 consilij
1754 2178 1880 2220 huius

97 2243 323 2286 authorem
367 2243 436 2284 uel
478 2247 781 2297 suggestorem
826 2257 934 2286 esse.
999 2243 1182 2286 Coetera
1229 2243 1601 2296 praetermittam,
1644 2257 1755 2296 quae
1798 2244 1880 2286 huc

96 2308 330 2363 pertinent,
374 2323 556 2362 sperans
588 2309 667 2351 hoo
701 2309 816 2362 quod
849 2309 951 2359 dixi,
987 2309 1222 2350 remedium
1258 2309 1404 2351 multis
1437 2309 1563 2350 malis
1603 2309 1880 2363 amputandis

216 2406 244 2438 a)
266 2407 404 2438 Sequitur
424 2414 467 2437 se,
488 2407 576 2431 oblitt.
667 2405 697 2437 b)
720 2408 887 2432 Can-rectum
908 2415 944 2432 ex
965 2406 1121 2438 negotiam
1145 2408 1185 2432 rel
1206 2406 1373 2438 negotium.

222 2530 230 2549 ¹
258 2529 351 2563 Vide
377 2541 486 2574 supra
513 2542 545 2574 p.
565 2531 633 2564 557
661 2530 862 2565 560—562.

222 2582 236 2602 ²
261 2582 330 2617 Sed
357 2583 551 2617 Manareus
578 2584 767 2617 Hoffaeum
803 2584 1062 2629 provincialem
1099 2584 1141 2618 de
1178 2584 1359 2629 pontificis
1386 2583 1574 2618 voluntate
1611 2584 1798 2618 certiorem
1832 2584 1880 2617 fe-

103 2638 220 2676 cerat;
248 2648 281 2670 V.
302 2636 405 2675 infra,
433 2649 487 2681 ep.
507 2638 601 2672 2074
627 2641 661 2671 et
689 2649 799 2682 supra
825 2649 846 2682 p
878 2638 959 2672 557.

219 2690 232 2709 ³
260 2690 363 2723 Haud
393 2696 490 2724 recte
517 2690 628 2733 igitur
658 2693 870 2735 Dazcrt'ynac
901 2691 936 2733 (l.
958 2702 986 2725 c.
1008 2691 1114 2733 353):
1156 2690 1342 2733 „Canisius
1362 2717 1369 2725 .
1389 2718 1395 2725 .
1418 2717 1425 2725 .
1453 2691 1572 2725 arrive
1607 2693 1627 2725 a
1655 2690 1881 2734 Nuremberg

101 2746 136 2777 et
162 2743 321 2788 apprend
348 2743 487 2777 bientot
513 2755 582 2788 que
609 2744 643 2777 la
670 2744 773 2778 Diete
801 2748 855 2779 est
883 2745 1060 2779 differee.“

217 2798 229 2816 ⁴
256 2796 399 2830 Facturi
419 2797 453 2830 id
474 2800 587 2837 erant,
614 2801 654 2831 ut
678 2809 724 2831 ex
743 2797 834 2832 actis
861 2798 1153 2842 congregationis
1172 2797 1405 2842 provincialis
1426 2797 1477 2839 (v.
1496 2809 1606 2842 supra
1625 2810 1657 2843 p.
1677 2799 1746 2833 570
1761 2799 1798 2840 ¹),
1826 2809 1880 2832 co-

95 2850 292 2893 gnoscitur,
322 2850 458 2890 Patres,
486 2851 547 2894 qui
566 2863 610 2885 ex
630 2851 824 2885 Germania
850 2852 1035 2896 superiore
1054 2852 1096 2885 ad
1117 2850 1310 2885 Societatis
1328 2851 1645 2894 congregationem
1674 2850 1880 2894 generalem

96 2903 240 2937 venturi
263 2906 385 2936 erant:
412 2902 549 2937 Paulus
568 2903 748 2945 Hoffaeus,
769 2903 966 2947 Gregorius
986 2903 1199 2948 Rosephius,
1219 2903 1399 2938 Martinus
1419 2904 1680 2943 Leubenstain;
1710 2904 1755 2938 cf.
1775 2903 1880 2945 infra,

101 2967 258 2990 monum.
281 2956 383 2990 1261.

218 3010 230 3028 ⁵
266 3009 410 3043 Primus
446 3010 737 3053 congregationis
774 3010 955 3053 generalis
991 3013 1194 3044 conventus
1230 3009 1375 3044 habitus
1412 3013 1469 3044 est
1505 3011 1537 3045 7.
1565 3010 1750 3044 Februarii
1789 3010 1878 3044 1581

99 3062 251 3105 (Fr-ane.
273 3063 471 3096 Sar-chinus
489 3062 524 3097 S.
544 3063 589 3103 J..
617 3063 798 3097 Historiae
826 3064 1018 3098 Societatis
1048 3064 1128 3097 lesu
1172 3064 1259 3097 Pars
1286 3064 1412 3107 quinta
1438 3064 1516 3098 sive
1537 3063 1720 3105 Claudius,
1747 3063 1881 3098 Tomns

99 3116 206 3160 prior,
235 3115 370 3150 Romae
399 3116 501 3156 1661,
528 3116 550 3150 l.
574 3117 602 3157 1,
629 3128 663 3151 u.
686 3117 749 3158 11;
777 3119 931 3151 Astraia
958 3117 980 3151 l.
1000 3128 1030 3150 c.
1050 3117 1097 3150 111
1127 3117 1224 3159 207).

220 3170 233 3189 ⁶
261 3168 427 3212 Gregorii
455 3169 551 3203 XIII.
711 3170 724 3190 '¹
750 3170 852 3211 Vide,
880 3182 972 3214 quae
999 3170 1066 3204 hac
1087 3170 1129 3203 de
1157 3181 1195 3203 re
1221 3170 1287 3204 sub
1314 3169 1413 3214 ipsas
1439 3169 1505 3204 has
1531 3170 1675 3204 litteras
1703 3170 1880 3204 dicentur.
