2062 3443
783 134 982 180 Oeniponte
1009 134 1064 169 29.
1085 133 1163 168 Iulii
1193 134 1294 168 1572.
1793 138 1844 178 57

86 258 355 313 praesentem
379 254 758 308 gubernationem:
793 253 867 295 sed
902 255 1054 307 postea
1076 253 1238 296 rectius
1261 253 1466 306 cognouit
1489 253 1643 302 omnia,
1677 256 1727 295 ut
1757 253 1849 307 ipse

86 321 186 365 mihi
227 322 415 364 testatus
448 322 527 362 est.
591 319 684 373 Ego
727 319 842 361 circa
879 318 1109 361 Octobrem
1143 318 1241 360 hino
1275 318 1541 361 discessurus
1573 319 1721 360 uideor
1754 332 1847 361 cum

88 386 281 440 Principe
299 386 323 435 ¹,
368 388 413 428 et
454 383 601 427 multis
643 387 690 427 ut
730 386 909 438 putant,
952 383 1172 426 mensibus
1214 383 1455 427 abfuturuS.
1521 384 1669 437 quue
1711 384 1849 437 magis

84 465 202 506 rogo,
244 453 293 493 ut
325 450 375 494 R.
400 450 447 492 T.
481 449 562 492 hue
593 449 791 492 remittat
826 449 869 492 P.
906 448 1228 499 Prouintialem,
1264 463 1357 491 eum
1401 448 1437 490 is
1470 449 1706 491 absoluerit
1747 449 1849 491 uisi·

84 517 290 561 tationem
325 515 579 570 prouintiae,
624 518 786 567 utque¹¹
817 515 988 568 plenam
1030 516 1294 568 potestatem
1328 514 1489 556 habeat
1521 514 1562 555 in
1597 515 1706 555 bono
1740 515 1849 556 Rec-

84 585 178 626 tore
209 580 486 623 instituendo.
542 580 704 622 Rector
731 583 875 623 autem
901 593 1111 634 nusquam
1135 579 1296 622 rectius
1330 593 1457 633 quam
1483 580 1644 622 Romae
1678 579 1849 634 poterit,

87 651 134 690 ut
166 645 307 696 credo,
342 645 496 695 curari,
532 648 577 688 et
609 645 768 687 habere
803 645 975 687 rectius.

204 711 286 754 Sed
318 711 425 753 haec
457 710 578 752 saluo
612 724 784 764 semper
815 709 971 752 iudicio
1005 709 1250 764 superioris.

202 791 401 836 Epistulam
430 791 486 826 1110
513 791 603 825 addo
622 803 642 825 a
665 791 700 826 l'.
725 793 876 836 Georyz‘o
895 792 1055 835 [zotto-to,
1084 791 1142 835 qui
1163 792 1196 824 in
1217 791 1367 835 collegio
1386 792 1623 836 oenipontano
1646 792 1848 834 „minister“

84 846 162 881 sive
187 845 403 880 domesticae
438 844 648 890 disciplinae
675 847 796 879 custos
823 845 1045 888 rectorisque
1081 845 1222 878 adiutor
1258 847 1294 878 et
1328 857 1420 879 unus
1447 857 1490 879 ex
1518 845 1674 879 eiusdem
1704 847 1853 880 rectoris

85 898 297 934 consiliariis
324 902 411 938 erat,
438 899 482 933 ad
501 897 666 932 Natalem
694 898 869 932 vicarium
897 898 1102 943 generalem
1127 898 1265 932 Hoffaei
1293 901 1327 932 et
1348 898 1480 933 Canisii
1508 899 1643 933 monitu
1671 899 1789 933 datam
1819 902 1854 933 et

85 964 106 987 a
131 952 272 988 Cani-sio
307 952 427 996 sigillo
463 952 637 986 munitam
665 951 885 996 Romamque
921 953 1088 993 missam3
1125 963 1196 995 qua
1231 964 1298 986 non
1335 953 1460 993 solum,
1498 963 1588 996 quae
1616 953 1782 987 Uanisius
1819 954 1853 987 in

86 1005 240 1041 Pastelio
266 1008 404 1040 rectore
430 1005 498 1040 sibi
525 1005 763 1050 vituperanda
799 1017 878 1040 esse
905 1006 1083 1045 censebat,
1123 1005 1389 1047 confirmantur,
1426 1006 1664 1050 explicantur,
1703 1006 1852 1051 amplifi-

87 1062 224 1101 cantur,
251 1060 312 1094 sed
341 1059 459 1099 etiam,
493 1059 637 1103 quantis
664 1058 839 1093 molestiis
866 1059 957 1093 idem
988 1058 1166 1093 l’astelius
1194 1059 1374 1093 Canisium
1404 1060 1572 1099 affecerit,
1608 1059 1712 1104 plane
1739 1063 1854 1094 osten-

86 1113 189 1148 ditur.
232 1112 290 1147 Sic
316 1112 426 1157 igitur
453 1112 622 1147 Rotarius
648 1112 814 1157 scripsit:

203 1165 346 1200 Jhesus.
390 1165 503 1200 Molto
530 1165 740 1199 Reuerendo
769 1166 802 1200 in
831 1165 973 1200 Christo
1001 1166 1127 1200 l'adre.

203 1220 278 1254 Pax
299 1219 432 1254 Christi
458 1222 525 1254 etc.
569 1219 729 1253 Essendo
755 1220 803 1253 mi
831 1220 993 1254 ordinato
1020 1220 1114 1254 delia
1141 1220 1342 1254 obedientia
1370 1219 1423 1254 eh'
1446 1220 1478 1254 io
1505 1220 1683 1254 scriuesse
1711 1232 1731 1254 a
1750 1221 1792 1256 V.
1813 1221 1852 1255 R.

88 1273 270 1308 Paternita
289 1285 309 1307 a
328 1275 455 1317 questo
473 1276 593 1318 tempo
613 1290 620 1298 ·
640 1273 766 1307 alcune
792 1285 873 1308 cose
901 1274 995 1308 eirca
1023 1274 1057 1307 la
1084 1285 1235 1318 persona
1263 1274 1318 1307 del
1346 1274 1388 1308 N.
1409 1274 1438 1308 R
1473 1274 1509 1307 P.
1529 1273 1675 1308 Rettore
1695 1273 1854 1309 Gerardo

89 1326 268 1366 Pastellio,
296 1330 332 1361 et
359 1326 427 1360 dell
454 1329 550 1360 stato
577 1326 610 1360 di
638 1330 765 1370 questo
793 1327 952 1369 Collegio
980 1327 1022 1360 de
1040 1327 1232 1372 Jsprunoh.
1279 1327 1327 1361 La
1355 1327 1460 1371 quale
1487 1339 1569 1361 cosa
1590 1327 1619 1362 si
1647 1328 1735 1362 bene
1762 1328 1808 1361 mi
1837 1340 1854 1362 e

86 1380 241 1421 difficile,
261 1392 348 1425 pure
366 1392 430 1425 per
448 1379 559 1414 hauer
578 1380 650 1414 cosi
671 1392 818 1425 paresso
837 1381 871 1414 al
892 1381 931 1415 R.
946 1380 984 1415 P.
1002 1381 1227 1415 Prouinciale
1248 1381 1394 1415 Dottore
1415 1381 1525 1415 Paulo
1541 1381 1666 1415 Hoffeo
1686 1399 1693 1406 ·
1713 1384 1747 1416 et
1767 1393 1854 1416 aneo

87 1433 118 1468 al
138 1434 178 1468 R.
198 1433 236 1467 Ρ.
257 1434 364 1468 Petro
384 1433 526 1468 Cauisio
546 1452 552 1458 ·
572 1434 731 1468 scriuero
758 1435 791 1468 in
812 1433 961 1468 Domino
988 1434 1220 1468 breuimente.
1261 1435 1421 1469 Essendo
1448 1435 1469 1469 l’
1483 1446 1573 1468 anno
1594 1438 1740 1479 passato
1759 1447 1854 1469 man-

87 1488 215 1522 dato-a
241 1490 368 1532 questo
387 1488 546 1531 collegio
574 1487 631 1522 dal
658 1487 698 1522 R.
720 1488 757 1522 P.
778 1487 890 1522 Paulo
916 1488 1039 1522 Hoffeo
1067 1489 1110 1522 da
1141 1488 1287 1531 Dilinga
1307 1507 1315 1514 ·
1335 1489 1432 1523 accio
1460 1488 1524 1522 0110
1551 1489 1702 1523 aiutassi
1730 1491 1856 1532 questo

88 1540 130 1576 R.
150 1541 187 1576 P.
215 1541 362 1576 Rettore
387 1541 422 1575 in
451 1541 502 1576 Re
528 1542 733 1576 Domestica
761 1559 768 1566 -
797 1544 832 1576 et
859 1542 893 1576 in
920 1541 1010 1587 alijs‚
1039 1553 1170 1576 eranno
1197 1542 1279 1576 fatti
1306 1542 1406 1576 molti
1434 1542 1543 1576 debiti
1571 1542 1653 1576 fatti
1681 1542 1737 1576 nel
1765 1543 1855 1587 prin-

87 1594 176 1640 cipio
205 1613 212 1621 ·
241 1598 277 1629 et
302 1595 420 1639 questi
447 1595 503 1629 doi
536 1596 617 1629 anni
652 1595 709 1629 dal
737 1595 774 1630 Ρ.
803 1594 962 1629 Ger-ardo
990 1596 1136 1630 Rettore
1172 1595 1288 1630 insino
1315 1596 1383 1630 dab
1413 1596 1501 1631 1200
1529 1595 1644 1641 fiorinj
1674 1613 1680 1621 ·
1709 1596 1733 1629 11
1760 1595 1854 1640 quali

88 1659 151 1694 per
176 1649 294 1692 gratia
320 1649 354 1683 di
373 1648 438 1683 Dio
465 1651 585 1694 presto
612 1649 642 1683 si
669 1659 874 1693 pageranno
901 1650 1015 1683 tutti·
1035 1651 1182 1694 escepto
1201 1649 1272 1683 alla
1291 1649 1475 1694 prouincia
1494 1649 1527 1683 al
1555 1650 1660 1693 quale
1686 1650 1717 1683 si
1745 1649 1856 1683 debbe

87 1701 181 1736 vltra
207 1702 274 1737 500
301 1702 416 1747 fiorinj
437 1719 444 1728 ·
464 1703 582 1746 questi
609 1702 718 1736 debiti
745 1714 831 1736 sono
849 1703 936 1737 stati
956 1703 1038 1737 fatti
1058 1715 1077 1737 a
1098 1705 1224 1747 questo
1251 1703 1354 1737 modo
1373 1720 1379 1728 ·
1401 1703 1575 1736 trouando
1593 1702 1618 1736 il
1638 1703 1675 1737 P.
1697 1703 1856 1737 Gerardo

90 1755 191 1800 pochi
218 1756 411 1801 prouisioni
439 1756 532 1797 fatti,
560 1759 596 1790 et
622 1756 731 1800 quelli
758 1768 826 1790 nou
854 1757 927 1791 cosi
955 1758 1098 1801 pretiosi
1129 1776 1134 1782 ·
1160 1757 1260 1791 uolse
1287 1758 1364 1791 saer
1389 1757 1471 1790 noui
1499 1759 1535 1790 et
1560 1757 1698 1799 grandi.
1750 1757 1857 1791 Come

88 1809 122 1843 di
148 1809 246 1843 molti
273 1809 347 1855 vinj
375 1810 523 1855 pretiosi
550 1812 586 1844 et
612 1811 645 1844 di
673 1810 818 1845 lontano
838 1828 844 1836 ·
864 1812 971 1855 panni
999 1811 1093 1845 assai
1122 1811 1183 1844 fini
1216 1814 1253 1844 et
1285 1812 1319 1845 in
1347 1812 1513 1855 quantita
1539 1810 1627 1844 Tela
1654 1813 1722 1845 ete.
1774 1810 1855 1844 Casi

89 1863 233 1907 pretiosi
261 1875 360 1898 come
386 1863 420 1897 di
449 1863 635 1905 Hohmdia,
671 1865 885 1910 parmesanj,
922 1864 1047 1899 Butiro
1074 1868 1140 1899 etc.
1178 1866 1213 1898 et
1248 1865 1283 1898 111
1319 1876 1404 1899 casa
1436 1865 1514 1899 saer
1541 1865 1676 1898 uestire
1701 1866 1797 1898 tutta
1823 1863 1857 1897 la

88 1916 248 1961 famiglia
274 1917 367 1962 patri
394 1920 430 1952 et
455 1917 589 1952 fratelli
621 1918 655 1952 di
685 1930 776 1952 nouo
808 1921 843 1952 et
874 1919 950 1952 faer
981 1918 1059 1953 saer
1088 1918 1217 1962 grandi
1253 1918 1397 1964 armarij
1435 1919 1620 1953 artificiosi
1658 1930 1721 1952 con
1749 1917 1859 1951 molte

88 1973 267 2005 serrature
293 1974 360 2006 ete.
388 1971 444 2005 del
471 1971 536 2006 che
563 1975 600 2006 et
625 1984 671 2006 un
696 1972 814 2006 subito
849 1972 880 2007 si
913 1975 1016 2006 trono
1049 1972 1073 2006 il
1101 1972 1259 2015 Collegio
1287 1972 1382 2006 assai
1410 1973 1575 2007 indretto.
1628 1971 1693 2017 Luj
1722 1972 1858 2005 interea

88 2023 234 2059 faceeua
259 2025 336 2059 faer
353 2025 482 2069 grandi
508 2026 657 2060 conuitti
677 2044 684 2051 -
704 2026 912 2071 apponendo
933 2026 1022 2071 varij
1043 2026 1116 2071 vinj
1142 2026 1325 2060 inuitando
1345 2026 1368 2060 li
1389 2026 1472 2060 frati
1488 2027 1519 2060 ²:
1548 2025 1830 2061 Gentilhuomini
1850 2041 1857 2049 ·

90 2080 125 2112 et
150 2078 233 2112 altri
267 2078 366 2123 genti
398 2079 562 2125 popularj
583 2097 590 2105 ·
611 2079 814 2114 menandoli
849 2079 921 2114 alla
948 2079 1100 2114 Cantina
1136 2080 1251 2114 dando
1288 2079 1311 2113 li
1339 2079 1430 2125 varij
1457 2080 1546 2114 sorti
1574 2080 1606 2113 di
1634 2079 1727 2118 vino,
1763 2090 1858 2113 mon-

89 2132 233 2166 strando
259 2134 289 2167 si
315 2145 335 2167 a
361 2133 448 2167 tutti
474 2132 589 2168 buono
617 2134 833 2179 Compagno,
869 2133 994 2168 Dando
1030 2134 1157 2178 grandi
1192 2134 1395 2168 ricreationi
1432 2133 1493 2168 alli
1529 2133 1663 2167 fratelli
1697 2135 1733 2166 et
1760 2132 1858 2166 Patri

89 2184 123 2219 in
149 2186 334 2230 Mangiare
369 2189 405 2221 et
431 2187 559 2222 beuere
585 2190 652 2222 eto.
688 2190 784 2222 tutto
811 2191 938 2232 questo
965 2189 1088 2222 auanti
1115 2187 1181 2222 che
1216 2187 1249 2221 io
1277 2188 1418 2222 uenisse
1453 2199 1474 2221 a
1509 2189 1637 2231 questo
1664 2186 1823 2230 Collegio
1851 2203 1857 2210 ·

90 2242 126 2273 et
149 2240 267 2284 quello
292 2239 314 2274 l'
334 2240 378 2275 ho
405 2241 519 2276 inteso
546 2243 733 2275 racontaer
759 2242 794 2275 in
820 2241 967 2286 Dilinga
995 2242 1039 2276 da
1065 2240 1167 2276 molti
1187 2259 1194 2267 ·
1215 2244 1249 2275 et
1277 2241 1334 2275 dal
1361 2244 1458 2275 steso
1480 2241 1517 2275 P.
1539 2241 1698 2275 Gerardo
1719 2239 1858 2284 quando

91 2304 109 2326 e
134 2297 266 2328 uenuto
285 2305 305 2328 a
324 2294 469 2338 Dilinga
487 2307 507 2329 a
525 2295 657 2340 pigliar
687 2294 743 2329 del
770 2295 960 2330 licenciato
987 2295 1032 2330 ho
1059 2296 1174 2329 inteso
1202 2294 1311 2329 molte
1339 2297 1485 2329 eosette.
1514 2295 1603 2328 doue
1630 2293 1859 2339 dispregiaua

91 2347 175 2381 tutti
199 2347 223 2382 11
249 2348 302 2382 soi
328 2349 574 2383 antecessori³
599 2360 700 2383 come
726 2349 800 2383 dire
826 2361 895 2383 non
922 2360 1104 2394 sapeuano
1130 2349 1252 2383 niente
1280 2349 1376 2383 cirea
1395 2348 1417 2382 li
1439 2347 1600 2393 gouernij
1620 2365 1627 2373 ·
1647 2348 1679 2381 di
1700 2347 1859 2381 maniera

91 2399 155 2434 che
180 2402 275 2436 tutto
301 2401 327 2436 11
354 2402 457 2437 1110ᾱο
484 2402 519 2436 (11
545 2403 737 2448 procede1e
764 2403 798 2437 di
825 2406 953 2447 questo
982 2402 1140 2447 Collegio
1167 2403 1206 2437 fu
1233 2405 1327 2436 tutto
1353 2404 1546 2437 renouato:
1582 2413 1712 2436 ancora
1738 2400 1763 2435 il
1789 2411 1859 2434 me-

90 2452 223 2489 desimo
248 2455 293 2490 ho
320 2456 434 2490 inteso
461 2456 536 2490 dire
563 2456 623 2500 qui
650 2457 694 2490 da
720 2456 822 2490 molti
849 2473 856 2482 ·
885 2459 921 2499 et
947 2468 1077 2490 ancora
1104 2456 1136 2489 di
1165 2459 1292 2500 questo
1320 2456 1364 2490 ho
1391 2456 1486 2490 uisto
1513 2455 1622 2490 molte
1648 2454 1860 2499 experienze

91 2509 126 2541 et
151 2519 226 2542 com
253 2510 348 2544 assai
375 2509 494 2544 dolore
521 2511 622 2544 1111οΕ.
662 2510 727 2555 Luj
755 2510 787 2544 di
816 2511 874 2555 poi
900 2510 1084 2544 uolendosi
1110 2513 1311 2545 monstrare
1329 2509 1455 2544 liberal
1474 2510 1565 2544 dana
1584 2508 1692 2542 molte
1711 2507 1860 2545 mancie.

92 2562 126 2595 et
151 2561 252 2596 molti
277 2563 401 2597 danari
436 2563 459 2597 li
487 2563 583 2608 quali
620 2575 689 2598 non
724 2564 754 2598 si
781 2567 1012 2598 metteuanno
1039 2575 1059 2598 a
1086 2567 1200 2604 conto,
1240 2566 1276 2597 et
1301 2563 1420 2597 subito
1445 2563 1503 2597 nel
1530 2562 1705 2608 principio
1731 2561 1860 2595 mando

91 2613 163 2649 alla
188 2626 253 2650 sua
279 2615 397 2651 Matre
423 2617 491 2652 .40.
518 2617 617 2651 scudi
644 2617 729 2651 doro
761 2628 860 2651 come
887 2617 937 2651 lui
963 2620 1081 2651 stesso
1108 2617 1156 2650 mi
1183 2617 1228 2651 ha
1255 2617 1364 2658 detto,
1400 2617 1490 2651 doue
1518 2615 1659 2660 quando
1685 2615 1720 2650 la
1747 2615 1861 2660 prima

93 2668 190 2703 uolta
215 2681 234 2703 e
259 2673 392 2705 uenuto
419 2670 443 2704 il
471 2671 508 2705 P.
533 2670 757 2706 Prouintiale
783 2683 852 2705 non
878 2671 905 2705 s’
934 2670 1051 2705 hanno
1078 2673 1202 2715 potuto
1229 2673 1374 2705 trouare
1399 2670 1424 2704 li
1452 2670 1583 2705 Contti.

209 2722 273 2757 Lui
298 2723 484 2759 uolentieri
508 2727 544 2758 et
561 2736 685 2770 spesso
704 2736 750 2759 ua
766 2726 925 2766 uisitare,
953 2724 1237 2768 gentilhuomini.
1257 2726 1292 2757 et
1310 2723 1540 2768 gentildonne
1560 2741 1568 2749 ·
1588 2725 1623 2757 et
1649 2722 1790 2767 quando
1817 2732 1862 2755 ua

93 2774 194 2810 fuora
218 2787 358 2822 sempre
384 2782 481 2812 resta
508 2779 528 2813 6
555 2779 612 2812 etd
640 2779 657 2812 7
686 2779 770 2813 hore
798 2778 919 2818 fuora;
948 2781 984 2812 et
1001 2789 1126 2822 spesso
1146 2781 1249 2811 torna
1276 2777 1310 2811 la
1328 2789 1408 2811 sera
1435 2777 1468 2811 di
1496 2776 1554 2822 poj
1581 2777 1617 2811 la
1642 2775 1861 2810 recreatione

212 2847 240 2879 a)
261 2848 403 2880 Sequitur
421 2848 458 2880 is,
478 2857 495 2874 (ι
519 2852 547 2875 C.
568 2850 658 2875 olam.
763 2848 792 2881 ij
817 2850 849 2874 In
872 2851 931 2873 aul.
952 2849 1086 2880 sequitur
1107 2847 1167 2879 102,
1187 2856 1204 2873 a
1227 2849 1289 2873 Rot.
1310 2849 1400 2873 oblitt.
1503 2849 1530 2878 c)
1553 2849 1612 2873 Hoc
1634 2855 1655 2872 ι·.
1677 2855 1693 2871 (ι
1715 2847 1749 2872 Ιί.
1769 2853 1861 2877 supra

94 2893 206 2913 versum
226 2890 367 2922 scriptum
387 2894 438 2917 esc.
529 2890 559 2919 d)
582 2892 627 2916 Ita
650 2892 683 2916 R.
704 2892 832 2917 correxit
853 2899 888 2916 e.r
909 2890 924 2915 6
945 2890 976 2916 et
997 2891 1010 2916 7
1032 2889 1126 2921 hore;
1146 2891 1250 2915 deinde
1272 2891 1379 2915 iterum
1400 2890 1517 2915 addidit
1526 2899 1536 2914 .·
1556 2889 1569 2916 7
1591 2888 1675 2914 hore.

217 2983 498 3020 ¹Ferdinandus
541 2986 584 3020 11.
622 2985 797 3021 archidux
842 2985 1024 3021 Canisium
1068 2997 1190 3020 secum
1235 2985 1364 3020 ducere
1406 2985 1554 3020 volebat
1595 2985 1630 3018 in
1673 2983 1860 3023 Suebiam;

95 3045 130 3070 v.
147 3047 254 3082 supra
279 3050 312 3083 p.
333 3038 365 3073 7.

214 3090 226 3111 ²
239 3090 507 3134 Franciscanos,
518 3097 614 3138 puto,
627 3093 833 3128 monasterii
844 3093 877 3128 S.
889 3093 1022 3133 Crucis,
1033 3093 1410 3133 Praemonstratenses
1421 3092 1604 3126 wiltenses
1613 3089 1782 3134 (Wilten)
1794 3092 1860 3125 etc.

215 3143 227 3164 ³
251 3143 482 3182 Valentinum
501 3146 608 3192 Voyt,
635 3146 803 3181 Ioannem
822 3147 1004 3191 Dyrsium,
1031 3145 1217 3180 Nicolaum
1242 3146 1414 3180 Lanoium
1436 3146 1571 3190 (Duhr,
1599 3145 1673 3180 Jes.
1694 3144 1718 3187 I,
1749 3143 1860 3186 190·).
