2051 3433
216 117 300 157 206
502 113 604 149 1881.
634 114 800 149 Canisius
826 116 862 148 et
890 114 928 149 P.
950 113 1187 148 Wendelinus
1204 112 1318 148 Volck
1346 113 1385 148 P.
1407 113 1519 148 Paulo
1545 114 1704 148 Hoffaeo.

214 248 293 275 nec
323 232 507 287 probare
539 236 721 286 possunt
752 246 846 275 eam
870 233 1117 275 libertatem
1145 232 1349 287 institutj,
1384 247 1512 285 quam
1545 234 1599 275 ab
1631 234 1716 275 illis
1750 233 1985 287 impetrare

215 299 399 354 primum
433 301 668 352 oporteret,
703 312 782 340 nec
805 301 871 341 est
894 298 1127 340 uerisimile
1150 311 1436 340 consensuros
1459 298 1736 340 Consiliarios
1760 298 1983 353 Principis,

214 365 299 406 imo
332 362 476 418 potius
508 362 843 414 offenderentur,
878 363 913 405 si
946 367 1144 417 sumptus
1177 363 1230 404 ad
1265 363 1437 417 plenum
1460 363 1696 417 Collegium
1719 363 1982 417 Jngolstadij

215 428 576 479 constituendum,
613 431 660 470 ut
692 443 761 470 res
794 429 889 483 ipsa
922 429 1129 483 postulat,
1164 428 1528 472 desiderarentur.

338 493 534 545 Denique
567 507 620 535 ne
652 507 742 535 rem
765 493 1071 548 poenitendam
1105 507 1299 547 agamus,
1333 494 1475 536 sacius
1497 498 1564 537 est
1596 494 1650 536 ab
1682 493 1804 536 initio
1827 507 1988 547 negare

214 560 258 602 id
290 560 480 614 Principi
513 559 625 611 quod
658 559 834 613 petitur,
869 573 997 612 quam
1031 559 1083 600 de
1107 559 1421 602 conditionibus
1443 559 1639 601 ineundis
1670 559 1835 601 frustra
1866 559 1985 601 labo-

215 639 327 677 rare,
362 628 429 668 uel
463 625 768 681 penitendum⁸
800 625 961 679 negotij
997 624 1160 666 exitum
1189 638 1378 675 cernere,
1412 625 1646 677 multisque
1668 627 1841 666 nostros
1873 624 1986 678 peri-

217 691 324 733 culis
357 705 588 745 exponere,
623 704 733 744 quae
757 690 837 733 tali
859 690 902 731 in
925 690 1019 731 loco
1042 690 1250 743 superari,
1285 690 1355 732 uel
1377 690 1431 732 ad
1455 692 1619 732 certam
1642 689 1986 732 mediocritatem

214 757 369 798 adduci
402 772 486 799 non
520 771 647 811 posse
680 756 893 798 uidentur.

336 822 455 872 Quae
497 836 592 864 cum
634 822 698 864 ita
738 821 826 864 sint
868 820 1117 874 negatiuam
1160 820 1271 862 hanc
1302 823 1473 875 partem
1507 820 1647 873 magis
1686 819 1988 875 amplectimur

215 890 258 929 et
291 888 634 942 amplectendam
668 889 885 942 putamus,
920 886 1012 928 siue
1045 887 1097 928 de
1129 886 1350 928 Classibus
1372 886 1647 928 inferioribus
1677 888 1861 936 tantum,
1896 885 1987 926 siue

214 953 341 995 simul
383 953 435 995 de
480 953 736 995 lectionibus
778 952 909 995 etiam
943 951 1250 1006 philosophicis
1283 952 1564 995 restituendis
1596 965 1842 1005 urgeamur,
1885 950 1988 992 licet

213 1018 500 1061 tollerabilius
533 1019 672 1061 adhuc
705 1032 811 1060 onus
843 1017 1044 1059 uideatur
1065 1019 1239 1059 nostros
1263 1018 1376 1059 circa
1399 1017 1561 1059 classes
1583 1017 1823 1066 inferiores,
1858 1030 1984 1069 quam

215 1083 329 1125 circa
352 1084 692 1138 philosophicum
718 1098 887 1125 cursum
912 1083 1092 1126 uersari.
1127 1083 1211 1125 Sed
1227 1083 1459 1137 optabilius
1483 1082 1783 1125 existimamus
1806 1082 1859 1122 ad
1884 1095 1987 1122 neu-

214 1152 329 1191 trum
363 1163 470 1192 onus
493 1150 646 1193 redire.
696 1148 936 1203 Praecipua
968 1163 1071 1190 uero
1104 1148 1351 1193 difficultas,
1387 1148 1525 1202 quaeb
1552 1162 1607 1190 ex
1629 1152 1754 1202 parte
1777 1146 1988 1200 Principis

218 1228 296 1256 nos
329 1215 468 1256 serio⁶
500 1215 760 1257 solicitantis
792 1214 980 1256 incidere
1013 1228 1140 1268 posse
1162 1214 1347 1265 uidetur,
1383 1214 1443 1256 sic
1476 1214 1618 1256 auerti
1651 1212 1824 1268 poterit,
1859 1212 1987 1254 sicuti

216 1282 370 1333 postea
403 1280 584 1323 dicetur.

790 1345 857 1388 Ad
888 1344 1066 1388 tertiam
1101 1344 1414 1398 quaestionem.

335 1417 450 1460 Satis
490 1417 573 1461 erit
605 1419 780 1460 Patrem
822 1420 1017 1459 nostrum
1055 1417 1312 1459 Generalem
1353 1430 1649 1471 praemonere,
1692 1415 1765 1458 ut‘i
1798 1413 1985 1468 Principj

217 1483 381 1524 Romae
414 1497 589 1525 causam
624 1484 810 1538 urgentj,
854 1497 900 1525 se
934 1487 1187 1525 constanter
1219 1486 1410 1538 opponat
1452 1486 1496 1525 et
1537 1483 1591 1525 ad
1625 1482 1787 1524 nullam
1820 1482 1985 1523 tracta-

214 1548 374 1590 tionem
409 1549 742 1591 conditionalem
777 1549 1025 1599 descendat,
1061 1563 1156 1591 cum
1187 1563 1256 1591 res
1285 1549 1369 1591 iam
1395 1552 1496 1591 ante
1519 1548 1700 1591 multum
1724 1551 1768 1590 et
1791 1545 1988 1599 grauiter

215 1613 409 1655 discussa
437 1614 582 1666 fuerit,
617 1618 662 1657 et
693 1615 830 1657 multa
861 1628 907 1656 se
933 1614 1032 1656 hinc
1063 1615 1162 1656 inde
1194 1612 1472 1668 offerunteffl
1506 1613 1838 1668 impedimenta:
1874 1624 1985 1664 quae

213 1693 291 1733 pro
324 1679 405 1721 loci
449 1682 493 1722 et
524 1680 734 1734 temporis
775 1680 944 1722 ratione
977 1679 1187 1734 paulatim
1230 1681 1379 1735 augerj
1423 1679 1579 1734 potius,
1624 1693 1751 1732 quam
1795 1675 1987 1719 amoueri

214 1747 259 1787 et
291 1745 435 1786 caueri
469 1759 594 1799 posse
618 1745 832 1788 uidentur.
878 1746 1052 1788 Jdcirco
1076 1746 1256 1787 eundem
1281 1746 1523 1800 Principem
1547 1744 1700 1787 merito
1723 1742 1984 1798 precabitur,

214 1811 262 1852 ut
294 1825 347 1852 ne
380 1810 494 1853 sinat
526 1811 666 1853 redire
699 1814 870 1853 nostros
903 1811 957 1853 ad
981 1811 1099 1865 prius
1131 1811 1358 1865 pistrinum
1382 1811 1426 1853 in
1450 1825 1533 1864 quo
1556 1810 1738 1852 multum
1762 1807 1987 1850 molestiae

214 1876 522 1927 deuorandum,
556 1891 717 1931 paruus
749 1880 896 1919 autem
927 1877 1096 1919 fructus
1120 1876 1408 1930 colligendus‘
1437 1881 1481 1919 et
1506 1875 1696 1919 instituti
1729 1873 1866 1916 nostri
1899 1872 1986 1915 dis-

217 1940 375 1995 ciplina
412 1944 457 1984 et
489 1943 601 1984 ratio
634 1943 838 1984 uiolanda
871 1945 998 1985 esset.
1054 1943 1222 1985 Poterit
1254 1943 1384 1984 etiam
1419 1946 1463 1985 et
1495 1942 1676 1984 aliorum
1707 1943 1986 1994 patronorum

217 2006 472 2049 intercessio
506 2008 712 2058 adhiberi,
747 2008 783 2049 si
817 2008 888 2061 qui
911 2010 1039 2050 erunt
1070 2008 1212 2050 idonei
1247 2008 1300 2050 ad
1335 2009 1378 2050 P.
1404 2007 1458 2050 N.
1484 2008 1741 2050 Generalem
1775 2019 1988 2048 excusan-

219 2072 318 2114 dum
352 2074 465 2127 apud
499 2073 680 2115 eundem
712 2073 963 2128 principem.
1000 2074 1238 2127 Praecipue
1271 2077 1417 2116 autem
1450 2073 1617 2116 iuuabit
1639 2073 1674 2114 si
1698 2073 1742 2116 P.
1763 2070 1988 2114 Generalis

214 2137 336 2180 initio
381 2152 428 2180 se
470 2139 658 2180 alienum
699 2139 904 2181 ostendat
945 2140 998 2181 ab
1032 2139 1145 2193 omnj
1188 2138 1313 2180 huius
1353 2139 1518 2193 negotij
1560 2137 1848 2187 tractatione,
1891 2150 1986 2178 cum

217 2204 424 2257 Princeps
457 2204 738 2246 autoritatem
772 2204 912 2246 illiusg
944 2203 1256 2258 implorauerit.

967 2293 1036 2336 Ad
1069 2295 1161 2336 4.²²¹¹¹¹
1185 2309 1224 2347 q.

334 2364 454 2414 Quod
488 2366 542 2408 ad
569 2365 806 2420 Principem
832 2365 1117 2419 mitigandum
1150 2365 1322 2415 attinet,
1356 2365 1393 2407 si
1424 2378 1555 2418 aegre
1588 2364 1726 2407 ferret
1753 2363 1984 2418 repulsam,

215 2430 461 2483 nostrisque
494 2431 748 2482 minaretur,
783 2434 859 2474 aut
892 2430 1052 2474 etiamh
1086 2431 1280 2473 redditus
1304 2430 1557 2473 imminuere
1580 2430 1726 2481 uellet,
1761 2429 1874 2483 quod
1896 2431 1986 2471 tam

215 2495 453 2549 sapientem
488 2496 728 2551 Principem
771 2497 988 2539 facturum
1032 2511 1116 2538 non
1158 2498 1373 2550 putamus,
1415 2496 1672 2550 praesertim
1714 2494 1873 2537 auditis
1914 2495 1986 2535 fir-

217 2560 418 2602 missimis
459 2562 712 2612 rationibus,
757 2576 868 2615 quae
910 2576 986 2603 nos
1028 2564 1189 2614 cogunt
1230 2565 1398 2604 tantam
1443 2575 1613 2604 crucem
1646 2562 1797 2614 fugere
1830 2574 1881 2602 ac
1913 2559 1984 2601 de-

216 2626 395 2679 precari,
430 2641 513 2668 non
546 2630 693 2670 tamen
727 2628 842 2669 aliud
876 2627 1012 2669 eidem
1042 2627 1230 2681 Principi
1264 2627 1608 2681 respondendum
1639 2627 1823 2675 uidetur,
1858 2638 1985 2678 quam

217 2692 329 2742 quod
363 2692 557 2745 cupimus
589 2693 670 2746 ipsi
703 2697 748 2735 et
772 2694 984 2735 Bauariae
1007 2693 1172 2735 seruire
1205 2695 1249 2735 et
1273 2692 1478 2746 prodesse
1501 2706 1671 2746 semper
1693 2691 1814 2733 saluo
1837 2692 1986 2732 nostro

217 2755 429 2807 instituto,
466 2757 593 2810 quodi
625 2758 667 2799 in
701 2772 748 2800 re
770 2760 861 2800 tam
884 2758 1023 2811 graui,
1058 2761 1101 2800 et
1134 2761 1232 2811 post
1255 2761 1418 2799 certam
1449 2756 1761 2811 experientiam
1787 2756 1986 2797 deserere

218 2823 262 2863 et
284 2825 453 2863 mutare
477 2837 559 2864 non
584 2823 810 2876 possimus,
835 2824 928 2865 sine
951 2824 1120 2876 magnis
1138 2825 1183 2864 et
1200 2823 1407 2876 grauibus
1424 2822 1705 2864 incommodis
1723 2823 1767 2864 et
1784 2821 1984 2870 motibus,

219 2899 324 2938 quos
367 2887 648 2939 probabiliter
689 2888 847 2930 scimus
889 2891 1208 2938 consecuturos,
1252 2902 1335 2929 non
1379 2888 1581 2930 obstante
1623 2887 1815 2940 qualibet
1851 2885 1985 2940 ipsius

220 2950 429 3006 Principis
462 2952 732 2994 ordinatione
764 2957 808 2995 et
840 2953 1163 2995 constitutione.

339 3045 366 3073 a)
387 3045 434 3069 Sic
453 3053 469 3068 ιι
495 3046 520 3069 Γ.
541 3049 698 3069 cmv-ertum
720 3049 761 3069 est
782 3054 817 3070 eur
838 3045 967 3071 tristem,
1054 3044 1083 3076 b)
1105 3051 1193 3078 quam
1215 3049 1274 3070 aur.
1349 3047 1375 3073 (τ)
1400 3046 1459 3069 ΙΙιιυ
1481 3053 1502 3069 1¹.
1523 3053 1614 3076 supra
1639 3052 1751 3069 versum
1772 3044 1913 3075 scriptum
1934 3046 1983 3069 est,

220 3085 248 3113 dl
270 3086 408 3117 Sequitur
422 3092 504 3117 urge,
524 3086 611 3110 oblite.
669 3090 696 3116 e)
713 3088 776 3118 ⁸¹¹0?
795 3088 997 3119 vorrigsemlmn
1013 3095 1072 3112 esse
1089 3088 1204 3112 videtur
1224 3086 1362 3111 offen-ant.
1425 3086 1449 3111 fl
1470 3087 1608 3117 Sequitur
1621 3086 1713 3113 esset,
1733 3085 1823 3109 oltliss-
1884 3084 1914 3116 g)
1936 3086 1984 3107 ⁸²⁴·

219 3128 320 3159 quitur
341 3127 524 3159 implorabit,
544 3129 632 3152 oblim.
720 3129 750 3155 li)
773 3130 910 3160 Seqtcilur
931 3129 1019 3156 circa.
1039 3129 1127 3153 oblite.
1217 3128 1236 3159 i)
1259 3130 1425 3159 Sequuntur
1447 3136 1487 3153 rr.
1508 3127 1587 3153 bona
1608 3127 1805 3158 conscientia,
1824 3127 1912 3150 oblilt.
