2062 3443
662 163 863 209 Oeniponte
889 163 944 198 26.
964 163 1055 198 Iunii
1086 163 1186 198 1575.
1722 166 1805 207 299

136 288 163 337 ’1
197 286 289 328 Pax
321 284 479 328 Christi
512 284 634 326 nobis
667 286 861 333 aeterna,
895 282 1137 325 Admodum
1173 283 1426 326 Reuerende
1462 284 1604 326 Pater.

155 357 260 399 Cum
294 357 427 399 Pater
457 358 608 398 noster
641 354 919 409 Prouintjalis
951 354 994 396 in
1027 355 1179 396 horum
1219 355 1526 408 collegiorum¹
1558 353 1808 396 uisitatione

37 426 303 472 uersaretur,
337 421 466 464 scribi
491 420 703 474 quaedam
727 418 878 474 ad⁸[‘?]
906 433 974 461 me
998 420 1148 470 uoluit,
1183 433 1293 473 quae
1315 420 1382 462 his
1404 419 1542 462 literis
1566 419 1807 474 explicabo,

36 492 86 531 ut
117 501 258 530 meum
293 486 606 540 qualecumque
638 484 840 527 iudicium
873 485 1035 526 habeat
1067 485 1113 527 P.
1138 485 1186 527 T.

153 552 344 595 Primum
370 551 591 593 desiderat
613 554 658 594 et
680 551 790 605 petit
805 550 974 603 Regina
997 550 1168 591 hortum
1188 550 1328 592 Halae
1351 550 1512 593 nostris
1535 549 1808 599 attributum,

35 621 189 662 contra
220 617 366 672 priora
397 619 528 671 pacta
560 617 649 658 suis
672 615 920 658 domesticis
953 615 1166 665 foeminis,
1201 630 1226 656 a
1260 615 1413 668 quibus
1445 616 1541 669 ipsa
1573 615 1811 657 subornata

34 686 116 734 est,
150 683 196 726 P.
220 683 268 725 T.
303 681 537 724 accedente
570 680 838 724 authoritate
871 680 1130 734 applicat-eb.
1179 680 1275 723 Fiet
1307 681 1387 722 hoc
1410 680 1690 735 proculdubio
1715 694 1810 721 cum

33 748 225 791 euidenti
265 747 403 790 nostri
445 747 615 800 collegij
650 745 925 795 detrimento,
967 759 1108 798 neque
1150 759 1303 799 parum
1337 747 1641 787 confirmamur
1682 745 1725 787 in
1760 758 1811 786 ea

35 813 291 868 suspicione,
325 812 438 866 quod
472 812 668 865 Reginae
709 811 877 853 animus
910 825 936 853 a
968 810 1130 852 nostris
1163 812 1396 864 utcumque
1428 811 1486 854 sit
1523 810 1809 860 abalienatus,

35 879 206 932 quando
240 878 292 920 de
325 877 582 932 complenda
614 877 861 919 dotationee
901 890 1054 929 parum
1095 875 1295 925 sollicita,
1338 878 1429 918 tam
1463 877 1601 918 multa
1633 876 1676 917 in
1710 889 1811 916 suas

36 943 206 986 confert
238 943 464 992 foeminas,
500 946 545 985 ct
577 941 787 995 paulatim
820 941 981 983 nostris
1014 941 1111 995 plus
1134 941 1324 982 adimere
1359 955 1486 994 quarn
1514 941 1676 983 donare
1699 940 1810 982 uelle

33 1009 219 1052 uidetur.
272 1008 372 1050 Mea
403 1007 538 1060 igitur
568 1007 676 1049 haec
706 1010 774 1049 est
795 1006 1026 1056 sententia,
1061 1009 1109 1049 ut
1141 1007 1187 1049 P.
1212 1006 1260 1049 T.
1285 1020 1388 1048 suas
1410 1006 1554 1048 uicesd
1586 1009 1812 1058 totamque

35 1074 324 1129 respondendi
343 1086 487 1115 curam
503 1072 551 1116 P.
565 1072 822 1114 Prouintiali
846 1071 1105 1121 committat,
1125 1071 1197 1124 qui
1213 1071 1264 1113 de
1279 1071 1615 1125 particularibus
1630 1072 1812 1113 circum-

34 1139 210 1195 stantijs
242 1139 285 1180 in
318 1138 561 1180 huiusmodi
593 1138 815 1180 hortorum
855 1137 1193 1179 commutatione
1227 1136 1552 1179 considerandis
1584 1137 1671 1179 iam
1704 1135 1813 1178 satis

33 1209 101 1249 est
132 1205 385 1254 instruc-tus,
420 1205 465 1246 et
493 1202 621 1245 facile
642 1202 863 1251 iudicabit,
899 1202 1012 1255 quod
1045 1202 1184 1255 magis
1217 1201 1260 1243 in
1294 1216 1383 1244 rem
1418 1202 1564 1244 facere
1596 1202 1812 1245 uideatur.

33 1270 224 1326 Expedit
257 1269 504 1323 aliquando,
537 1271 585 1311 ut
617 1268 862 1310 huiusmodi
885 1268 1115 1310 mutabiles
1138 1267 1465 1310 benefactorum
1499 1267 1645 1318 animi,
1679 1281 1811 1320 quum

34 1337 98 1381 ita
130 1339 232 1378 sunt
263 1335 422 1389 frigidi,
455 1348 534 1376 nos
566 1334 764 1389 protinus
798 1333 997 1376 fauentes
1030 1337 1074 1376 et
1107 1336 1350 1376 annuentes
1383 1348 1468 1375 non
1500 1333 1706 1383 sentiant,
1740 1333 1812 1375 ubi

35 1415 189 1445 causas
221 1414 380 1455 graues
413 1402 458 1442 et
489 1399 628 1442 iustas
660 1401 857 1441 mutatae
890 1398 1129 1441 uoluntatis
1171 1399 1313 1440 nullas
1346 1399 1583 1441 obtendere
1614 1400 1811 1452 possunt.

35 1467 190 1521 Neque
222 1467 300 1509 abs
332 1479 378 1507 re
410 1465 504 1507 fore
537 1467 750 1519 putarem,
785 1464 820 1505 si
844 1464 1013 1518 Regina
1046 1464 1198 1506 eadem
1221 1463 1264 1505 in
1287 1464 1368 1505 hac
1394 1463 1692 1506 imbecillitate
1716 1478 1811 1505 cor-

33 1533 165 1588 poris,
209 1545 320 1585 quae
361 1530 497 1573 uitam
530 1530 593 1571 illi
625 1530 801 1583 longam
834 1530 1092 1584 ademptura
1131 1529 1335 1579 creditur,
1378 1543 1457 1584 per
1490 1529 1672 1571 eundem
1706 1529 1812 1571 Pro-

33 1597 258 1641 uintialem
282 1597 624 1645 admoneretur&
659 1595 887 1648 collegium
912 1595 994 1636 hoc
1022 1594 1272 1637 conseruari
1295 1609 1380 1636 non
1409 1608 1551 1648 posse,
1585 1594 1696 1636 sicut
1718 1594 1814 1648 ipsa

36 1663 226 1713 confidit,
268 1661 350 1704 nisi
383 1664 554 1703 mature
587 1663 631 1703 et
663 1660 706 1702 in
738 1660 832 1703 uita
864 1662 987 1702 curet
1020 1661 1072 1702 de
1105 1659 1369 1702 absoluenda
1403 1660 1639 1711 dotatione,
1683 1673 1812 1713 quam

35 1729 159 1772 initio
192 1727 354 1770 nostris
385 1726 660 1781 promiserat.

154 1793 292 1835 Venio
327 1793 382 1835 ad
403 1791 666 1834 Matthiam2
695 1790 992 1833 Coloniensem
1026 1790 1208 1833 fratrem
1241 1793 1452 1841 nostrum,
1488 1790 1540 1832 de
1573 1804 1656 1844 quo
1690 1789 1812 1832 dubi-

32 1862 166 1910 tatur,
200 1859 258 1902 sit
289 1872 343 1899 ne
370 1857 548 1900 tandem
580 1857 707 1899 homo
732 1854 885 1910 38‘[?]
919 1858 1048 1898 natus
1081 1856 1136 1898 ad
1165 1855 1458 1898 sacerdotium
1480 1856 1812 1910 promouendus.

32 1924 143 1967 Puto
176 1924 296 1966 illum
330 1923 412 1965 hac
445 1921 591 1975 gratia
624 1921 775 1963 donari
806 1935 948 1976 posse,
983 1921 1018 1963 si
1052 1921 1226 1964 scholae
1258 1920 1479 1963 laboribus
1512 1921 1735 1970 liberatus,
1769 1920 1812 1961 in

34 1989 189 2043 quibus
220 1989 382 2031 multos
415 2002 553 2030 annos
586 1986 864 2041 consumpsit,
908 1987 962 2028 ad
1004 1990 1175 2040 tempus
1216 1986 1401 2040 primum
1443 1986 1487 2027 in
1521 1985 1813 2028 conscientiae

34 2055 206 2097 casibus
238 2056 510 2096 exerceatur.
560 2053 722 2094 Verum
757 2052 857 2105 quia
889 2052 932 2094 in
956 2052 1106 2094 eodem
1131 2052 1314 2106 collegio
1336 2065 1572 2104 numquam
1607 2065 1694 2093 una
1716 2065 1812 2093 cum

32 2119 106 2162 illo
139 2119 242 2171 uixi,
277 2118 572 2174 superioribus
594 2117 710 2159 illius
732 2117 1006 2160 iudicandum
1030 2118 1224 2171 relinquo
1264 2117 1316 2159 de
1349 2116 1522 2159 dotibus
1556 2119 1601 2159 et
1631 2115 1813 2170 impedi-

34 2185 194 2228 mentis
227 2184 344 2226 circa
376 2183 558 2226 eandem
591 2196 823 2237 personam
857 2182 1197 2225 considerandis.

152 2250 236 2292 Sed
269 2252 314 2292 et
346 2249 398 2291 de
430 2249 562 2291 Patre
585 2248 736 2290 Natali
770 2248 908 2290 habeo
942 2249 1096 2299 dicere,
1131 2247 1174 2289 in
1208 2261 1291 2301 quo
1325 2249 1428 2290 sunt
1460 2247 1670 2289 nonnulla
1702 2260 1812 2300 quae

33 2315 292 2370 patientiam
324 2314 526 2357 Rectoris
560 2327 767 2356 exercere
798 2316 994 2368 possunt,
1031 2313 1179 2355 senilis
1211 2312 1458 2363 morositas,
1493 2313 1639 2354 uarius
1672 2315 1716 2355 et
1747 2312 1813 2353 in-

33 2384 238 2423 constans
271 2380 506 2434 appetitus,
540 2379 608 2421 cui
641 2378 815 2421 difficile
847 2379 906 2422 sit
937 2392 1111 2434 semper
1142 2378 1401 2420 satisfacere
1433 2377 1476 2419 in
1511 2377 1630 2419 uictu
1653 2390 1812 2432 suppe-

34 2445 254 2497 ditandoss,
293 2446 475 2487 libertas
517 2448 561 2487 et
601 2444 802 2487 hilaritas
841 2444 1053 2497 quaedam
1088 2457 1199 2497 quae
1240 2457 1548 2496 nonnunquam
1580 2443 1813 2484 immodica

152 2541 178 2564 a]
200 2540 248 2564 Sic
267 2539 381 2570 quidem
403 2539 628 2569 autom-aphani,
648 2538 698 2562 secl
713 2541 738 2563 e!
751 2538 853 2568 prima
867 2538 955 2562 huius
975 2538 1118 2568 epistulae
1141 2537 1226 2561 rerba
1242 2539 1266 2561 et
1283 2537 1390 2565 omnia,
1410 2544 1482 2567 qiam
1502 2538 1674 2566 sequuntur,
1697 2535 1812 2566 exiyere

37 2580 184 2611 vitientur,
205 2584 234 2605 ut
252 2588 309 2612 pro
329 2579 365 2605 ad
383 2583 517 2611 ponatur·
537 2586 553 2603 a
574 2580 618 2603 rel
637 2578 685 2604 ab.
760 2579 789 2608 b)
813 2580 846 2604 In
868 2580 1011 2610 maryine,
1032 2587 1119 2602 ηιυιιιι
1141 2586 1282 2602 romanu:
1302 2576 1418 2609 Regina
1438 2576 1594 2602 desiderat
1614 2575 1739 2601 hortum
1759 2583 1812 2601 no-

34 2621 133 2647 strum
153 2629 207 2654 pro
229 2621 294 2647 suis
314 2621 466 2646 foeminis.
506 2621 604 2646 Simili
625 2622 739 2645 ratione
767 2622 946 2652 reliquorum
967 2621 1057 2645 lucius
1082 2621 1226 2645 enistzdae
1253 2620 1381 2650 capitum
1401 2626 1532 2643 summae
1559 2619 1660 2643 breves
1682 2619 1712 2642 in
1732 2626 1812 2642 mar-

31 2663 100 2695 yine
118 2667 186 2688 sunt
204 2664 337 2695 positae:
366 2672 439 2695 quas
459 2663 613 2687 brevitatis
637 2663 738 2693 uratia
758 2663 804 2688 hic
824 2663 964 2687 omittam.
1057 2663 1083 2692 c)
1105 2662 1244 2693 Sequitur
1263 2660 1479 2693 promissione,
1505 2661 1595 2684 omitt.
1688 2658 1717 2690 d)
1741 2660 1811 2684 Tria

34 2714 76 2730 vr.
96 2713 154 2737 sqq.
174 2713 192 2729 α
214 2706 242 2729 C.
263 2705 293 2729 in
315 2705 447 2736 maryine
467 2705 573 2729 addita
592 2709 669 2730 sunt.
756 2706 783 2735 0)
806 2706 829 2729 Α
853 2707 880 2729 (“.
902 2708 1059 2729 curt-ocium
1082 2712 1118 2727 ea·
1138 2702 1332 2728 admonetur.
1425 2702 1446 2731 f,
1469 2701 1669 2733 Snpplendum
1690 2709 1750 2725 esse
1773 2701 1812 2725 vi-

33 2746 122 2771 detur
143 2755 165 2771 ι·.
179 2753 277 2771 annos
297 2750 323 2771 et
343 2747 432 2771 simul
453 2747 674 2777 cm·›·i51en‹11m1:
694 2746 747 2776 34;
769 2757 790 2771 ι’.
813 2749 882 2771 (jan.
897 2747 921 2770 Γ
934 2747 985 2770 -115
1006 2749 1031 2770 et
1052 2753 1146 2776 supra
1162 2753 1193 2776 p.
1214 2746 1274 2769 211³.

159 2848 168 2867 ¹
195 2846 435 2891 Oenipontani
466 2850 502 2881 et
527 2847 699 2882 balensis.
846 2847 858 2867 ²
884 2847 1030 2888 mss-el,-
1056 2857 1089 2880 v.
1110 2856 1219 2889 supra
1246 2856 1278 2889 p.
1299 2845 1380 2880 297.

155 2901 168 2921 ³
194 2901 369 2935 Matthias
395 2902 564 2935 Lackner
589 2903 709 2935 rector
734 2899 895 2934 balensis
922 2899 1016 2933 Hal-a
1043 2899 1099 2933 24.
1128 2898 1220 2932 Iunii
1248 2899 1339 2932 1575
1367 2898 1593 2932 Mereuriano
1620 2896 1812 2942 *scripsitz

36 2952 78 2987 R.
96 2952 136 2988 P.
156 2953 297 2988 Natalis
329 2953 416 2996 „sibi
443 2954 538 2998 apud
564 2965 629 2988 nos
656 2953 771 2988 Halae
798 2954 920 2987 sedem
948 2952 1059 2996 elegit
1086 2952 1121 2985 in
1147 2951 1224 2986 loco
1246 2951 1315 2995 (uti
1340 2951 1427 2985 mihi
1458 2950 1672 2996 persuadeo)
1700 2951 1813 2984 totius

36 3004 250 3041 Germaniae
285 3007 497 3042 difficillimo
516 3034 524 3042 .
543 3034 551 3042 .
572 3034 580 3042 .
607 3018 675 3041 oua
711 3018 732 3041 a
766 3006 922 3041 sedecim
957 3005 1158 3040 miliaribus
1186 3004 1412 3039 Germanicis
1448 3005 1661 3039 adferuntur
1687 3006 1724 3037 et
1749 3003 1812 3037 uix

36 3059 190 3103 singulis
215 3061 400 3095 mensibus
420 3078 427 3086 ·
446 3061 523 3105 pari
550 3060 688 3095 ratione
715 3060 834 3105 pisces
853 3060 915 3094 uix
940 3059 996 3093 bis
1015 3061 1077 3093 aut
1095 3061 1150 3092 ter
1176 3061 1251 3092 toto
1270 3058 1353 3092 anni
1380 3058 1558 3093 curriculo
1585 3057 1752 3092 uisuntur
1778 3059 1813 3090 et

37 3111 62 3156 ij
89 3113 234 3157 quidem
260 3114 447 3155 carissimi,
483 3125 550 3148 nec
576 3114 636 3148 diu
662 3115 698 3148 in
733 3113 791 3148 his
817 3113 992 3147 montium
1021 3112 1124 3156 aquis
1150 3111 1397 3155 frigidissimis
1423 3113 1625 3146 seruantur.
1678 3110 1814 3144 Carnes

37 3176 139 3201 rarae
166 3169 202 3201 et
227 3167 303 3202 fere
329 3179 471 3213 semper
496 3178 688 3202 uaccarum
715 3170 779 3202 aut
805 3178 995 3212 caprarum
1021 3167 1124 3200 sunt“
1150 3167 1212 3209 (ex
1239 3167 1390 3208 autogr„
1417 3164 1538 3200 Germ.
1561 3165 1627 3199 136
1658 3164 1678 3198 f.
1698 3164 1811 3206 209³).
