2051 3476
198 207 250 230 xx
735 194 778 229 II.
806 194 1029 228 Prooemium
1060 193 1249 227 voluminis
1275 192 1429 236 septimi.

197 315 398 350 dicebatur:
435 326 539 359 quem
576 316 695 347 tamen
732 313 901 356 Gregoris
932 311 1028 346 XIII.
1064 310 1436 344 honorificentissimis
1471 309 1600 343 litteris
1638 319 1790 352 purgare
1825 307 1964 342 studuit

199 368 432 410 (315—317).
493 367 651 401 Alterius
690 366 832 409 generis
871 364 1104 399 difficultates
1143 363 1347 397 oriebantur
1389 374 1434 396 ex
1477 363 1607 396 Ioanne
1646 361 1835 395 Francisco
1875 361 1962 395 Bon-

198 420 315 454 homio
341 421 508 465 episcopo
536 420 766 459 vercellensi;
803 420 858 452 vir
886 418 944 452 ille
971 419 1106 457 doctus,
1134 417 1225 461 pius,
1252 428 1332 450 cum
1360 416 1393 450 S.
1414 415 1539 449 Carolo
1565 414 1780 448 Borromaeo
1806 414 1964 448 amicitia

196 474 349 515 iunctus,
387 474 421 507 in
450 473 664 507 Societatem
694 473 771 506 lesu
809 472 999 511 beneficus
1037 482 1114 504 cum
1143 481 1162 503 a
1190 469 1356 514 pontifice
1392 468 1538 502 nuntius
1566 470 1601 501 et
1627 467 1793 501 visitator
1820 467 1855 501 in
1881 466 1963 501 Hel-

196 527 329 560 vetiam
358 527 488 561 missus
515 528 621 567 esset,
652 527 724 560 acri
752 537 815 559 suo
842 523 1059 558 reformandi
1085 523 1203 557 studio
1240 534 1307 556 non
1334 522 1449 556 solum
1485 521 1731 555 sacerdotibus
1765 520 1963 555 monachis-

196 591 265 624 que
292 580 405 620 malis,
432 580 493 614 sed
523 580 630 613 etiam
658 579 758 612 laicis
784 578 918 618 inultis,
946 578 1005 621 qui
1032 576 1187 621 optimae
1208 575 1405 609 voluntatis
1424 577 1536 615 erant,
1567 575 1756 617 „exosum“
1778 586 1816 608 50
1842 574 1962 608 redde-

195 633 269 667 bat.
306 634 506 676 „Utinam“‚
534 633 648 676 inquit
668 632 842 671 Canisius,
874 631 927 673 ⁷,in
956 629 1166 674 quibusdam
1186 629 1246 663 ille
1266 629 1318 663 sic
1338 640 1441 662 suum
1462 629 1566 662 obeat
1586 639 1725 667 munus,
1745 630 1785 661 ut
1805 630 1962 662 nostram

195 688 231 720 et
257 687 429 721 ecclesiae
456 697 601 720 causam
628 697 695 719 non
723 684 894 729 impediat
920 683 1036 725 magis
1063 694 1168 726 quam
1197 682 1411 726 provehat!'‘
1445 681 1648 725 (536—539
1676 682 1772 725 597).

317 739 482 782 „Nobiles
509 743 544 773 et
571 738 749 783 principes
777 736 975 778 catholici“‚
1003 737 1053 770 ita
1079 747 1110 770 a.
1134 736 1222 769 1576
1242 735 1407 769 0311151115
1433 735 1606 779 queritur,
1637 746 1714 776 „res
1733 738 1767 768 et
1792 746 1964 779 personas

194 793 459 827 ecclesiasticas
497 804 605 837 supra
642 792 784 825 modurn
824 792 990 836 premunt
1028 792 1064 823 et
1101 789 1285 832 affligunt,
1326 791 1364 822 ut
1401 788 1535 833 passim
1575 788 1697 821 videre
1733 789 1807 822 est“
1849 788 1962 831 (364).

194 845 439 880 Ferdinandus
458 846 500 879 ll.
520 845 650 879 Tirolis
677 845 842 890 princeps
869 844 1073 888 episcopum
1101 842 1333 876 tridentinum
1361 842 1396 875 in
1424 842 1529 876 rebus
1548 842 1714 876 civilibus
1733 842 1881 886 imperio
1900 852 1964 876 suo

192 899 393 933 subiectum
421 911 499 933 esse
518 903 628 939 ratus,
655 902 780 938 terras,
808 897 937 941 quibus
955 896 1014 930 ille
1034 908 1129 929 more
1148 896 1319 929 maiorum
1341 895 1550 939 imperabat,
1578 897 1786 940 occupavit;
1815 899 1964 929 conatus

196 955 315 986 autem
353 954 451 997 pacis
477 952 720 986 conciliandae
747 962 856 985 causa
882 950 1041 994 suscepti
1068 960 1191 982 omnes
1218 949 1309 983 irriti
1336 948 1499 989 fuerunt;
1535 948 1620 982 urbs
1646 948 1838 982 tridentina
1866 949 1963 982 facta

192 1007 258 1046 est,
294 1009 334 1040 ut
360 1006 525 1040 Canisius
552 1006 612 1046 ait,
644 1004 833 1050 „spelunca
870 1003 1068 1037 latronum⁴⁴
1099 1004 1157 1041 (11
1186 1003 1283 1043 345).
1335 1002 1489 1036 Iuvenes
1525 1003 1685 1046 germani
1720 1002 1963 1047 depravaban-

192 1061 251 1092 tur
278 1059 312 1092 in
338 1059 574 1093 universitate
600 1059 781 1103 patavina,
811 1059 842 1091 in
871 1068 940 1100 qua
966 1056 1117 1090 liberum
1145 1059 1222 1090 erat
1250 1056 1292 1089 de
1319 1055 1491 1099 religione
1518 1057 1702 1101 disputare
1728 1059 1764 1089 et
1790 1055 1963 1090 ecclesiae

193 1112 367 1147 institutis
393 1113 510 1158 palam
539 1123 737 1156 repugnare
766 1111 879 1153 (290).
923 1109 1025 1144 Α1130
1052 1121 1193 1154 quoque
1220 1110 1477 1144 universitates
1505 1110 1647 1144 italicae
1670 1109 1859 1144 Germanis
1885 1108 1963 1143 sive

191 1165 306 1199 doctis
340 1167 418 1200 sive
455 1166 607 1200 indoctis
641 1165 774 1209 gradus
811 1164 1034 1198 academicos
1069 1168 1105 1197 et
1132 1164 1166 1197 in
1193 1162 1375 1207 theologia
1411 1167 1445 1197 et
1472 1163 1507 1197 in
1535 1164 1610 1197 iure
1637 1163 1877 1204 conferebant,
1914 1161 1964 1196 nil

192 1221 379 1260 curantes,
416 1220 517 1254 cuius
551 1218 736 1261 religionis
772 1220 912 1254 essent:
948 1217 1008 1261 qui
1048 1217 1174 1251 deinde
1209 1217 1242 1251 in
1281 1216 1472 1251 Germania
1507 1216 1694 1251 catholicis
1729 1216 1892 1251 dedecori
1928 1218 1964 1250 et

192 1271 404 1307 detrimento
432 1275 534 1307 erant
561 1272 673 1316 (305).
709 1271 747 1304 111
776 1270 898 1305 urbem
925 1271 1164 1305 coloniensem
1185 1270 1307 1304 Geusii
1334 1270 1540 1315 irrepebant
1565 1270 1627 1315 (25
1654 1270 1753 1313 399).
1794 1270 1963 1304 Homines

191 1326 299 1359 etiam
326 1326 491 1360 catholici
519 1326 561 1359 de
588 1325 739 1359 ecclesia
774 1335 931 1364 romana,
958 1324 1145 1369 episcopis,
1181 1324 1276 1358 clero
1302 1324 1470 1358 universo
1506 1336 1614 1369 saepe
1641 1323 1812 1358 maledice
1844 1323 1962 1367 loque-

194 1379 338 1419 bantur;
375 1380 581 1414 sacerdotes
607 1378 720 1412 nostri
754 1377 838 1412 mali
874 1380 976 1418 sunt,
1012 1371 1175 1418 aiebanst
1211 1377 1290 1411 ideo
1326 1378 1370 1411 iis
1405 1377 1652 1422 obtemperare
1688 1389 1755 1411 non
1792 1376 1963 1411 debemus

193 1431 278 1475 (723
313 1433 412 1476 811).
465 1432 625 1467 Pessime
662 1431 855 1466 audiebant
889 1431 1020 1465 aetatis
1056 1431 1140 1465 illus
1174 1431 1308 1465 milites
1344 1431 1578 1472 conducticii;
1614 1442 1764 1476 quorum
1798 1430 1962 1475 blasphe-

191 1484 292 1526 mias,
319 1486 524 1527 ebrietates,
555 1486 699 1531 rapinas
725 1485 916 1528 obiurgare
943 1484 1107 1519 Canisius
1133 1497 1202 1519 non
1229 1484 1395 1519 cessabat
1425 1486 1509 1526 (709
1537 1485 1604 1519 717
1633 1485 1730 1526 721).
1782 1483 1963 1528 Singulari

191 1538 328 1573 ratione
354 1539 390 1573 in
417 1540 482 1574 hoc
509 1539 688 1573 volumine
714 1538 878 1578 traditur,
916 1550 984 1582 quo
1011 1538 1088 1572 1000
1114 1538 1150 1572 111
1177 1538 1286 1572 Tiroli
1315 1538 1442 1581 religio
1469 1542 1504 1572 et
1529 1550 1647 1573 mores
1674 1539 1817 1573 fuerint.
1856 1538 1961 1572 Haud

190 1605 270 1628 raro
296 1593 532 1637 magistratus
558 1593 746 1627 inferiores
772 1592 813 1626 ad
842 1593 1072 1636 exsequenda
1098 1603 1149 1633 ea,
1186 1603 1277 1636 quae
1304 1592 1477 1626 archidux
1504 1592 1585 1626 fidei
1620 1594 1655 1626 et
1682 1593 1827 1637 pietatis
1853 1602 1962 1626 causa

190 1646 395 1687 constituit,
430 1658 560 1690 segnes
595 1650 680 1681 sunt
716 1646 800 1689 (638
836 1647 932 1689 743).
985 1646 1158 1681 Catholici
1194 1646 1447 1687 inveniuntur,
1489 1646 1549 1690 qui
1587 1646 1711 1680 diebus
1747 1645 1962 1680 esurialibus

190 1700 307 1745 palam
345 1700 512 1734 carnibus
548 1702 742 1734 vescantur
776 1702 812 1733 et
847 1700 971 1735 diebus
1005 1700 1118 1734 sacris
1156 1699 1274 1744 palam
1310 1712 1417 1745 opera
1452 1699 1631 1744 prohibita
1674 1699 1812 1734 faciant
1847 1700 1960 1743 (743).

189 1753 337 1795 Vicinis‚
373 1754 427 1797 ait,
451 1754 627 1794 Canisius,
667 1753 852 1798 „crapula“
883 1757 1005 1787 nostra
1040 1753 1224 1787 offensioni
1260 1765 1384 1788 sumus
1418 1753 1531 1796 (628).
1582 1753 1706 1798 Neque
1740 1753 1792 1787 ita
1826 1764 1961 1798 parvus

190 1818 359 1842 numerus
395 1819 516 1842 eorum
552 1808 664 1841 fuisse
700 1807 853 1847 videtur,
889 1807 949 1851 qui
983 1807 1088 1841 fenus
1118 1807 1278 1851 iniquum
1315 1807 1553 1842 excercebant
1588 1808 1672 1850 (617
1700 1808 1768 1842 619
1796 1808 1864 1841 623
1892 1806 1960 1842 708

190 1861 287 1904 717).
329 1861 508 1906 Pauperes
533 1872 641 1906 saepe
672 1861 767 1903 „sine
793 1861 856 1895 lux
883 1865 918 1895 et
944 1861 1051 1895 crux“
1079 1860 1356 1905 sepeliebantur,
1384 1860 1528 1905 perinde
1555 1872 1596 1894 ac
1622 1862 1651 1895 si
1679 1860 1865 1895 christiani
1891 1872 1960 1895 non

190 1916 329 1954 essent;
367 1914 500 1948 divites
527 1926 612 1948 vero
639 1915 889 1948 ostentationis
920 1926 1028 1948 causa
1055 1914 1243 1948 immodica
1269 1925 1348 1948 cum
1386 1914 1522 1948 funeris
1556 1925 1686 1959 pompa
1721 1914 1960 1949 efferebantur

193 1966 273 2009 (681
305 1967 402 2011 727).
453 1968 492 2001 111
520 1968 707 2001 iuventute
734 1967 969 2008 immodestia,
1000 1967 1230 2012 protervitas,
1258 1967 1435 2013 impietas,
1463 1979 1600 2001 morum
1627 1967 1814 2002 dissolutio
1840 1979 1959 2002 cerne-

191 2020 321 2054 bantur
347 2019 462 2065 (631).

307 2074 339 2108 2.
367 2071 578 2109 Huiusmodi
606 2074 733 2108 malis
760 2074 922 2108 mederi
948 2074 1142 2108 studebant
1168 2074 1330 2119 inprimis
1357 2074 1542 2120 pontifices
1566 2075 1713 2108 romani.
1758 2074 1791 2108 -Q,
1812 2074 1897 2108 Pius
1917 2075 1958 2110 V.

190 2126 310 2171 paullo
345 2131 538 2172 antequam
575 2130 784 2169 moreretur,
821 2128 912 2162 hanc
943 2127 1106 2161 ultimam
1133 2128 1189 2161 sui
1216 2128 1250 2161 in
1279 2127 1476 2162 Germanos
1502 2128 1633 2162 amoris
1659 2128 1960 2172 significationem

189 2180 320 2215 edidit:
355 2180 532 2215 Militibus
559 2181 750 2225 germanis,
778 2181 838 2225 qui
865 2181 1070 2215 Messanam
1097 2192 1177 2215 cum
1204 2181 1319 2215 classe
1346 2181 1389 2215 ad
1417 2181 1555 2216 Turcas
1581 2181 1841 2226 expugnandos
1867 2193 1958 2215 com-

187 2235 315 2278 parata
342 2237 525 2276 venerant,
562 2235 675 2269 Roma
701 2234 892 2269 Societatis
918 2234 1139 2269 sacerdotem
1166 2245 1377 2277 germanum
1403 2235 1511 2275 misit,
1538 2235 1695 2269 omnium
1722 2238 1959 2279 peccatorum,

189 2298 234 2320 ne
259 2298 328 2321 uno
355 2287 496 2332 quidem
524 2288 699 2322 scelerum
735 2299 866 2331 genere
893 2290 1054 2332 excepto,
1089 2287 1385 2322 remittendorum
1420 2289 1598 2332 potestate
1624 2288 1838 2322 instructum
1870 2288 1958 2332 (13),

188 2340 228 2373 ln
253 2340 308 2374 Pii
345 2340 460 2375 locum
487 2341 551 2375 vix
586 2342 761 2376 suffectus
797 2344 875 2376 erat
902 2341 1097 2385 Gregorius
1123 2341 1231 2383 XIII„
1266 2352 1347 2375 cum
1374 2341 1555 2376 Canisium
1592 2344 1628 2375 et
1663 2341 1752 2375 alios
1785 2342 1958 2385 quosdam

188 2392 380 2428 societatis
413 2394 555 2429 sodales
590 2395 660 2429 cito
686 2397 898 2439 secretoque
925 2395 968 2429 ad
996 2406 1034 2429 se
1068 2394 1289 2440 perscribere
1320 2395 1437 2436 iussit,
1473 2395 1648 2439 quomodo
1683 2406 1740 2429 res
1775 2395 1958 2439 religionis

187 2446 223 2480 in
242 2446 434 2482 Germania
460 2460 499 2482 se
526 2448 710 2490 haberent,
738 2451 774 2483 et
799 2449 931 2493 quibus
956 2448 1154 2483 rationibus
1180 2447 1350 2482 haeretici
1379 2448 1422 2482 ad
1441 2448 1628 2483 ecclesiam
1648 2449 1768 2483 reduci
1797 2451 1956 2493 possent;

187 2501 410 2544 quaerendas
436 2504 556 2536 autem
583 2514 663 2537 esse
689 2502 846 2537 rationes
873 2502 1069 2536 clementes
1097 2501 1247 2545 („mezzi
1273 2502 1430 2544 suavi“),
1457 2514 1525 2535 non
1553 2513 1655 2536 acres
1680 2503 1758 2536 sive
1784 2502 1958 2537 militares

190 2553 304 2598 (104).
356 2554 482 2589 Paullo
515 2558 596 2600 post
622 2555 818 2600 Gregorius
845 2556 987 2591 Canisio
1014 2555 1209 2594 mandavit,
1237 2557 1277 2589 ut
1301 2555 1481 2600 principes
1507 2556 1676 2589 Austriae
1701 2555 1896 2601 superioriS
1923 2559 1960 2591 et

187 2606 365 2641 Bavariae
401 2611 509 2652 atque
547 2608 854 2654 archiepiscopum
888 2608 1190 2653 salisburgensem
1229 2608 1344 2642 adiret
1379 2611 1414 2643 et
1461 2608 1639 2653 pontificis
1675 2610 1817 2643 nomine
1852 2609 1957 2643 inter-

187 2663 342 2703 rogaret,
379 2661 676 2705 quemadmodum
712 2663 839 2706 religio
878 2662 994 2696 iuvari
1029 2664 1168 2708 posset;
1206 2673 1276 2706 quo
1312 2662 1408 2696 facto
1435 2662 1582 2696 Romam
1610 2662 1751 2696 veniret
1784 2666 1820 2696 et
1846 2663 1889 2697 iis
1916 2663 1958 2697 de

186 2713 294 2748 rebus
328 2715 371 2748 ad
407 2725 445 2748 se
480 2715 632 2749 referret
668 2715 782 2760 (106).
834 2716 922 2750 Item
960 2716 1122 2760 pontifex
1157 2726 1237 2750 cum
1273 2715 1465 2750 cardinalis
1490 2715 1714 2750 Truchsessii
1746 2719 1782 2750 et
1807 2716 1956 2750 aliorum

187 2777 306 2808 suasu,
342 2770 417 2801 tum
446 2768 588 2802 Canisio
619 2772 763 2804 auctore
790 2769 924 2803 Romae
959 2768 1147 2812 collegium
1184 2768 1428 2812 germanicum
1465 2769 1655 2812 magnifice
1682 2770 1840 2811 dotavit;
1877 2781 1956 2804 cum

190 2822 309 2854 autem
337 2821 372 2854 in
400 2821 592 2857 Germania
618 2834 731 2867 paene
757 2822 852 2857 solos
878 2822 1015 2856 nobiles
1042 2821 1311 2856 canonicatibus
1337 2825 1373 2856 et
1398 2822 1663 2867 episcopatibus
1699 2823 1803 2867 potiri
1830 2835 1956 2867 coguo-

187 2872 311 2914 visset,
347 2874 515 2909 nobilium
543 2875 813 2910 adulescentum
841 2875 1057 2910 institutioni
1085 2876 1176 2909 idern
1204 2874 1394 2919 collegium
1421 2875 1625 2919 assignavit
1651 2876 1737 2919 (136
1763 2876 1831 2911 396
1858 2877 1955 2920 665).

187 2926 330 2961 Canisio
357 2930 521 2962 monente
549 2929 584 2962 in
610 2928 689 2973 ipsa
715 2928 908 2963 Germania
933 2929 1126 2963 seminaria
1152 2929 1230 2962 sive
1260 2928 1502 2970 „alumnatus‘
1536 2928 1776 2970 vindobonae,
1804 2930 1955 2971 Graecii,

190 2979 471 3025 Braunsbergae‚
507 2981 651 3022 Fuldae,
680 2981 844 3025 Dilingae
871 2982 1030 3016 condidit
1058 2982 1173 3025 (359).
1225 2981 1393 3015 Eiusdem
1421 2981 1553 3016 Canisii
1581 2985 1618 3016 et
1643 2983 1793 3016 aliorum
1819 2983 1956 3027 aliquot

187 3032 369 3067 Sociorum
395 3037 523 3078 rogatu
552 3035 585 3068 in
605 3034 818 3069 Germaniae
845 3037 882 3069 et
906 3035 1055 3069 aliarum
1083 3035 1267 3078 regionum
1287 3035 1620 3080 septentrionalium
1647 3036 1798 3078 gratiam
1818 3037 1955 3079 amplas

187 3085 379 3121 facultates
414 3098 537 3122 sacras
572 3088 768 3127 concessit;
806 3088 838 3121 in
868 3088 997 3132 quibus
1023 3088 1090 3122 hae
1117 3089 1239 3122 erant:
1275 3088 1397 3122 Socios
1423 3099 1443 3121 a
1480 3089 1682 3133 praeposito
1709 3089 1870 3132 generali
1897 3090 1953 3124 de-

186 3139 348 3182 signatos
390 3141 498 3174 etiam
541 3144 690 3185 peccata
732 3141 890 3186 pontifici
934 3143 1119 3176 reservata
1162 3141 1345 3175 remittere
1383 3152 1510 3186 posse,
1554 3146 1587 3175 et
1626 3142 1814 3177 Societatis
1856 3155 1953 3188 prae-

187 3191 321 3236 positos
359 3205 426 3227 non
465 3193 579 3227 solum
619 3193 750 3234 Sociis,
788 3194 851 3228 sed
891 3195 998 3229 etiam
1037 3194 1286 3228 sacerdotibus
1324 3193 1404 3228 aliis
1442 3197 1658 3238 potestatem
1693 3195 1811 3230 facere
1849 3208 1953 3241 posse
