2062 3443
449 158 646 193 Ratisbona
673 159 767 193 inter
793 170 838 193 m.
859 158 988 193 Iulium
1015 161 1052 192 et
1077 158 1324 203 Septembrem
1355 160 1456 194 1576.
1764 163 1849 203 363

76 276 245 330 quidem
277 276 404 330 ijdem
440 276 640 330 Episcopi
683 279 726 318 et
762 275 981 329 Principes
1024 275 1217 317 eiusdem
1251 275 1454 318 Nationis
1487 276 1677 319 Nuntios
1710 276 1850 329 inagis

75 342 128 384 ad
161 355 208 383 se
240 341 366 392 mitti,
411 341 583 395 partim,
624 344 671 383 ut
703 355 781 382 sua
823 340 1002 382 consilia
1044 343 1088 382 et
1120 354 1249 382 sensa
1288 341 1371 382 illis
1405 342 1660 383 Germanice
1692 342 1848 395 potius,

74 420 201 460 quam
247 406 400 449 Latine
445 406 739 460 explicarent,
787 405 909 448 multi
956 406 1068 447 enim
1116 406 1269 447 Latine
1313 406 1430 459 loqui
1477 420 1609 460 aegre
1653 410 1848 460 possunt,

73 471 231 526 partim
274 471 386 524 quod
429 471 611 513 alterius
653 471 841 513 nationis
883 471 1126 512 hominibus
1168 471 1308 512 minus
1350 472 1483 513 fidere
1516 472 1699 513 soleant.
1765 472 1848 513 Sed

76 536 284 590 paulatim
304 536 493 578 fortasse
512 538 600 586 fiet,
625 539 673 577 ut
691 550 714 577 e
733 535 961 577 Germanis
984 535 1114 578 etiam
1138 537 1293 578 secreti
1318 537 1473 578 saltem
1493 537 1644 589 Nuntij
1670 537 1850 578 circum-

73 601 328 651 cursitent¹‚
362 604 438 644 aut
471 601 568 654 alijs
601 601 778 654 Nuntijs
811 600 1111 643 adhibeantur.

191 673 428 726 Praecipue
460 673 743 714 laborandum
779 672 951 714 videtur
992 672 1033 713 in
1073 672 1279 714 sanandis
1320 673 1481 714 morbis
1524 672 1713 714 omnium
1748 687 1848 726 gra-

78 737 277 788 uissimis,
312 738 384 791 qui
418 752 472 779 ex
495 737 826 779 Cathedralibus
850 737 1058 791 Ecclesijs
1091 737 1145 779 ad
1169 737 1328 779 clerum
1353 751 1521 780 omnem
1547 738 1849 780 Germanicum

71 803 113 845 ui
146 817 305 857 magna
336 803 594 845 redundant.
654 803 750 845 Nisi
783 803 852 844 hic
884 803 1163 856 plurimorum
1198 804 1409 845 malorum
1444 803 1541 845 fons
1581 804 1847 854 obstruatur,

69 882 170 923 spes
203 869 341 910 omnis
373 868 523 910 ablata
555 870 622 910 est
655 868 791 909 bonos
824 867 1063 922 Episcopos
1097 870 1141 910 et
1175 868 1402 910 Praelatos
1440 869 1482 910 in
1517 868 1751 910 Germania
1783 869 1848 910 in-

70 933 292 984 stituendi,
327 948 434 987 quos
467 947 522 975 ex
556 933 886 987 corruptissima
918 933 1145 975 nobilitate
1179 947 1291 975 nunc
1324 933 1425 987 eligi
1459 947 1637 976 necesse
1670 937 1752 976 est.

190 1005 301 1047 Sunt
342 1005 413 1058 qui
456 1007 611 1059 putent
652 1004 932 1058 Apostolicae
966 1003 1065 1046 Sedi
1106 1004 1309 1046 iustiores
1351 1018 1507 1047 causas
1549 1004 1747 1059 praeberi
1795 1005 1848 1047 ad

71 1070 329 1120 reuocanda,
363 1084 491 1123 quam
525 1070 578 1112 ad
613 1083 819 1112 concessa
851 1068 970 1122 prius
999 1069 1227 1123 priuilegia
1251 1069 1534 1112 Germanicae
1556 1069 1774 1112 nobilitati
1806 1070 1848 1111 in

70 1135 196 1178 dictis
229 1135 478 1189 Ecclesijs2‚
522 1149 633 1188 quae
677 1136 817 1177 totum
852 1135 1021 1177 Clerum
1063 1134 1194 1187 uulgo
1238 1135 1425 1178 reddunt
1466 1149 1660 1186 exosum,
1703 1138 1747 1178 et
1784 1134 1849 1176 in-

67 1200 339 1242 tolerabilem
381 1200 600 1243 licentiam
643 1199 726 1242 sibi
770 1202 968 1251 sumunt,
1013 1200 1112 1241 dum
1155 1199 1358 1241 Canonici
1400 1200 1579 1254 perinde
1622 1214 1672 1242 ac
1713 1200 1847 1242 seculi

69 1265 240 1316 milites,
275 1265 368 1308 sine
401 1265 516 1307 omni
549 1265 777 1319 disciplina
809 1269 854 1308 et
887 1265 1117 1308 honestate
1150 1269 1381 1318 uagantur,
1417 1268 1462 1308 et
1493 1265 1662 1308 infinita
1685 1266 1846 1320 passim

71 1333 224 1373 creant
257 1331 527 1375 offendicula.

188 1402 307 1452 Quod
341 1402 376 1444 si
409 1406 652 1456 temporum
686 1401 892 1455 iniquitas
925 1401 1125 1456 prohibet
1157 1401 1235 1444 hos
1258 1401 1301 1443 in
1325 1402 1531 1456 Ecclesijs
1564 1402 1743 1452 nobiles,
1779 1402 1847 1443 uel

67 1467 174 1517 tolli,
194 1468 263 1510 uel
281 1467 524 1517 reformari,
544 1468 701 1509 saltem
720 1472 919 1509 extrema
937 1467 1176 1510 necessitas
1194 1468 1389 1521 postulat
1407 1467 1619 1510 rationem
1639 1467 1846 1516 adhiberi,

72 1536 122 1576 ut
143 1532 325 1587 posthac
348 1533 512 1575 nobiles
525 1531 747 1574 Haeretici
769 1532 812 1574 in
828 1532 1109 1575 Cathedrales
1132 1532 1374 1575 huiusmodi
1391 1533 1610 1575 Ecclesias
1632 1547 1716 1574 non
1740 1533 1848 1575 reci-

72 1598 269 1652 piantur,
311 1601 445 1651 utque
477 1597 641 1652 recepti
674 1598 835 1639 nullam
870 1612 1020 1639 uocem
1055 1598 1242 1640 actiuam
1286 1599 1354 1640 uel
1396 1598 1615 1652 passiuam
1656 1598 1849 1641 habeant

69 1663 113 1705 in
147 1663 429 1706 electionibus
462 1663 778 1706 praelatorum.
844 1663 909 1705 Ad
944 1677 1073 1716 quam
1106 1678 1196 1704 rem
1231 1663 1502 1705 efficiendam
1542 1663 1720 1705 consilio
1754 1666 1846 1705 tum

68 1728 190 1771 Caes.
225 1728 472 1771 Maiestatis
505 1732 597 1771 tum
630 1728 1066 1783 Archiepiscoporum
1106 1743 1213 1783 opus
1246 1743 1342 1771 esse
1375 1728 1560 1771 uidetur.

186 1801 370 1843 Multum
405 1800 537 1842 etiam
581 1800 635 1842 ad
668 1800 824 1842 bonam
858 1800 1160 1842 Praelatorum
1194 1800 1450 1843 electionem
1484 1799 1692 1851 conferet,
1727 1799 1763 1841 si
1795 1813 1847 1842 ea

66 1865 250 1920 posthac
282 1865 340 1908 sit
372 1865 509 1907 libera
541 1867 586 1907 et
618 1865 838 1916 canonica,
872 1879 952 1907 nec
984 1865 1246 1919 impediatur
1277 1865 1458 1908 statutis
1482 1868 1526 1908 et
1548 1865 1702 1919 pactis,
1736 1879 1846 1918 quae

65 1930 109 1972 in
142 1931 474 1974 Cathedralibus
516 1931 725 1985 Ecclesijs
767 1931 941 1972 nimium
986 1931 1152 1973 usitata
1193 1934 1237 1973 et
1275 1931 1403 1973 ualde
1444 1930 1689 1985 perniciosa
1729 1933 1844 1982 sunt,

67 1999 115 2038 ut
146 1996 232 2038 illis
264 1997 386 2050 quasi
420 1996 605 2039 uinculis
638 2011 792 2038 manus
825 1997 1138 2051 Episcoporuin
1172 1996 1299 2038 foede
1341 1996 1544 2050 ligentur,
1588 1998 1633 2038 et
1666 1996 1709 2038 in
1742 1996 1846 2038 uisi-

64 2061 186 2104 tandi
219 2062 571 2114 reformandique
604 2061 746 2103 officio
779 2076 910 2116 saepe
942 2062 1212 2114 multumque
1244 2061 1549 2116 impediantur.

183 2133 350 2175 Rursus
385 2147 543 2188 operae
583 2133 769 2187 pretium
813 2136 930 2176 esset
971 2133 1091 2187 leges
1125 2133 1363 2187 praescribi
1395 2132 1624 2175 Nobilibus
1664 2132 1760 2175 istis
1794 2132 1846 2174 de

62 2197 380 2240 conditionibus
403 2199 698 2252 eligendorum
734 2199 1049 2249 Praelatorum‚
1085 2201 1134 2241 ut
1166 2198 1308 2241 sciant
1330 2198 1495 2240 Rornae
1518 2212 1603 2240 non
1627 2212 1722 2240 esse
1745 2211 1846 2239 con-

64 2263 300 2304 firmandos
332 2263 375 2304 in
409 2267 645 2317 posterum,
681 2263 763 2304 nisi
796 2263 866 2317 qui
900 2263 1023 2305 iuxta
1057 2263 1373 2317 praescriptam
1399 2263 1629 2305 formulam
1653 2263 1846 2316 legitime

64 2327 226 2371 fuerint
258 2328 399 2371 electi.
464 2328 642 2370 Summa
675 2329 786 2370 enim
822 2329 1059 2371 electorum
1092 2328 1313 2382 imperitia
1345 2331 1413 2371 est
1444 2328 1487 2370 in
1517 2328 1604 2379 his,
1648 2342 1758 2382 quae
1792 2328 1845 2371 ad

63 2393 260 2435 Canones
293 2407 549 2447 omnemque
583 2394 852 2448 disciplinam
888 2393 1242 2436 Ecclesiasticam
1276 2396 1492 2448 spectant.

182 2463 324 2506 Electi
356 2464 541 2518 primum
566 2465 772 2515 praelati,
808 2465 880 2518 qui
913 2480 967 2507 ex
992 2468 1210 2519 corrupta,
1244 2467 1292 2506 ut
1316 2465 1478 2506 dictum
1503 2467 1583 2515 est,
1618 2464 1846 2507 nobilitate

62 2529 226 2571 assumi
270 2530 434 2579 solent,
480 2530 667 2584 plurium
715 2544 843 2584 quam
891 2531 1201 2573 Canonicorum
1245 2529 1495 2573 testimonio
1538 2530 1845 2584 comprobandi

64 2594 282 2645 uidentur,
327 2595 579 2649 priusquam
621 2596 791 2637 illorum
835 2595 1003 2639 Electio
1051 2596 1094 2637 in
1127 2595 1245 2637 Vrbe
1288 2596 1580 2637 confirmetur.
1645 2595 1704 2638 Et
1746 2595 1844 2637 dum

59 2660 374 2702 confirmantur
415 2659 605 2702 fortasse
638 2660 804 2702 moneri
845 2660 975 2702 immo
1009 2663 1054 2703 et
1086 2659 1269 2713 obligari
1308 2663 1487 2714 possent
1528 2660 1582 2702 ad
1616 2660 1846 2713 sequentia

62 2724 358 2767 obseruanda:

185 2882 193 2902 ¹
221 2881 404 2916 Eiusmodi
446 2884 645 2923 „secretum
671 2881 865 2916 Nuntium“
898 2882 1066 2916 Canisius
1092 2881 1147 2915 Pii
1176 2881 1235 2916 lV.
1265 2882 1364 2915 iussu
1400 2893 1420 2916 a
1453 2893 1499 2917 m.
1528 2881 1725 2916 Novembri
1754 2881 1845 2915 1565

65 2933 111 2968 ad
150 2934 356 2969 Ianuarium
398 2935 488 2969 1566
527 2946 590 2979 per
626 2934 804 2974 Suebiam,
844 2935 1099 2976 Franconiam,
1143 2935 1308 2977 regiones
1342 2934 1534 2977 rhenanas,
1577 2934 1844 2979 Westphaliam

63 2989 190 3031 egerat
218 2988 324 3030 (Can.
344 2987 376 3022 V
406 2988 591 3022 119-182
619 2988 837 3032 639-690).

181 3047 193 3067 ²
219 3046 418 3091 Privilegia
445 3047 540 3087 dicit,
568 3048 699 3091 quibus
725 3048 884 3083 maxima
910 3059 994 3093 pars
1021 3047 1294 3082 canonicatuum
1324 3050 1360 3081 et
1383 3047 1581 3091 dignitates
1601 3046 1845 3090 (decanorum,

59 3100 345 3145 praepositorum
381 3100 465 3144 etc.)
502 3101 578 3135 fere
613 3112 737 3136 omnes
772 3102 952 3136 nobilitati
990 3104 1177 3135 reservata
1212 3104 1316 3134 erant
1342 3103 1379 3135 et
1405 3112 1451 3135 ex
1486 3100 1554 3136 hac
1580 3100 1658 3135 sola
1685 3100 1843 3145 episcopi

58 3153 144 3197 eligi
171 3156 350 3198 poterant.
