2051 3433
146 206 232 247 690
915 202 1011 236 Mon.
1041 200 1143 235 1153.

143 320 387 364 tatissimus
419 320 462 362 in
496 319 692 362 omnibus
725 319 927 373 Europae
961 321 1005 361 et
1037 317 1195 359 Indicis
1228 316 1481 367 Provinciis,
1525 316 1568 358 in
1608 317 1766 359 scholis
1797 329 1924 371 prae-

144 387 330 442 legatur,
365 400 493 440 quam
526 385 668 439 quivis
700 384 812 427 alius
844 384 1043 426 ethnicus
1074 383 1177 425 licet
1210 382 1387 425 moralis
1419 382 1564 425 liber.“

265 467 438 512 Exemplo
466 467 609 511 quidem
636 465 903 500 carolsruhensi
923 465 980 499 vel
1007 465 1128 510 potius
1155 463 1414 498 constantiensi
1435 463 1624 498 Possevini
1646 474 1775 497 nomen
1794 463 1926 508 ascrip-

143 524 221 556 tum
248 533 316 556 non
337 523 410 562 est;
439 520 500 554 sed
528 521 645 553 totum
671 519 967 553 commentarium
995 519 1029 552 in
1057 520 1129 552 tam
1158 517 1282 551 multis
1308 517 1415 551 rebus
1445 516 1555 559 (utin
1576 516 1770 560 Augustini
1789 515 1926 550 Valerii

144 574 338 610 Rhetorica
373 573 621 608 ecclesiastica
648 578 683 606 et
711 572 957 617 Chrysostomi
986 571 1113 606 Iavelli
1141 570 1182 605 O.
1211 570 1268 604 Pr.
1296 569 1492 613 Theologia
1518 570 1716 604 christiana
1751 580 1927 603 commen-

145 627 283 669 dandis,
310 627 545 669 indulgentiis
573 638 594 660 a
622 626 684 660 Pio
703 627 745 661 V.
775 629 811 660 et
838 625 1012 668 Gregorio
1033 625 1129 659 XIII.
1157 624 1211 665 iis,
1240 623 1300 668 qui
1327 623 1527 658 doctrinam
1555 623 1789 658 christianam
1816 622 1925 657 tradi-

144 683 216 716 turi
235 683 319 723 sint,
346 680 528 716 concessis
546 679 785 714 memorandis
805 679 890 722 etc.)
920 690 999 713 cum
1020 678 1177 723 epistula
1196 677 1257 711 illa
1279 677 1352 720 „De
1378 677 1599 711 necessitate
1614 705 1622 712 .
1638 704 1644 711 .
1662 705 1669 712 .
1685 676 1921 712 Catechismi‘

145 736 323 776 convenit,
350 738 391 769 ut
416 734 574 768 eiusdem
603 733 760 768 auctoris
786 744 867 767 esse
894 733 1036 766 omnino
1055 732 1233 766 videatur.
1272 730 1423 764 Accedit
1449 731 1544 775 quod
1563 731 1721 765 eiusdem
1749 741 1926 764 commen-

144 790 227 823 tarii
263 789 416 823 alterum
452 787 658 832 exemplum
693 787 879 830 antiquum
908 786 1069 829 (collegii
1097 784 1296 828 Anglorum
1324 783 1514 818 duacensis
1541 784 1653 818 fuisse
1680 784 1838 827 videtur)
1869 781 1927 816 vel

146 845 268 877 exstat
294 842 354 876 vel
379 841 557 881 exstabat,
585 840 642 875 cui
669 840 751 874 olim
779 840 993 884 inscriptum
1021 841 1096 873 est:
1127 839 1187 881 „R
1206 838 1446 872 Possevinus“
1474 837 1567 881 (The
1593 838 1674 872 first
1700 837 1769 871 and
1795 836 1926 871 second

146 895 277 930 diaries
304 895 344 929 of
366 895 428 929 the
457 894 607 937 English
636 893 792 937 College,
825 893 965 938 Douay,
998 892 1067 926 and
1094 904 1137 926 an
1167 890 1346 936 appendix
1374 891 1413 925 of
1436 891 1677 936 unpublished
1705 890 1926 931 documents,

146 949 264 983 edited
300 949 347 994 by
373 949 527 982 Fathers
558 949 598 990 of
620 948 676 981 the
705 948 963 991 Conqreyatz'on
991 948 1033 987 of
1056 946 1110 979 the
1136 947 1290 979 London
1321 945 1487 989 Orator-y,
1526 944 1671 978 London
1699 944 1801 984 1878,
1838 941 1926 977 Coll.

145 1002 392 1045 Anglo-Duac.
421 1003 509 1036 diar.
528 1001 735 1042 secundum,
763 1012 795 1045 p.
816 1000 915 1042 256).
954 1001 1074 1043 Atque
1094 998 1290 1033 verisimile
1309 1001 1364 1032 est
1393 998 1477 1040 (nisi
1497 998 1631 1042 fallor),
1658 997 1725 1031 hoc
1751 1007 1927 1031 commen-

147 1056 278 1090 tarium
314 1055 487 1090 cardinali
523 1055 646 1088 Marco
673 1054 801 1088 Sittico
841 1054 885 1088 ab
912 1053 1118 1087 Hohenems
1153 1053 1287 1086 Romae
1322 1051 1501 1085 habitanti
1536 1052 1581 1086 ab
1616 1051 1693 1096 ipso
1729 1050 1927 1084 Possevino

145 1109 239 1143 inter
265 1121 296 1143 a.
318 1109 408 1143 1573
435 1111 471 1143 et
492 1109 581 1143 1577
608 1108 781 1142 traditum
809 1119 900 1148 esse,
928 1110 965 1141 et
983 1106 1051 1141 hac
1077 1118 1115 1140 re
1134 1125 1180 1129 -—
1207 1116 1253 1139 ex
1279 1107 1381 1150 parte
1408 1105 1539 1150 aliqua,
1567 1104 1820 1139 accedentibus
1846 1102 1928 1137 aliis

145 1163 346 1197 rationibus
373 1181 417 1186 —
444 1173 524 1196 esse
551 1161 729 1202 effectum,
766 1163 806 1195 ut
833 1161 1026 1195 cardinalis
1061 1159 1121 1193 ille
1148 1171 1178 1193 a.
1210 1160 1298 1193 1577
1327 1158 1462 1193 Canisii
1489 1159 1747 1192 catechismum
1774 1168 1926 1202 parvum

145 1218 224 1250 tum
242 1215 455 1260 Ingolstadii
481 1215 611 1249 iterum
638 1214 888 1249 excudendum
916 1216 1059 1248 curaret
1085 1216 1160 1247 tum
1180 1213 1215 1246 in
1234 1212 1398 1246 omnibus
1427 1212 1657 1257 episcopatus
1679 1211 1735 1245 sui
1762 1213 1927 1244 constan-

146 1271 276 1305 tiensis
295 1269 439 1309 scholis,
458 1269 611 1303 seclusis
628 1267 778 1312 reliquis
797 1267 1038 1305 catechismis,
1058 1267 1231 1312 explicari
1250 1266 1408 1304 iuberet;
1429 1266 1512 1299 vide
1530 1265 1635 1306 infra,
1654 1276 1810 1299 monum.
1825 1263 1927 1299 1207.

268 1335 299 1369 3.
328 1334 400 1368 Vix
427 1334 619 1378 quisquam
647 1332 781 1368 Canisii
816 1332 1055 1367 catechismos
1091 1331 1207 1374 magis
1242 1331 1415 1365 laudabat
1449 1333 1485 1365 et
1515 1329 1785 1370 disseminabat,
1820 1339 1927 1372 quam

148 1389 379 1424 doctissimus
404 1388 464 1422 ille
491 1390 528 1421 et
552 1387 826 1421 actuosissimus
853 1386 910 1420 vir
932 1386 1113 1419 Antonius
1132 1386 1351 1430 Possevinus,
1378 1384 1439 1429 qui
1465 1384 1710 1427 legationibus
1736 1381 1930 1427 pontificiis

147 1443 266 1483 obitis,
293 1442 497 1476 seminariis
523 1441 688 1482 conditis,
724 1440 838 1474 sacris
864 1439 1090 1474 contionibus
1116 1438 1260 1479 habitis,
1296 1438 1399 1473 libris
1425 1438 1640 1482 conscriptis
1666 1437 1848 1480 ingentem
1876 1447 1930 1469 ec-

148 1496 280 1531 clesiae
300 1496 495 1530 utilitatem
515 1494 650 1529 attulit.
684 1494 751 1535 Ita,
778 1497 818 1527 ut
837 1493 906 1527 duo
925 1493 1119 1536 adiungam
1138 1492 1315 1537 exempla,
1334 1493 1544 1526 Passerinus
1562 1490 1744 1524 Varsovia
1762 1489 1818 1523 23.
1838 1489 1931 1523 Iunii

150 1550 240 1585 1578
267 1550 306 1584 P.
335 1549 527 1583 Francisco
554 1547 703 1582 Sunerio
738 1547 945 1592 provinciae
971 1546 1156 1591 polonicae
1184 1545 1218 1579 S.
1247 1546 1279 1580 J.
1308 1545 1513 1590 praeposito
1540 1545 1583 1578 de
1609 1544 1686 1578 viro
1722 1543 1783 1577 illo
1813 1542 1930 1577 luthe-

147 1615 245 1645 rano,
265 1603 325 1648 qui
344 1602 519 1648 praefecti
537 1601 665 1636 classis
683 1601 847 1635 suecicae
865 1600 984 1635 officio
1001 1600 1157 1643 fungens
1178 1599 1561 1642 („Viceadmiraglio“)
1584 1599 1684 1632 iussu
1705 1597 1846 1631 loannis
1865 1595 1928 1630 111.

147 1658 246 1702 regis
271 1657 387 1702 ipsum
416 1654 829 1698 Holmia‘(Stockholm)
866 1656 1022 1688 exeunte
1049 1665 1094 1687 m.
1122 1653 1217 1687 Maio
1246 1653 1337 1688 1578
1364 1652 1550 1687 Gedanum
1581 1650 1751 1695 (Danzig)
1779 1650 1814 1683 in
1844 1649 1931 1684 navi

148 1712 250 1755 regia
276 1711 473 1745 duxerat¹z
509 1709 646 1744 Ultimo
671 1708 917 1752 navigationis
943 1708 1008 1748 die,
1035 1709 1251 1752 tempestate
1278 1709 1369 1747 orta,
1399 1707 1447 1748 „si
1476 1706 1603 1740 risolse
1633 1705 1694 1750 piu
1721 1705 1929 1739 uiuamente

148 1777 169 1800 a
195 1765 316 1799 uolere
342 1763 530 1798 attendere
556 1763 600 1796 ad
627 1773 748 1796 essere
776 1762 947 1796 instrutto
974 1760 1068 1794 nelle
1095 1772 1176 1794 cose
1203 1760 1297 1794 della
1324 1760 1403 1794 fede
1430 1759 1609 1794 catholica
1635 1759 1670 1792 la
1697 1759 1786 1792 onde
1813 1757 1929 1791 hebbe

149 1817 194 1852 da
220 1830 277 1852 me
303 1829 375 1851 vna
401 1828 539 1851 somma
565 1815 660 1850 della
687 1814 846 1849 dottrina
872 1814 1078 1848 Christiana
1105 1814 1138 1847 di
1159 1814 1336 1848 Canisio“.
1377 1813 1423 1846 Et
1441 1812 1621 1847 Varsovia
1647 1811 1703 1846 24.
1724 1811 1816 1845 Iunii
1838 1810 1928 1845 1578

149 1872 188 1906 Ρ.
210 1870 390 1906 Stanislao
410 1870 584 1904 Grodecio
604 1870 637 1904 S.
659 1869 692 1903 J.
718 1868 850 1902 rectori
878 1867 1018 1911 collegii
1046 1867 1305 1912 pultoviensis:
1333 1866 1378 1901 Se
1398 1866 1507 1900 Petro
1527 1866 1644 1900 Dunin
1665 1864 1807 1899 Wolski
1835 1875 1929 1898 novo

149 1925 316 1970 episcopo
351 1923 512 1969 plocensi
540 1922 702 1967 (PIock)‚
729 1922 807 1956 viro
842 1921 930 1955 iuris
957 1921 1100 1965 quidem
1136 1921 1361 1965 aliarumque
1396 1932 1515 1954 rerum
1546 1919 1699 1954 scientia
1725 1917 1929 1956 excellenti.

149 1979 211 2013 sed
237 1977 440 2022 theologiae
466 1978 585 2011 minus
610 1976 726 2022 perito
752 1975 922 2016 suasisse,
950 1978 989 2008 ut
1015 1975 1168 2020 primum
1188 1975 1332 2018 quidem
1354 1986 1438 2018 „per
1464 1974 1587 2007 horam
1615 1971 1775 2017 quotidie
1794 1971 1928 2016 Canisij

150 2032 349 2067 doctrinam
377 2031 618 2078 Christianam
655 2030 916 2075 pe1·curreret“,
953 2028 1079 2062 deinde
1115 2028 1383 2063 Catechismum
1419 2027 1619 2061 Romanum
1650 2025 1817 2069 „attende
1853 2036 1930 2070 per-

149 2086 322 2130 legeret“,
349 2087 475 2130 postea
501 2085 646 2118 decreta
673 2083 823 2118 Concilii
850 2082 1051 2117 Tridentini
1078 2082 1227 2126 legeret.

151 2196 296 2233 1153.
371 2195 450 2232 1573
462 2195 597 2231 4592.

271 2263 328 2298 Ex
355 2263 520 2307 exemplo
547 2262 744 2307 archetypo
765 2261 843 2304 (A),
869 2272 977 2294 manu
997 2260 1036 2294 P.
1057 2260 1227 2304 Caspai-is
1247 2259 1375 2303 Abegg
1393 2258 1426 2292 S.
1448 2259 1480 2293 J.
1501 2257 1635 2302 scripto
1662 2259 1697 2291 et
1716 2255 1932 2300 subscripto,

151 2318 207 2352 cui
243 2317 420 2352 accedunt
451 2316 660 2350 testimonia
693 2314 920 2359 autographa
947 2313 1018 2348 PP.
1050 2315 1197 2357 Georyc'e·
1227 2314 1340 2346 Gobat
1367 2315 1403 2346 et
1428 2313 1576 2346 Ernesti
1603 2311 1809 2353 Maii-hofer
1835 2309 1869 2343 S.
1887 2309 1932 2350 J.,

151 2374 188 2405 et
213 2371 372 2414 sigillum
401 2370 552 2404 rectoris
580 2369 721 2412 collegii
740 2368 774 2403 S.
793 2368 826 2402 J.
846 2367 1017 2402 balensis.
1057 2367 1141 2402 cod.
1165 2367 1272 2409 „Cam
1293 2366 1358 2401 63“
1389 2366 1414 2400 f.
1435 2366 1513 2400 148.
1555 2364 1769 2409 Exemplum
1789 2375 1819 2397 a.
1842 2363 1933 2397 1730

151 2424 318 2468 Friburgi
338 2423 587 2458 Helvetiorum
607 2435 652 2457 ex
670 2422 870 2467 archetypo
897 2421 1119 2466 exscriptum
1143 2424 1179 2454 et
1206 2420 1348 2465 publico
1365 2419 1571 2454 testimonio
1599 2418 1849 2452 confirmatum
1869 2415 1930 2459 (B)

151 2480 275 2512 exstat
294 2476 473 2511 Monachii
493 2477 528 2510 in
547 2476 696 2510 archivo
714 2474 934 2520 reipublicae
953 2474 1155 2514 bavaricae,
1174 2474 1351 2508 Jesuitica
1370 2474 1405 2506 in
1425 2484 1567 2516 genere,
1588 2472 1688 2506 Fasc.
1709 2471 1750 2505 13
1768 2469 1832 2505 No.
1853 2470 1933 2505 214.

152 2531 330 2576 Exemplo
356 2531 563 2565 monacensi
591 2541 679 2564 usus
705 2532 761 2564 est
786 2530 914 2573 Kross,
942 2528 1027 2562 Can.
1058 2527 1134 2562 189.

278 2606 444 2643 Editoris
472 2605 679 2652 praefatio:
715 2606 755 2641 P.
779 2605 957 2649 Georgius
984 2604 1103 2639 Gubat
1132 2603 1400 2647 (1600—1679)
1429 2603 1464 2637 S.
1484 2603 1528 2644 J.,
1556 2602 1613 2636 vir
1639 2601 1740 2635 libris
1767 2600 1810 2634 de
1835 2598 1934 2633 theo-

151 2661 249 2705 logia
274 2661 400 2695 morali
427 2661 573 2705 scriptis
600 2660 729 2700 clarus,
764 2661 885 2693 rector
910 2661 989 2692 erat
1015 2657 1158 2701 collegii
1185 2657 1355 2698 halensis,
1391 2668 1471 2691 cum
1501 2657 1531 2690 ei
1559 2655 1670 2689 allata
1697 2656 1754 2688 est
1779 2652 1935 2698 epistula

153 2716 192 2750 P.
215 2715 312 2749 Petri
330 2714 495 2759 Hugonis
517 2714 628 2757 (Hug,
655 2715 675 2755 †
698 2712 805 2757 1657)
834 2712 1068 2753 lucernensis,
1096 2711 1167 2755 qui,
1195 2722 1275 2745 cum
1294 2710 1461 2753 Friburgi
1482 2708 1732 2743 Helvetiorum
1754 2706 1934 2741 contiona-

152 2771 267 2802 torem
295 2771 430 2811 ageret,
467 2767 660 2811 diligenter
695 2766 940 2810 conquirebat,
977 2765 1148 2809 quicquid
1174 2764 1218 2798 ad
1246 2763 1430 2798 Canisium
1458 2762 1651 2796 honoribus
1678 2761 1872 2795 Beatorum
1899 2761 1935 2793 et

155 2821 367 2855 Sanctorum
394 2821 591 2854 ornandum
618 2820 706 2854 utile
732 2831 813 2854 esse
839 2821 972 2864 posset.
1017 2818 1221 2852 Arcessivit
1246 2817 1374 2851 deinde
1401 2816 1519 2851 Gobat
1545 2815 1588 2849 ad
1616 2826 1655 2848 se
1681 2814 1720 2848 P.
1741 2813 1932 2847 Ernestum

153 2874 352 2908 Mairhofer
373 2875 409 2917 (†
431 2874 537 2917 1653)
559 2885 820 2914 monacensem,
849 2884 969 2907 senem
991 2871 1233 2905 venerabilem
1261 2872 1298 2903 et
1323 2872 1470 2914 propter
1496 2872 1666 2903 constans
1693 2866 1935 2912 paenitentiae

153 2927 314 2962 studium
350 2929 575 2972 posterorum
613 2938 755 2970 quoque
791 2926 964 2960 memoria
999 2925 1146 2968 dignum
1185 2923 1246 2965 (cf.
1273 2925 1322 2957 Io.
1344 2924 1485 2956 Nadasi
1511 2922 1545 2956 S.
1565 2922 1608 2963 J.,
1644 2922 1770 2955 Annus
1797 2919 1933 2953 dierum

155 2980 439 3014 memorabilium
477 2981 668 3015 Societatis
704 2981 805 3020 lesu,
847 2979 1070 3022 Antverpiae
1110 2978 1218 3017 1665,
1256 2977 1288 3010 ll
1325 2976 1399 3019 78).
1451 2974 1527 3016 Quo
1563 2975 1684 3009 audito
1721 2973 1839 3007 Gobat
1872 2983 1936 3016 per

156 3034 195 3068 P.
224 3033 425 3078 Gasparum
452 3033 591 3077 Abcgg,
629 3034 688 3078 qui
715 3037 752 3067 et
778 3034 855 3078 ipse
889 3031 1109 3075 aliquamdiu
1145 3030 1287 3074 collegii
1313 3029 1474 3063 balensis
1509 3030 1626 3062 rector
1652 3028 1772 3061 fuerat
1800 3025 1934 3070 (Duhr,

157 3086 231 3120 Jes.
259 3086 316 3119 II¹
343 3087 412 3121 220
425 3086 465 3130 ἵ),
492 3086 633 3121 litteras
660 3087 768 3121 hasce
796 3085 1075 3120 conscribendas
1102 3083 1255 3117 curavit.

273 3204 282 3223 ¹
309 3202 447 3237 Nomen
467 3203 549 3237 huic
569 3204 682 3237 fuisse
701 3203 846 3237 videtur
862 3201 1016 3236 Henrico
1031 3200 1209 3234 Arvidson
1231 3198 1478 3244 Gyllenankar
1497 3199 1733 3241 (Kartunnen
1752 3195 1774 3230 l.
1791 3207 1819 3229 c.
1839 3192 1934 3238 134).
