2062 3443
366 145 565 190 Oeniponte
592 144 684 180 inter
710 145 901 178 exeuntem
928 153 958 176 a.
981 141 1070 176 1573
1098 143 1134 175 et
1159 140 1315 175 medium
1342 152 1373 174 a.
1394 141 1495 176 1576.

1738 142 1822 184 253

855 256 1042 289 Canis-sus:
1245 242 1249 298 J
1362 255 1599 287 Ribudeneira
1630 254 1738 287 1556.-

669 316 754 353 sine
805 313 1025 352 uehementi
1073 316 1111 350 et
1158 306 1248 355 tia-i

669 373 799 422 granti
831 373 952 410 diuini
992 372 1136 410 amoris
1167 364 1249 408 arssl

671 433 784 478 dore,
843 445 928 469 cum
987 413 1250 511 contempla-l

670 496 778 530 retur
826 492 934 529 uelut
982 492 1029 529 ob
1091 490 1249 528 oculos÷

670 552 737 589 illa
789 551 894 588 uitae
943 554 982 587 et
1029 542 1250 599 passionis>

670 610 815 649 Christi
855 609 1055 659 mysteria,
1101 621 1225 657 eoque

149 260 385 293 Ribadeneae'ra
416 261 527 292 1572.-

669 670 795 718 magis
862 669 1110 706 animabatur
1178 667 1225 704 ad

670 730 789 767 uitam
821 741 972 766 omnem
1002 727 1082 765 illic
1102 731 1227 765 trans-

639 792 640 797 ’
671 789 865 838 igendam.

1184 820 1252 888 fit¹
1323 842 1359 884 [l
1390 846 1419 882 1,
1439 853 1464 876 c,
1500 846 1527 883 ἱ,
1555 843 1582 883 f.
1603 840 1704 883 63³:J
1730 841 1831 874 Ne'ht'l

1276 897 1436 929 additum
1465 901 1521 929 est.

109 858 173 903 [L.
205 862 238 902 2,
269 870 344 902 cal).
382 861 412 900 7,
451 860 478 900 f.
515 857 618 899 5.5'³.·]

63 913 237 947 Venetias
263 911 306 946 ad
333 922 399 945 sua
425 910 486 944 illa
512 921 618 944 xeno·
643 928 644 932 =

61 965 190 1000 dochia
214 964 351 999 reuersi
369 966 464 998 sunt.
508 963 620 997 Paulo

62 1021 145 1065 post
181 1019 226 1053 ad
264 1018 373 1063 pedes
413 1016 621 1061 Hieronymi

63 1071 210 1113 Veralli,
264 1071 504 1106 Rossanensis
545 1074 620 1104 tum

63 1125 311 1170 Archiepisopi
380 1124 477 1159 sedis
531 1124 622 1167 Apo·

63 1179 213 1214 stolicae
244 1178 339 1223 apud
366 1178 524 1212 Venetos
560 1177 623 1211 Le-

63 1233 159 1277 gati,
209 1235 336 1277 postea
376 1242 462 1265 uero
513 1230 620 1265 etiam

65 1286 99 1320 S.
118 1285 159 1321 R.
179 1285 218 1320 Ε.
239 1284 449 1325 Cardinalis,
474 1295 623 1329 pauper-

67 1339 166 1380 tatis,
185 1338 436 1382 castitatisque
453 1337 548 1371 uotis
566 1337 622 1382 pie

65 1393 264 1438 susceptis,
300 1392 413 1426 sacris
453 1394 538 1426 sunt
572 1392 623 1425 in-

65 1446 158 1481 itiati
172 1474 178 1481 .
193 1473 200 1480 .
213 1472 220 1481 .
248 1445 422 1490 Ignatius,
441 1447 477 1479 et
495 1444 623 1489 reliqui

65 1511 141 1535 sex.
647 1524 649 1539 ,

727 854 820 903 Pag.
855 856 915 891 55.
951 854 994 891 Β.
1060 852 1137 889 Vbi

675 915 842 952 mentio*
881 912 1048 957 Veralli,
1087 911 1228 960 dignus

676 974 709 1011 is
742 985 837 1011 sane
871 972 964 1010 mihi
990 971 1156 1016 uidetur,
1188 975 1229 1008 ut

677 1032 845 1081 aliquam
905 1031 1074 1080 accipiat
1131 1043 1229 1068 com-

677 1091 987 1135 mendationem,
1036 1090 1136 1139 quod
1185 1089 1255 1134 de1

677 1151 825 1189 nostris
873 1151 1016 1200 optime
1069 1143 1255 1200 meritus}

678 1211 796 1249 fuerit
825 1223 943 1260 saepe
961 1213 981 1248 ¹.
1254 1211 1256 1219 '

115 1565 181 1607 [L.
192 1567 225 1608 2,
241 1577 268 1598 c.
281 1566 313 1606 8,
329 1565 356 1607 f.
371 1563 430 1597 561³
441 1562 532 1606 :][f.
546 1565 626 1597 36³:

69 1617 164 1662 Ergo
202 1617 327 1657 nostri,
354 1643 362 1651 .
422 1643 429 1651 .
466 1620 505 1650 ut
539 1616 626 1650 libe-

69 1671 160 1706 riore
202 1670 339 1712 animo,
382 1672 417 1704 et
459 1670 502 1704 ab
544 1669 626 1715 alijs

68 1724 224 1767 occuz]
263 1723 466 1770 pationibus
500 1734 626 1765 uacuo,

69 1777 113 1812 ad
137 1789 240 1812 sacra
264 1777 398 1811 Missae
421 1776 627 1822 peragenda

69 1842 109 1866 se
147 1832 416 1876 compararent,
453 1830 522 1865 alio
557 1829 624 1864 sibi

68 1885 307 1920 secedendum
334 1883 599 1919 existimarunt.

118 2055 171 2096 [L
204 2057 235 2097 1,
261 2066 288 2087 c.
310 2057 341 2095 7,
366 2054 393 2096 f.
417 2052 652 2094 151471]Ξ

69 2106 302 2151 [Manresae]
314 2106 459 2152 placuit.
475 2133 482 2141 .
500 2133 506 2140 .
523 2133 530 2139 .
544 2104 628 2146 Deo,

71 2171 215 2195 seruum
234 2171 338 2194 suum
359 2159 489 2193 diuinis
507 2170 626 2193 conso·

70 2213 266 2248 lationibus
285 2212 452 2254 mulcere,
480 2214 516 2247 et
534 2224 629 2246 men-

70 2269 145 2302 tem
178 2266 277 2301 illius
312 2266 520 2301 coelestium
554 2277 629 2310 my-

71 2321 261 2355 steriorum
277 2319 540 2364 cognitionibus
552 2318 630 2353 illu-

73 2377 200 2408 strare.
222 2401 229 2408 .
249 2401 256 2408 .
276 2400 283 2408 .
305 2373 372 2407 Die
391 2373 546 2418 quadam
566 2400 573 2407 .
594 2399 602 2408 .
623 2399 630 2407 .

72 2427 192 2472 coepit
205 2427 256 2461 ita
269 2427 302 2461 in
317 2427 431 2461 Deum
445 2426 630 2461 intellectu

73 2482 178 2521 ferri,
221 2480 323 2526 quasi
364 2480 629 2515 sanctissimam

72 2533 286 2569 Trinitatem
322 2534 442 2579 specie
476 2534 630 2578 quadam

194 2618 222 2647 a)
243 2616 383 2648 Sequitur·
396 2614 483 2646 Gera,
504 2615 709 2639 oblitteratmn.

74 2657 210 2691 primac;
229 2659 280 2683 hoc
294 2666 317 2683 v.
333 2658 394 2682 alia
415 2665 502 2682 manu
524 2656 683 2687 (canisiizst)
703 2664 796 2687 supra
818 2664 932 2680 versum
954 2655 1093 2686 scriptum
1110 2657 1159 2678 est.

78 2701 238 2725 sententiae
260 2708 302 2725 ιϊ.
324 2708 347 2724 υ.
369 2699 417 2731 agi
437 2699 675 2728 oblitterandum,
692 2701 772 2730 puta,
791 2698 860 2728 fnit.

75 2741 100 2773 f)
120 2743 154 2766 In
176 2742 308 2773 maraine
328 2749 411 2771 cruae,
432 2744 462 2765 ut
482 2748 577 2772 supra
599 2740 711 2771 (adnot.
726 2740 765 2771 b).

734 1559 853 1607 Pag.h
875 1558 936 1596 56.
955 1558 999 1595 B.
1021 1556 1143 1594 Linea
1159 1555 1232 1606 pri-

680 1632 753 1656 ma.
793 1618 855 1655 Ad
879 1630 993 1655 sacra
1015 1616 1161 1666 prima⁰
1182 1616 1232 1662 [Ρ]

680 1679 826 1716 missae
899 1675 1123 1727 peragenda
1192 1688 1234 1713 se

682 1737 982 1787 compararent]
1056 1734 1233 1785 Optarim

681 1798 753 1836 hoc
788 1796 864 1834 dici
902 1795 1152 1840 luculentius,
1192 1797 1235 1832 ut

649 1874 651 1880 ·
680 1856 925 1905 intelligatur
964 1854 1066 1903 agid,
1098 1854 1148 1901 [12]
1188 1853 1234 1891 de

1110 1926 1234 1951 sacris
1258 1949 1260 1962 y

681 1916 816 1967 primis
872 1915 1044 1952 Missaee

681 1988 899 2014 sermonem
929 1973 1095 2022 instituj.

735 2049 855 2100 Pag.s
882 2052 944 2089 60.
998 2051 1063 2088 Fit
1090 2049 1236 2088 mentio

684 2112 730 2150 de
760 2110 1090 2149 illustrationibus
1117 2110 1142 2147 J
1145 2122 1237 2158 gna·

683 2172 727 2220 tij
740 2181 764 2217 ἕ,
807 2175 846 2209 et
875 2170 976 2220 quod
1010 2183 1128 2219 supra
1161 2182 1237 2206 mo-

684 2231 771 2268 dum
788 2231 996 2268 Manresae
1016 2228 1135 2266 fuerit
1154 2228 1238 2266 illu-

684 2293 856 2335 stratus,
906 2293 945 2327 et
1002 2287 1144 2326 similia
1193 2287 1238 2325 (le

684 2349 750 2387 illo
771 2349 870 2386 libro
892 2348 1023 2397 priore
1045 2347 1238 2385 dicuntur.

685 2408 890 2457 Nunquam
939 2420 1012 2456 ego
1060 2406 1240 2444 absolute

686 2468 867 2512 dicerem,
898 2466 1049 2504 Habuit
1069 2466 1238 2503 illustra-

686 2527 825 2573 tiones,
865 2526 933 2563 sed
971 2526 1100 2575 potius
1138 2524 1241 2562 sicut

839 2740 869 2770 g)
889 2739 1028 2770 Sequitur
1048 2737 1083 2768 si,
1103 2737 1193 2761 oblitt.

762 2613 790 2641 bi
813 2615 891 2638 Ilaec
909 2613 1052 2638 sententia
1075 2615 1172 2636 notata
1188 2615 1229 2636 ese
1249 2618 1331 2636 cruce
1353 2610 1381 2634 in
1398 2609 1529 2640 margine
1548 2607 1694 2639 apposita.

1216 2651 1246 2684 d)
1262 2653 1327 2684 Sic‚·
1346 2652 1396 2677 secl
1413 2653 1538 2682 propter
1557 2650 1614 2673 (luo
1635 2648 1738 2673 ultima
1757 2647 1845 2671 lau-'us

971 2698 998 2727 e)
1020 2697 1066 2721 Sic
1089 2697 1116 2721 ΙΙ.
1137 2703 1190 2719 Sua
1212 2702 1299 2719 mann
1325 2693 1453 2718 romaric
1473 2700 1509 2717 ea·
1535 2689 1638 2716 missis
1665 2690 1707 2714 vel
1726 2688 1846 2714 missas.

1329 1559 1374 1603 [l.
1393 1562 1426 1603 2,
1463 1570 1488 1593 c.
1509 1565 1540 1601 δ’,
1575 1559 1604 1601 f.
1625 1556 1837 1599 63h—64³.·l

1282 1614 1385 1648 Nihil
1410 1616 1634 1646 {inmutatum
1662 1615 1720 1644 est.

1331 2046 1375 2090 [l.
1397 2049 1428 2089 1,
1456 2057 1482 2079 c.
1506 2048 1535 2087 7,
1566 2045 1594 2086 f.
1618 2045 1784 2077 152-—17a
1811 2047 1840 2075 et

1285 2100 1305 2134 l.
1324 2103 1356 2141 2,
1392 2112 1418 2133 e.
1441 2102 1494 2142 11,
1529 2099 1556 2141 f.
1578 2095 1664 2141 68.·]
1702 2097 1840 2139 Omnia,

1285 2165 1375 2198 quae
1401 2165 1443 2186 ex
1469 2153 1621 2186 editione
1642 2151 1732 2183 anni
1751 2152 1842 2183 1572

1283 2207 1399 2250 posui,
1422 2209 1549 2240 iterum
1567 2205 1683 2238 eadem
1703 2205 1843 2237 ratione

1286 2262 1481 2301 dictasunt,
1490 2263 1739 2303 praeterquam
1751 2257 1843 2300 quod

1285 2316 1308 2348 l.
1341 2317 1370 2357 1,
1406 2325 1433 2347 e.
1462 2316 1494 2356 7,
1528 2313 1556 2355 f.
1586 2311 1646 2346 16b
1671 2313 1840 2353 scriptum

1287 2372 1353 2402 est:
1363 2366 1581 2411 Saepissime
1593 2392 1600 2399 .
1614 2391 1620 2398 .
1632 2392 1639 2399 .
1652 2363 1841 2398 Christi...

1288 2420 1550 2455 humanitatem
1575 2417 1744 2452 interiore
1770 2416 1843 2450 ani—

1287 2474 1337 2508 mi
1375 2473 1466 2507 vidit
1504 2472 1650 2512 obtutu;
1690 2476 1718 2504 et
1756 2471 1780 2504 l.
1810 2473 1841 2509 2,

1289 2540 1315 2563 c.
1353 2530 1414 2571 11,
1455 2527 1483 2569 f.
1519 2528 1574 2559 68.
1637 2523 1844 2558 Sacerdotio

1750 2607 1774 2636 c)
1796 2605 1844 2630 Vel

199 2830 209 2850 ¹
233 2828 403 2864 Verallus
421 2827 688 2871 (1500—1555)
709 2838 864 2861 curanus
882 2825 978 2869 (Cori
998 2836 1106 2870 prope
1121 2823 1286 2868 Romam)
1306 2835 1371 2858 sex
1389 2823 1464 2857 fere
1478 2821 1592 2863 annis,
1611 2832 1692 2856 cum
1710 2819 1745 2854 in
1761 2818 1846 2853 Ger-

75 2883 195 2918 mania
205 2883 369 2917 nuntium
385 2881 618 2927 apostolicum
631 2883 766 2924 ageret,
782 2880 820 2915 P.
833 2878 972 2914 Nicolai
985 2877 1190 2913 Bobadillae
1202 2888 1311 2922 opera
1320 2876 1504 2917 utebatur3
1521 2875 1672 2910 eundem
1685 2874 1719 2908 in
1732 2872 1845 2907 archi-

76 2936 324 2982 episcopatum
349 2947 454 2970 suum
477 2945 728 2970 rossanensem
746 2933 844 2967 misit
866 2933 1025 2976 (Nicolai
1045 2931 1222 2974 Alphonsi
1239 2932 1280 2964 de
1298 2931 1487 2964 Bobadilla
1506 2928 1620 2964 Gesta
1639 2930 1675 2962 et
1693 2926 1845 2971 Scripta,

80 2989 218 3024 Matriti
239 2990 341 3030 1913,
370 2989 554 3024 156-157
576 2988 643 3023 163
661 2988 759 3030 624).
803 2986 900 3021 Idem
927 2997 958 3020 a.
977 2986 1077 3027 1545,
1104 2996 1182 3019 cum
1210 2995 1275 3029 per
1293 2983 1475 3018 Coloniam
1493 2982 1676 3022 transiret,
1703 2979 1846 3014 Canisio

77 3043 298 3087 reliquisque
325 3042 516 3077 Societatis
542 3041 732 3076 iuvenibus
758 3040 806 3075 ibi
833 3039 1047 3083 degentibus
1077 3038 1180 3083 „plus
1206 3049 1314 3082 quam
1350 3038 1539 3082 paternum
1568 3034 1757 3070 affectum'‘
1787 3045 1846 3067 ex-

79 3095 196 3131 hibuit
227 3099 263 3130 et
287 3108 319 3131 a.
340 3097 430 3130 1547
459 3095 602 3130 Canisio
637 3095 681 3129 ab
707 3093 871 3139 Adolpho
907 3093 950 3127 de
976 3091 1234 3134 Schauenburg
1269 3089 1538 3135 archiepiscopo
1573 3087 1767 3123 coloniensi
1803 3085 1846 3120 ad

77 3160 119 3184 se
144 3149 254 3184 misso
280 3149 578 3184 humanissimum
606 3159 644 3183 se
671 3146 853 3193 praestitit
884 3144 1024 3190 (Caml
1053 3145 1118 3178 142
1146 3144 1251 3178 237-
1265 3143 1334 3178 243
1361 3144 1458 3187 674).
