2062 3443
317 153 411 188 Mon.
434 153 678 189 1140—1141.
718 153 880 188 Exeunte
906 164 951 187 m.
971 151 1061 186 Iulio
1082 171 1123 175 —
1143 151 1248 186 Initio
1275 163 1321 186 m.
1341 152 1497 196 Augusti
1526 152 1627 187 1573.
1767 155 1850 196 679

85 274 209 317 postea
244 271 373 305 iterum
409 272 548 316 cepisse
576 271 716 305 videtur
747 271 852 313 (Can.
877 269 926 304 VI
954 269 1170 313 731—734).
1221 269 1479 304 Verumtamen
1516 269 1729 312 Gregorium
1755 269 1852 303 XIII.

83 325 178 359 idem
196 324 408 358 meditatum
427 335 507 358 esse
525 336 627 358 nemo
646 336 690 358 ex
710 325 902 365 veteribus,
929 324 1021 367 quod
1040 324 1163 363 sciam,
1191 323 1308 368 planis
1327 323 1446 357 verbis
1473 323 1646 357 narravit.
1690 325 1855 357 It'acleras

84 380 191 418 certe,
217 377 276 411 ubi
295 377 478 412 Canisium
497 377 632 411 Romae
654 377 917 419 „imminentem
938 388 1116 421 purpurae
1142 376 1311 410 honorem
1332 378 1417 419 suga
1437 376 1694 410 declinavisse‘
1717 376 1853 417 scribit,

83 433 220 475 septem
248 430 382 465 Canisii
419 431 547 464 itinera
583 442 653 464 uua
688 431 893 464 narratione
930 429 1200 475 comprehendit
1229 429 1331 471 (Can.
1354 429 1569 472 136—137).
1619 428 1736 470 Quare
1762 429 1854 463 hanc

83 483 327 519 cardinalatus
354 484 476 527 fugam
505 495 549 518 ex
570 495 662 517 auno
684 483 774 518 1568
800 494 988 528 perperam
1014 484 1050 518 in
1078 494 1208 517 annum
1232 483 1321 516 1573
1348 481 1562 516 translatam
1582 493 1661 516 esse
1679 482 1853 527 suspicor.

86 587 230 624 1140.
305 587 472 624 Exeunte
499 598 545 624 in.
572 587 665 624 Iulio
693 587 784 624 1573.

203 654 257 688 Ex
283 654 469 689 relationis
490 654 690 700 Oeniponte
715 655 809 689 notis
835 654 1088 689 secretioribus
1113 653 1270 699 scriptae
1298 653 1472 699 exemplo,
1500 653 1632 687 Romae
1650 652 1757 698 paulo
1775 655 1857 697 post

83 707 215 741 litteris
250 708 394 742 usitatis
426 708 572 752 scripto.
624 708 706 742 cod.
736 720 822 742 rom.
853 708 993 751 „Germ.
1014 707 1093 742 Vol.
1112 708 1177 743 80“
1209 707 1223 741 Ι
1250 719 1283 752 p.
1304 707 1360 742 30.
1411 706 1635 741 Relationem
1661 718 1707 740 ex
1733 707 1857 740 eodem

84 761 248 806 exemplo
274 761 372 805 typis
399 762 592 806 exscripsit
620 762 828 805 Sehellhass,
855 761 965 796 Nunt.
995 762 1042 796 III
1070 761 1126 796 52.

203 822 417 865 Maydalena
454 823 578 865 reyina
617 823 781 855 nuntiam
818 823 1049 865 apostolicam
1081 833 1148 865 per
1177 822 1361 855 Canise'am
1387 822 1429 854 de
1461 832 1607 854 ramore
1632 821 1784 864 quodam
1811 821 1856 853 si-

83 876 196 909 nistro
222 880 345 908 monet.

203 941 553 983 Bartholomaeus
597 942 648 982 cle
690 941 836 983 Fortia
883 943 1060 983 nuntius
1106 943 1355 996 apostolicus
1401 941 1626 996 Oeniponle
1658 942 1728 983 23.
1755 940 1858 981 Iulii

84 1008 200 1049 1:573
233 1007 408 1048 Romam
453 1008 511 1048 ad
544 1007 826 1049 Ptolemaeum
869 1007 1131 1049 cardinalem
1178 1008 1414 1049 Comensem
1461 1007 1562 1048 llaec
1604 1007 1762 1048 rettulit
1808 1007 1859 1047 <le

84 1073 302 1114 cardinali
343 1073 503 1113 Ioanne
536 1072 764 1114 Francisco
806 1073 1122 1126 Commendono,
1163 1073 1373 1127 pontificis
1414 1073 1458 1113 in
1492 1072 1670 1113 Folonia
1712 1073 1856 1125 leyato,

85 1153 164 1194 qao
194 1138 361 1191 favente
397 1143 431 1179 et
463 1140 648 1179 instante
677 1138 838 1191 factam
875 1152 960 1180 esse
990 1138 1186 1191 ferebant
1219 1138 1293 1191 (cf.
1325 1138 1492 1179 Tarba
1526 1138 1550 1179 l.
1576 1152 1607 1179 c.
1633 1136 1711 1178 III
1737 1138 1858 1188 525),

85 1209 142 1254 ut,
176 1204 452 1256 Siffl'smando
484 1205 674 1258 Aelyaslo
706 1204 909 1245 Poloniae
941 1218 1034 1257 reqe
1065 1219 1115 1245 m.
1153 1204 1262 1245 Iulio
1296 1206 1410 1246 1572
1443 1207 1617 1254 mortuo,
1651 1218 1705 1244 m.
1742 1203 1859 1244 Maio

84 1271 202 1312 1573
244 1284 268 1310 a
302 1269 472 1310 Polonis
504 1284 580 1310 rea:
613 1271 834 1323 eliqeretur
874 1284 957 1311 non
991 1269 1212 1323 Erneslas,
1257 1270 1553 1310 IIIaoeimiliani
1584 1268 1643 1309 II.
1681 1270 1858 1323 impera-

83 1335 188 1376 toris
226 1334 352 1388 filiaS,
394 1335 468 1375 secl
503 1334 720 1376 Hem-icas
754 1334 838 1377 III.
874 1335 1042 1376 Galliae
1083 1349 1183 1376 rex:
1225 1334 1288 1376 La
1329 1333 1497 1386 Regina
1530 1333 1761 1375 Madalena
1802 1332 1860 1374 mi

84 1399 142 1441 ha
173 1399 286 1441 fatto
327 1412 481 1452 sapere
513 1413 590 1453 per
630 1399 659 1440 il
693 1399 833 1441 Padre
865 1399 1035 1441 Canisio
1078 1399 1155 1441 che
1198 1401 1242 1441 et
1279 1400 1320 1441 Io
1354 1399 1600 1453 Imperator
1641 1401 1686 1441 et
1718 1397 1860 1451 questi

87 1463 275 1518 Principi
308 1464 400 1505 suoi
435 1463 627 1506 fratelli1
658 1465 802 1506 hanno
835 1464 974 1506 ferma
997 1464 1197 1519 opinione
1220 1465 1297 1507 che
1324 1467 1475 1507 nostro
1500 1464 1681 1518 Signore
1704 1463 1861 1505 habbia

85 1529 398 1584 grandemente
430 1529 619 1571 fauorito
660 1529 690 1571 il
723 1530 786 1571 Re
828 1530 869 1571 di
902 1529 1081 1572 Polonia
1113 1533 1266 1572 contra
1308 1529 1449 1583 quello
1483 1530 1562 1571 che
1594 1529 1628 1571 si
1663 1530 1860 1571 haueano

85 1608 320 1649 promesso,
365 1598 410 1638 et
451 1594 530 1636 che
570 1594 601 1636 il
642 1595 788 1648 legato
831 1595 943 1638 oltre
975 1596 1152 1637 l'essere
1190 1597 1308 1638 stato
1340 1609 1484 1637 mosso
1518 1595 1572 1637 da
1606 1595 1646 1637 S.
1673 1594 1858 1645 Sani-Ata,

85 1661 149 1702 sia
182 1662 300 1703 stato
334 1660 579 1702 sollecitato
613 1660 668 1702 da
690 1660 921 1703 Venetiani
954 1661 1009 1702 ad
1042 1661 1293 1715 adoperarsi
1325 1662 1449 1703 tanto
1484 1660 1861 1714 gagliardamente

86 1728 249 1778 quanto
291 1725 443 1767 dicono
477 1725 554 1767 che
587 1725 642 1767 ha
674 1726 799 1768 fatto.
855 1726 964 1768 Pero
998 1725 1247 1776 dubitando,
1282 1726 1360 1768 che
1393 1729 1547 1779 questa
1578 1725 1861 1780 impressione

86 1804 216 1845 possa
249 1804 394 1833 essere
436 1790 476 1832 di
509 1790 676 1844 grande
716 1791 1026 1845 impedimento
1068 1805 1094 1832 a
1125 1793 1242 1834 tutto
1277 1791 1419 1844 quello
1458 1791 1536 1833 che
1569 1791 1656 1833 Sua
1689 1790 1862 1833 Santita

85 1859 274 1898 trattera
297 1870 375 1897 con
399 1856 497 1906 essi,
533 1857 571 1906 ό,
605 1855 646 1897 in
672 1856 856 1898 materia
879 1856 920 1898 di
943 1856 1166 1910 religione,
1201 1858 1238 1906 ό,
1274 1857 1443 1906 d’altro‚
1477 1856 1532 1898 ho
1556 1856 1704 1899 uoluto
1726 1856 1862 1910 signi-

85 1921 257 1972 ficarlo,
301 1921 420 1962 accio
465 1920 500 1962 si
542 1921 715 1975 procuri
756 1921 797 1963 di
839 1921 1006 1963 leuarla
1044 1936 1123 1963 con
1167 1922 1264 1975 quel
1306 1922 1432 1963 modo
1475 1921 1554 1963 che
1601 1921 1637 1962 si
1683 1921 1862 1963 stimera

87 1986 296 2040 migliore,
339 1999 392 2027 ne
433 1988 557 2028 tante
599 1987 739 2028 huone
781 2000 911 2041 opere
944 1987 1021 2028 che
1064 1987 1099 2028 si
1141 2000 1326 2041 possono
1360 1988 1584 2041 aspettare
1626 1985 1681 2028 da
1714 1988 1862 2028 nostro

87 2050 283 2105 Signore,
319 2055 363 2094 et
395 2051 512 2093 dalla
534 2065 614 2093 sua
636 2051 791 2094 ottima
814 2055 972 2102 mente,
1007 2051 1128 2094 siano
1152 2052 1207 2094 da
1231 2053 1386 2105 questa
1408 2051 1620 2093 eredenza
1642 2051 1862 2105 impedite.

207 2126 404 2170 Gregorius
440 2126 536 2161 XIII.
567 2127 676 2161 Brevi
712 2126 825 2161 Roma
863 2127 917 2162 12.
948 2127 1039 2161 Iunii
1076 2127 1167 2162 1573
1203 2127 1287 2161 dato
1322 2126 1577 2170 Magdalenam
1616 2128 1652 2160 et
1688 2125 1863 2160 Helenam

86 2191 228 2216 sorores
253 2180 425 2214 certiores
450 2180 615 2221 reddidit,
642 2192 690 2222 se,
719 2184 758 2214 ut
785 2181 841 2225 pio
868 2192 990 2215 earum
1017 2181 1193 2215 desiderio
1219 2180 1459 2221 satisfaceret,
1486 2180 1658 2224 templum
1678 2180 1793 2214 Halae
1819 2179 1863 2214 ab

87 2234 176 2280 ipsis
209 2233 436 2268 aedificatum
465 2234 577 2268 variis
614 2233 720 2277 (quas
755 2234 954 2277 singilatim
992 2235 1170 2278 recenset)
1208 2233 1443 2277 indulgentiis
1478 2234 1616 2267 munire
1651 2235 1688 2267 et
1724 2244 1862 2267 ornare.

87 2288 203 2322 Valde
229 2290 349 2322 autem
386 2287 568 2332 probabile
595 2290 661 2327 est,
696 2288 912 2322 desiderium
939 2288 1027 2322 illud
1056 2287 1229 2331 Gregorio
1255 2287 1353 2321 XIII.
1381 2288 1588 2331 expositum
1625 2289 1662 2320 et
1687 2298 1864 2321 commen-

89 2342 212 2376 datum
240 2352 321 2375 esse
346 2352 366 2374 a
386 2341 540 2379 CanisiO,
568 2341 628 2384 qui
655 2352 675 2374 a
701 2341 867 2385 pontifice
894 2342 1091 2376 arcessitus
1117 2342 1161 2375 ab
1182 2340 1295 2386 Aprili
1322 2340 1365 2374 ad
1396 2340 1536 2374 Iunium
1556 2352 1588 2374 a.
1610 2340 1699 2374 1573
1728 2339 1864 2374 Romae

89 2394 314 2429 versabatur.
367 2395 483 2428 Breve
511 2394 597 2428 illud
625 2395 831 2437 germanice
858 2406 1003 2429 versum
1030 2397 1153 2428 exstat
1178 2394 1272 2438 apud
1299 2395 1405 2438 Rapp
1432 2394 1453 2427 l.
1474 2405 1503 2428 c.
1525 2393 1722 2428 147—148.

88 2493 224 2530 1141.
299 2492 409 2529 Initio
436 2503 483 2529 m.
507 2493 662 2539 Augusti
690 2493 782 2529 1573.

209 2555 263 2589 Ex
290 2554 422 2589 litteris
448 2554 667 2599 archetypis.
695 2566 714 2588 a
734 2555 886 2589 Minutio
905 2555 1063 2590 Minucci
1082 2554 1226 2589 Portiae
1253 2554 1448 2589 secretario
1474 2554 1633 2599 scriptis.
1673 2553 1756 2588 Cod.
1777 2565 1863 2588 rom.

94 2609 235 2651 „Germ.
256 2607 334 2642 Vol.
354 2608 420 2642 80⁴⁴
452 2608 465 2641 Ι
494 2620 526 2652 p.
545 2608 697 2643 40—45.
742 2608 898 2643 Litteras
925 2621 970 2642 ex
995 2609 1117 2642 eodem
1145 2608 1342 2653 archetypo
1370 2607 1489 2653 posuit
1516 2609 1624 2642 etiam
1652 2608 1862 2650 Schellhass,

88 2661 199 2696 Nunt.
227 2662 275 2695 111
304 2662 455 2696 66—70.

208 2722 423 2764 sslayclalena
451 2725 480 2753 et
500 2721 635 2754 Helena
662 2722 804 2765 reyinae
828 2733 894 2764 per
916 2723 1101 2755 Canisz'zml
1124 2723 1313 2764 facultates
1333 2723 1539 2764 pontificias
1561 2726 1686 2764 petunt
1712 2721 1761 2754 ad
1787 2732 1864 2754 con-

89 2775 353 2817 fraternitatem
380 2776 517 2807 rosarii
545 2776 799 2808 instituendam
824 2780 1030 2819 spectantes.

210 2840 360 2881 Fortia
383 2843 561 2881 nmztias
585 2842 835 2895 apostolicas
860 2841 1088 2896 Oeniponte
1111 2844 1150 2883 5.
1176 2843 1359 2895 Aaqasti
1382 2842 1498 2883 1573
1522 2841 1579 2882 acl
1601 2842 1865 2882 cardinalem

94 2905 348 2957 Comensem,
385 2906 582 2959 Greqorii
603 2906 733 2948 XIII.
756 2908 1035 2961 praecipuum
1069 2907 1386 2958 administram,
1421 2907 1535 2961 haec,
1566 2911 1738 2962 praeter
1761 2907 1864 2958 alia,

92 2971 275 3012 rettulit:
307 2969 367 3011 Le
399 2970 682 3012 Serenissime
711 2970 878 3024 Regine
911 2971 1186 3021 Maddalena,
1221 2974 1266 3014 et
1299 2971 1467 3013 Helena
1500 2971 1709 3013 m’hanno
1743 2984 1865 3013 man-

93 3035 196 3076 dato
240 3034 322 3076 due
362 3049 439 3076 sue
481 3035 694 3086 dimande,
738 3036 851 3078 delle
884 3036 1000 3090 quali
1034 3036 1289 3078 desiderano
1321 3037 1453 3077 esser'
1492 3035 1778 3090 compiaciute
1811 3035 1867 3078 da

217 3153 226 3172 ¹
252 3151 499 3185 Ferdinandus
518 3150 556 3185 et
573 3150 722 3186 Carolus
740 3151 961 3194 archiduces,
980 3151 1025 3186 ad
1044 3162 1133 3195 quos
1151 3151 1275 3186 Portia
1293 3163 1314 3186 a
1333 3151 1506 3195 Gregorio
1524 3152 1616 3186 XIII.
1635 3151 1780 3195 legatus
1798 3153 1865 3185 est.
