2062 3443
71 148 172 184 1890.
199 147 322 182 Barth.
342 147 384 182 de
404 147 524 181 Portia
550 147 703 182 Canisio.
739 148 829 191 Aug.
850 147 955 181 Vind.
977 147 1071 181 inter
1096 147 1276 181 ineuntem
1299 150 1334 182 et
1351 148 1442 182 med.
1463 148 1589 183 lulium
1612 149 1712 184 1574.
1748 153 1831 195 221

68 266 120 300 5.⁰
137 265 288 299 Ratione
307 276 434 299 cursus
453 267 521 299 etc.
536 265 679 309 propria
697 276 803 299 manu
823 265 987 309 promisit
1002 264 1174 310 Princeps
1187 266 1485 299 sustentationem
1506 278 1568 310 pro
1588 267 1643 301 70.
1658 267 1835 311 personis:

69 320 195 364 postea
223 318 433 352 descensum
462 321 516 352 est
544 319 586 352 ad
614 318 669 353 50.
686 321 863 363 postremo
890 319 932 352 ad
961 319 1054 354 3000
1079 319 1243 359 florenos,
1276 319 1404 362 quibus
1430 320 1486 355 50.
1507 321 1667 355 homines
1694 321 1739 354 ali
1767 332 1835 354 nou

69 374 230 417 possunt.
266 371 316 406 6.⁰
342 372 565 406 Conuentum
592 374 670 405 erat
696 375 736 406 vt
762 372 861 405 finito
887 383 978 405 anno
1006 371 1226 416 probationis
1253 372 1357 413 dicto,
1395 374 1581 417 vti-iusque
1607 374 1720 418 partis
1746 374 1835 407 diffi-

65 426 223 460 cultates
258 425 483 459 audirentur:
519 425 630 458 auditi
658 428 743 459 sunt
769 425 995 459 Academici:
1031 437 1096 459 nos
1122 425 1272 459 inauditi
1299 438 1424 460 sumus
1450 426 1582 467 reiecti,
1619 430 1656 461 et
1681 427 1724 461 ad
1752 431 1836 461 vota

68 478 363 514 Academicorum
401 481 526 512 contra
561 489 626 511 nos
663 478 869 512 conclusum
906 482 971 517 est,
1008 478 1180 522 nobisque
1216 479 1313 513 aliud
1350 480 1482 513 dictum
1520 480 1618 521 nihil,
1654 481 1721 515 nisi
1749 480 1835 515 hoc:

66 532 152 566 Siue
171 532 273 566 vobis
299 531 481 576 probetur,
509 532 586 565 siue
605 543 672 565 non
700 532 880 576 probetur,
907 531 995 566 haec
1015 534 1069 566 est
1089 532 1257 566 voluntas
1277 532 1463 577 Principis.
1493 534 1541 568 7.⁰
1568 533 1657 567 Toto
1684 533 1837 567 triennio

68 585 288 630 probationis
316 584 462 629 [1]-500.Ο
497 587 637 619 tantum
674 585 798 626 fiorcni
831 585 932 619 nobis
959 586 1179 630 suppeditati
1206 588 1308 620 sunt:
1345 587 1485 620 initium
1514 590 1633 621 tamen
1661 587 1838 621 auctionis

67 639 177 673 trium
203 638 353 672 millium
385 638 528 683 propria
553 650 660 672 manu
687 639 864 684 Principis
890 639 1102 683 promissum
1131 641 1209 673 erat
1235 651 1297 684 pro
1324 643 1496 674 autumno
1521 642 1603 674 anni
1630 640 1686 674 72.
1713 643 1749 674 et
1775 642 1838 673 vix

68 693 214 727 tandem
231 693 395 736 sequenti
411 704 502 726 anno
517 693 736 726 obtinuimus
755 704 834 726 cum
850 704 979 737 magno
996 692 1144 737 Collegij
1165 693 1373 736 grauamine
1389 697 1424 727 et
1443 694 1572 727 debitis
1587 696 1655 728 etc.
1682 695 1731 728 89
1750 694 1837 738 peti-

67 748 197 780 uerunt
231 745 308 780 fieri
342 746 612 779 translationem
646 746 782 780 Cursus
817 749 853 780 et
885 746 1126 791 paedagogij:
1154 747 1303 780 eandem
1339 759 1432 781 nunc
1459 749 1493 781 in
1522 748 1666 782 dubium
1695 750 1837 781 vocant.

68 800 118 833 9.⁰
152 798 354 833 Voluerunt
389 799 633 833 fundationem
666 799 957 834 Monachiensem
995 800 1224 834 confirmare:
1261 812 1338 834 eam
1374 813 1468 834 nunc
1502 802 1727 846 suspendunt
1761 801 1838 835 sine

68 852 231 896 legitima
258 864 377 887 causa..
428 853 603 887 donarunt
631 853 790 895 Collegio
818 853 1092 897 Jngolstadiano
1127 854 1264 887 reditus
1295 854 1383 889 1500
1409 854 1642 895 florenorum
1678 866 1772 888 nunc
1799 857 1840 888 vt

67 908 205 951 partem
233 906 310 940 sine
335 908 458 940 nostra
483 906 589 951 culpa
615 907 842 940 remittamus
869 909 1009 949 vrgent,
1045 907 1203 951 alioquin
1236 908 1327 941 forte
1356 908 1575 942 subtracturi
1602 908 1738 952 aliquid
1765 908 1838 941 Mo-

68 959 333 994 nachiensibus.
362 959 474 993 Multa
494 960 565 994 alia
584 960 743 994 omittff.
772 960 836 993 Die
854 962 973 994 autem
993 960 1048 994 25.
1068 961 1160 994 Iunii
1180 961 1271 995 1574
1291 962 1464 1004 Hoffaeus
1481 962 1594 995 eidem
1616 962 1839 995 Mercuriano

68 1013 257 1048 Monachio
295 1012 489 1057 *scripsitz
533 1013 629 1055 „1100
663 1014 765 1055 addo,
803 1013 892 1047 nihil
930 1014 975 1047 ad
1011 1014 1156 1048 alendos
1190 1018 1332 1048 nostros
1368 1014 1554 1058 theologos
1591 1016 1724 1049 fratres
1759 1014 1840 1049 illos

71 1067 162 1102 1500
195 1067 349 1101 florenos
375 1078 481 1110 posse
506 1067 687 1111 prodesse.
724 1067 754 1101 si
781 1070 924 1112 praeter
950 1067 1038 1101 duos
1068 1067 1254 1111 theologos
1280 1071 1317 1101 et
1342 1071 1504 1103 caeteros
1530 1068 1716 1107 officiales.
1751 1069 1841 1102 alios

66 1120 387 1165 nouosoperarios
413 1120 543 1154 addere
571 1120 774 1162 debeamus,
803 1132 882 1154 cum
910 1121 1133 1165 experientia
1159 1121 1285 1156 doceat
1314 1122 1403 1157 1500
1428 1122 1573 1156 florenis
1592 1123 1688 1156 vltra
1709 1122 1763 1157 18.
1783 1122 1841 1156 vel

66 1185 247 1208 summum
267 1174 323 1208 20.
342 1173 505 1208 homines
528 1174 682 1219 amplius
701 1174 749 1208 ali
766 1186 835 1208 nou
862 1175 986 1218 posse“
1011 1174 1072 1218 (ex
1091 1175 1335 1220 autographis,
1355 1176 1474 1211 Germ.
1498 1177 1574 1215 135.
1601 1188 1634 1211 n.
1656 1176 1722 1211 130
1743 1177 1838 1220 132).

68 1227 194 1262 Mense
221 1227 386 1262 Ianuario
416 1228 506 1261 1574
531 1227 565 1261 in
594 1227 745 1270 collegio
771 1228 1046 1270 ingolstadiensi
1075 1229 1117 1263 18
1137 1228 1230 1262 Socii
1256 1230 1447 1267 vivebant:
1475 1229 1514 1263 P.
1536 1231 1684 1263 Ioannes
1702 1230 1839 1263 Raben-

65 1282 162 1315 stein
199 1283 317 1315 rector
354 1280 389 1314 in
430 1293 550 1315 eorum
589 1281 722 1315 sacello
761 1281 887 1315 diebus
925 1281 1113 1316 dominicis
1149 1283 1348 1317 contionem
1383 1284 1626 1326 germanicam
1665 1283 1839 1318 habebat:

68 1334 125 1369 Fr.
145 1334 279 1369 Paulus
296 1335 456 1368 Vizanus
477 1334 594 1380 „tertij
614 1334 697 1368 anni
716 1346 859 1368 cursum
879 1334 1163 1380 philosophicum
1182 1336 1371 1380 priuatim“
1393 1336 1568 1377 tradebat,
1587 1349 1692 1380 quem
1712 1348 1840 1371 novem

67 1388 260 1422 Societatis
294 1388 503 1423 scholastici
538 1389 730 1422 audiebant
760 1389 820 1430 (ex
846 1389 1082 1434 autographis
1108 1390 1147 1424 P.
1175 1391 1386 1424 Rabenstein
1414 1390 1574 1424 *litteris
1602 1391 1656 1425 13.
1684 1391 1839 1425 Ianuarii

73 1442 166 1477 1574
200 1441 245 1476 ad
271 1441 535 1476 Mercurianum
573 1442 667 1476 datis
702 1444 739 1476 et
774 1454 819 1476 ex
847 1442 1052 1487 *Catalogo
1086 1443 1292 1488 provinciae
1320 1443 1534 1478 Germaniae
1568 1444 1763 1489 superioris
1798 1446 1841 1479 de

71 1498 101 1530 1.
122 1495 276 1529 Ianuarii
307 1496 397 1529 1574
422 1495 467 1530 ab
494 1497 646 1539 Hoffcteo
673 1495 716 1530 ad
736 1495 1003 1530 Mercurianum
1029 1496 1149 1531 misso.
1194 1496 1314 1532 Germ.
1335 1498 1401 1532 135
1429 1498 1453 1533 f.
1471 1498 1558 1533 100:
1587 1498 1679 1533 Hist.
1699 1499 1776 1533 Soc.
1795 1500 1838 1533 41

71 1550 97 1584 f.
120 1548 366 1593 172127—17312).

190 1602 414 1646 Ceteroquin,
451 1603 545 1647 quod
579 1603 624 1637 ad
650 1604 815 1637 senatum
851 1603 951 1637 illum
977 1603 1132 1638 aulicum
1159 1605 1299 1646 attinet,
1333 1605 1405 1639 iam
1440 1605 1550 1640 semel
1577 1607 1685 1650 atque
1711 1605 1841 1640 iterum

70 1656 202 1697 monui,
230 1667 309 1690 eam
335 1656 448 1691 fuisse
475 1656 614 1690 Hoffaei
650 1656 922 1701 indolem,²qua
949 1662 985 1691 et
1010 1657 1099 1692 alios
1126 1659 1162 1692 et
1186 1669 1225 1692 se
1260 1658 1378 1703 ipsum
1412 1659 1527 1703 nigris
1561 1659 1740 1694 coloribus
1766 1660 1841 1705 pin-

70 1721 157 1755 gere
183 1709 326 1744 soleret.

192 1763 358 1797 Canisius
377 1763 515 1797 Hoffaei
535 1762 676 1797 litteras
694 1763 737 1797 ad
757 1775 796 1797 se
815 1764 927 1805 datas,
955 1776 1045 1808 quas
1063 1776 1172 1810 supra
1190 1766 1304 1810 posui,
1330 1777 1401 1800 una
1420 1777 1500 1800 cum
1519 1766 1673 1812 epistula
1692 1767 1747 1801 22.
1763 1767 1843 1801 Iulii

74 1818 166 1853 1574
180 1817 225 1851 ad
239 1817 504 1851 Mercurianum
524 1817 767 1862 praepositum
787 1818 992 1860 generalem
1007 1830 1028 1852 a
1042 1830 1080 1852 se
1095 1819 1179 1852 data
1194 1820 1341 1853 Romam
1361 1820 1475 1861 misit;
1495 1832 1528 1854 v.
1544 1820 1648 1862 infra,
1667 1833 1721 1865 ep.
1739 1821 1841 1855 1894.

71 1920 231 1957 1890.
306 1920 922 2011 BARCTglllggAOBIAEUS
944 1922 1036 1958 DE
1058 1922 1327 1960 PORTIA
1354 1925 1573 1970 apostolicus
1592 1927 1627 1959 in
1647 1925 1841 1961 Germania

262 1976 410 2010 nuntius
467 1978 495 2010 A
561 1975 574 1988 Ἰ
632 2003 640 2011 .

470 2034 637 2078 Augusta
665 2035 932 2070 Vindelicorum
958 2037 1053 2071 inter
1077 2036 1260 2071 ineuntem
1287 2040 1323 2071 et
1347 2038 1505 2072 medium
1532 2038 1661 2072 Iulium
1690 2039 1791 2073 1574.

193 2100 248 2134 Ex
275 2099 501 2144 autographa
520 2100 654 2134 Canisii
682 2100 725 2134 ad
747 2101 1012 2135 Mercurianum
1040 2102 1207 2146 epistula.
1251 2102 1371 2137 Germ.
1394 2103 1459 2137 183
1485 2115 1519 2137 n.
1539 2104 1607 2138 324
1635 2103 1675 2147 (f.
1698 2105 1793 2148 171).

191 2160 385 2202 Indiqnum
411 2161 452 2192 dc
478 2161 619 2203 eolleyio
646 2165 845 2203 auqustcmo
871 2162 1024 2204 episcopi
1049 2162 1264 2206 capitulique
1289 2174 1504 2206 responsum.

195 2238 395 2280 Canisz'us
440 2238 667 2293 Oeuipontc
708 2241 776 2281 19.
820 2240 925 2281 Iulii
966 2241 1079 2281 1574
1113 2242 1289 2282 Romam
1329 2242 1388 2282 ad
1426 2242 1697 2284 Everarclum
1731 2243 1843 2284 Bler-

72 2304 300 2346 curionum
333 2305 552 2346 Socz'etutt's
581 2306 870 2359 praepositum
903 2307 1136 2360 ycueralcm
1170 2307 1283 2359 leaeo,
1323 2312 1496 2361 praeter
1527 2308 1628 2359 alia,
1663 2309 1845 2349 rettulit.-

79 2369 171 2422 „De
202 2370 452 2423 Auyustauo
486 2371 645 2425 ucqotio
677 2371 849 2424 scripsit
881 2372 939 2411 att
962 2386 1025 2412 mc
1047 2372 1445 2413 Reuercmlz'ssimus
1467 2373 1657 2414 Nuntius
1679 2373 1842 2425 Fortia,

73 2435 283 2489 simulque
314 2435 427 2475 misit
460 2449 703 2490 responsum
728 2435 810 2476 sibi
834 2436 979 2477 datum
1006 2437 1057 2478 ab
1076 2437 1282 2491 Episcopo
1306 2442 1341 2478 ct
1366 2437 1558 2491 Capitulo
1582 2441 1844 2493 AuyustunO‚

72 2499 188 2554 quod
219 2500 284 2540 his
317 2514 475 2555 quoque
507 2501 641 2542 literis
675 2502 874 2542 adiunxi.
922 2502 1104 2543 Ilsultum
1139 2507 1173 2542 et
1207 2503 1282 2543 dtu
1322 2503 1367 2543 iu
1407 2503 1567 2558 colleyij
1596 2518 1725 2545 causa
1760 2519 1845 2546 ccr-

76 2569 209 2606 tatum
242 2569 313 2618 est,
347 2566 421 2606 sed
453 2580 545 2606 cum
580 2567 725 2619 miquo
745 2566 906 2619 fructu,
941 2568 1065 2608 immo
1088 2582 1244 2620 masma
1268 2583 1358 2608 cum
1392 2569 1565 2609 inuidia.
1593 2574 1845 2623 nostrorum,

74 2630 229 2685 quibus
273 2631 340 2671 uel
385 2631 633 2672 authoribus
678 2633 743 2673 suet
788 2632 1069 2673 incentoribus
1112 2637 1196 2673 tota
1247 2633 1348 2674 hacc
1388 2635 1608 2687 traqocclia
1649 2635 1700 2675 ab
1746 2636 1847 2689 ipsis

79 2695 306 2736 Canonicis
338 2697 585 2750 imputatur.
634 2697 689 2738 Et
717 2699 856 2752 peryit
887 2703 1025 2738 tamen
1054 2699 1160 2739 idem.
1185 2698 1373 2739 Nuntius
1401 2699 1474 2740 hoc
1496 2713 1646 2741 saxum
1670 2702 1845 2753 volucre,

77 2775 270 2815 nouaque
312 2762 497 2815 experiri
538 2776 661 2803 orma
695 2764 892 2816 decreuit,
938 2778 1022 2804 ozon
1055 2765 1186 2804 solum
1219 2764 1340 2805 Pout.
1375 2765 1510 2816 Max„
1553 2766 1625 2806 sert
1659 2771 1693 2806 et
1728 2766 1844 2807 Caes.

77 2825 202 2879 Mai„
253 2826 303 2867 (Ie
344 2827 464 2868 cuius
505 2831 640 2868 tamen
686 2830 828 2869 auimo
872 2828 1104 2881 dubitatur,
1149 2834 1183 2869 ct
1225 2830 1495 2883 quorundam
1540 2830 1845 2872 Catleolicorum

76 2890 330 2944 Principum
372 2905 488 2945 opem
533 2894 789 2947 implorans,
836 2898 881 2934 ut
924 2894 991 2934 ‘uel
1035 2894 1162 2934 inuita·
1209 2894 1413 2935 Canonici
1459 2897 1680 2950 empetitum
1727 2910 1849 2950 saepe

77 2957 377 2997 monasterium
412 2956 589 2999 Jesuitis
622 2958 878 3012 assiqueut“.

200 3036 246 3070 Et
265 3035 436 3081 Gregorio
454 3037 549 3072 XIII.
570 3040 730 3084 pontifici
756 3042 792 3074 et
812 3040 1046 3074 cardinalium
1065 3040 1333 3084 congregationi
1360 3041 1597 3084 germanicae,
1625 3045 1661 3076 et
1686 3041 1849 3087 plurimis

77 3089 297 3124 Germaniae
323 3091 411 3125 viris
437 3092 634 3134 catholicis,
671 3093 847 3139 imprimis
873 3093 1021 3128 Alberto
1047 3093 1091 3128 V.
1109 3093 1188 3128 duci
1221 3095 1257 3127 et
1283 3094 1505 3129 Ferdinando
1532 3095 1576 3130 ΙΙ.
1605 3095 1787 3129 archiduci
1813 3097 1850 3128 et

200 3159 228 3192 a)
257 3161 327 3185 Vide
342 3169 374 3192 p.
388 3163 450 3193 220,
470 3162 568 3187 adnot.
588 3171 614 3187 a.
