2051 3433
214 141 300 182 800
983 138 1077 172 Mon.
1107 138 1208 173 1233.

214 254 366 291 1233.
442 254 535 289 1578.
578 253 670 289 1579.

335 315 388 349 Ex
409 315 645 359 autographis
665 314 736 348 PP.
755 313 894 348 Nicolai
919 316 955 348 et
975 314 1101 349 Goodii
1128 314 1291 359 epistolis
1318 316 1353 348 et
1380 326 1425 348 ex
1456 315 1744 356 „Instructionis“
1777 315 1984 360 apographo

212 369 337 402 eodem
370 369 446 402 fere
471 371 633 413 tempore
659 368 805 412 scripte.
858 367 957 402 Good
986 367 1188 412 complures
1216 367 1392 412 epistulae
1427 367 1635 412 particulas,
1670 371 1710 402 ut
1736 380 1788 409 ea,
1824 380 1915 412 quae
1942 369 1984 402 de

212 422 444 456 catechismis
479 420 633 455 suecicis
659 421 753 454 infra
780 424 956 465 ponentur
984 421 1101 466 („ipse
1127 421 1255 455 etiam'*
1278 441 1323 445 —
1346 422 1652 463 „reseruantur“),
1687 422 1781 455 notis
1816 422 1983 456 secretio-

213 475 310 509 ribus
346 474 544 519 expressit;
588 473 723 507 Romae
759 474 902 515 deinde,
945 474 1028 518 quid
1066 474 1118 508 eis
1152 474 1439 516 significaretur,
1482 474 1742 517 investigatum
1778 477 1813 508 et
1847 475 1983 511 iisdem.

212 528 344 562 litteris
371 532 490 562 tamen
516 527 609 561 haud
639 529 691 561 ita
717 527 928 572 perspicuis,
955 528 1240 572 superscriptum
1261 531 1325 561 est.
1366 526 1457 572 Opp.
1476 526 1553 561 NN.
1573 527 1642 562 339
1669 528 1693 562 f.
1715 528 1775 562 12b
1801 528 1985 563 82b—832.

212 582 329 616 Instit.
360 583 425 616 117
462 583 484 615 f.
513 580 734 614 ‘twa—425³
770 580 896 614 Goodii
922 581 1054 614 litt-eris
1090 581 1233 625 copiose
1267 591 1355 614 usus
1382 584 1438 614 est
1464 582 1673 625 Sat-chinus,
1710 581 1802 615 Hist.
1824 581 1884 622 IV,
1911 581 1932 615 l.
1953 582 1984 617 7.

212 647 245 668 n.
274 635 458 674 84—105;
496 634 661 668 Sacchini
696 634 901 668 narratione
928 633 987 667 vel
1023 634 1127 678 ipsis,
1164 645 1255 678 quas
1291 634 1376 676 dixi,
1413 633 1579 678 epistulis
1615 646 1702 669 usus
1733 638 1788 668 est
1824 635 1985 677 metuar,

212 688 409 722 Schweden
436 689 450 722 Ι
476 688 676 723 597—599.

333 755 495 797 „Parvus
523 754 762 788 Catechismus
791 751 1089 796 Catholicormffl,
1118 754 1251 786 Romae
1276 754 1406 786 suecice
1432 764 1563 796 versus,
1595 754 1784 786 eoeczcdilm·
1811 754 1983 787 Holmiae.

212 809 344 841 Ibidem
372 809 462 840 idem
488 808 578 840 liber
601 807 800 849 {set-manica
825 807 955 840 editur.

331 880 377 921 Ρ.
394 880 656 921 Laurentius
672 879 841 919 Nicoma·
856 877 1095 926 (Nielssen)
1111 877 1203 919 sive
1219 878 1452 932 Norvegus
1469 878 1510 921 S.
1523 878 1563 921 J.
1580 878 1637 929 (V.
1652 893 1784 932 supra
1801 893 1840 932 p.
1854 879 1939 919 413
1951 878 1984 931 3)

217 944 590 994 „Stockholmiae“
639 945 707 985 29.
746 943 946 984 Octobris
994 944 1105 984 1576
1150 943 1375 985 Everardo
1418 943 1691 985 Mercuriano
1736 943 1985 997 praeposito

212 1009 406 1062 generali
428 1007 621 1062 scripsit:
653 1008 766 1058 „Quo
786 1007 983 1049 omnibus
1005 1007 1253 1050 innotescat
1276 1008 1474 1050 doctrina
1492 1008 1719 1059 catholica,
1744 1009 1986 1062 cogitamus

212 1074 480 1116 dexteritate
513 1074 699 1126 quadam
733 1073 935 1115 emittere
969 1073 1280 1115 catechismum
1312 1073 1580 1116 Catholicum
1614 1074 1763 1127 lingua
1796 1074 1983 1116 Suetiae.

211 1144 256 1182 et
288 1141 388 1193 post
420 1153 511 1180 rem
545 1138 725 1180 eandem
759 1152 836 1192 pro
870 1138 1083 1180 Concione
1114 1153 1415 1192 propugnare:
1457 1153 1609 1180 verum
1643 1139 1824 1181 necdum
1858 1153 1927 1181 res
1961 1154 1986 1181 a

212 1205 351 1258 Regia
383 1204 564 1246 Maiest:
609 1203 786 1246 definita
819 1205 925 1246 est.“
992 1202 1147 1257 Neque
1181 1217 1285 1246 vero
1328 1207 1432 1246 tunc
1467 1204 1638 1257 quidem
1674 1204 1900 1257 quicquam
1935 1219 1986 1247 ea

212 1270 265 1311 de
291 1284 338 1311 re
364 1270 548 1311 Ioannes
572 1269 648 1311 III.
677 1268 859 1310 Sveciae
885 1283 964 1310 rex
992 1269 1270 1312 constituisse
1292 1269 1478 1312 videtur.
1527 1269 1810 1319 „Instructio“
1839 1272 1984 1312 autem

213 1335 258 1378 P.
293 1334 512 1377 Stanislao
546 1333 795 1376 Varsevitio
830 1334 872 1377 S.
905 1334 944 1376 J.
989 1333 1063 1385 (cf.
1098 1348 1232 1389 supra
1263 1349 1304 1388 p.
1331 1335 1461 1387 212¹)
1503 1335 1660 1377 iterum
1701 1334 1743 1376 in
1787 1334 1986 1377 Sueciam

211 1400 462 1454 profecturo
486 1414 511 1441 a
535 1400 813 1441 Mei-curiam
837 1413 876 1442 a.
904 1400 1015 1440 1577
1041 1399 1160 1454 (post
1183 1415 1239 1443 m.
1264 1400 1531 1454 Augustum)
1564 1400 1668 1442 data
1701 1400 1808 1442 haec
1830 1400 1983 1442 habet:

219 1465 489 1515 „Meminerit
521 1465 639 1507 ferre
672 1479 819 1506 secum
854 1464 889 1505 si
912 1465 1004 1507 vlla
1036 1465 1209 1507 ratione
1241 1465 1334 1507 fieri
1367 1465 1508 1519 possit
1531 1500 1540 1507 .
1568 1500 1575 1508 .
1602 1500 1609 1508 .
1644 1479 1803 1520 paruos
1827 1465 1984 1520 Canisij

212 1531 516 1581 catechismos,
550 1530 664 1572 sicut
696 1530 780 1572 scit
805 1530 849 1574 Ρ.
875 1530 1158 1572 Posseuinum
1193 1544 1443 1585 percupere,
1478 1545 1573 1573 cum
1597 1531 1694 1585 alijs
1720 1531 1880 1573 libris.“
1937 1531 1986 1572 In

210 1597 234 1620 ss
246 1597 461 1639 relatione
478 1597 656 1638 tandem
673 1610 699 1638 a
717 1596 763 1638 Ρ.
784 1598 1009 1638 Guilielmo
1025 1597 1144 1638 Good
1159 1596 1200 1639 S.
1216 1597 1256 1639 J.
1274 1596 1348 1649 (cf.
1365 1610 1497 1650 supra
1511 1611 1552 1650 p.
1569 1596 1674 1649 424)
1690 1597 1985 1646 Torvesundo,

211 1676 268 1704 ex
300 1662 561 1704 Catharinae
602 1661 781 1715 reginae
820 1661 1033 1715 ‚‚praedio‚
1074 1661 1340 1704 Stocholmia
1371 1662 1444 1703 uix
1475 1661 1692 1715 integram
1724 1662 1890 1704 leucam
1924 1662 1986 1704 di-

211 1729 401 1777 stante“‚
437 1729 506 1769 25.
531 1726 757 1768 Februarii
791 1727 905 1769 1580
939 1726 991 1768 de
1023 1727 1153 1768 rebus
1186 1727 1383 1781 proximo
1422 1729 1618 1781 tempore
1650 1727 1849 1769 semestri
1883 1741 1908 1769 a
1940 1741 1986 1769 se

209 1793 424 1846 sociisque
450 1792 588 1845 gestis
610 1791 793 1834 Romam
816 1792 871 1833 ad
893 1792 1165 1834 Everardum
1189 1792 1508 1834 Mercurialium
1534 1792 1831 1846 praepositum
1855 1806 1986 1846 gene·

211 1858 346 1900 ralem
370 1858 504 1899 missa
525 1857 632 1899 haec
656 1859 891 1899 narrantur
914 1857 967 1899 de
990 1857 1036 1902 P.
1059 1857 1250 1899 Antonio
1273 1857 1511 1899 Possevino
1536 1858 1578 1901 S.
1602 1857 1628 1899 J
1634 1890 1656 1907 .,
1692 1857 1776 1909 qui,
1811 1872 1906 1899 cum
1931 1871 1988 1899 ex

210 1923 350 1977 prima
383 1922 603 1977 legatione
637 1921 808 1964 suecica
841 1922 956 1964 circa
977 1922 1198 1965 ineuntem
1224 1937 1278 1965 m.
1304 1922 1537 1964 Octobrem
1566 1923 1677 1963 1578
1704 1923 1883 1964 Romam
1918 1936 1986 1964 re-

210 1988 360 2039 disset,
383 1988 482 2030 inde
506 1988 620 2030 circa
642 1988 770 2029 finem
792 1987 985 2029 eiusdem
1004 1987 1106 2029 anni
1122 1987 1280 2031 iterum
1300 2003 1325 2030 a
1344 1987 1553 2041 Gregorio
1568 1987 1685 2032 XIII.
1704 1988 1758 2029 ad
1781 1987 1986 2029 Ioannem

209 2067 359 2107 regem
381 2054 539 2095 missus
564 2053 782 2095 Holmiam
806 2053 1097 2106 (Stockholm)
1118 2068 1174 2094 m.
1194 2053 1302 2095 Iulio
1323 2067 1361 2096 a.
1385 2055 1496 2095 1579
1520 2053 1712 2095 redierat
1734 2053 1986 2104 (Sacc-hinem

209 2119 236 2161 l.
257 2133 290 2161 c.
315 2119 343 2161 l.
363 2121 402 2169 6,
426 2133 467 2161 n.
493 2121 570 2168 7o';
595 2119 622 2161 1,
641 2119 680 2168 7,
703 2133 744 2161 n.
765 2120 820 2160 82
845 2120 923 2167 83ς
955 2119 1135 2160 ΤΙιείηρν
1156 2119 1183 2162 l.
1209 2132 1243 2161 c.
1268 2118 1286 2159 I
1311 2120 1394 2159 502
1420 2117 1544 2171 5210:
1570 2117 1866 2168 Possevinum,
1891 2132 1985 2159 cum

209 2198 265 2227 m.
290 2184 535 2238 Septembri
568 2184 820 2238 pestilentia
842 2184 1061 2226 Holmiam
1087 2183 1385 2225 vehementius
1408 2197 1534 2225 urere
1557 2183 1773 2237 coepisset
1805 2183 1986 2236 ideoque

209 2262 289 2290 rex
322 2263 418 2290 cum
451 2249 541 2291 suis
573 2249 673 2291 inde
707 2248 804 2301 (sub
836 2263 892 2291 m.
917 2249 1165 2299 Octobrem,
1198 2251 1247 2290 ut
1279 2248 1470 2300 videtur)
1502 2248 1602 2290 inde
1634 2248 1811 2297 abisset,
1845 2247 1985 2302 ipsum

209 2328 380 2367 quoque
422 2313 519 2368 (sub
561 2328 617 2358 m.
657 2314 953 2356 Novembrem
995 2314 1280 2365 exeuntemP)
1322 2314 1428 2355 urbe
1471 2313 1711 2355 excessisse
1753 2317 1797 2356 et
1839 2313 1893 2354 ab
1936 2326 1986 2355 eo

208 2383 407 2434 tempore
441 2393 537 2421 cum
570 2379 715 2434 pueris
748 2379 915 2433 aliquot
947 2382 991 2422 et
1029 2379 1347 2432 ludimagistris
1379 2379 1518 2432 belgis
1550 2378 1593 2420 in
1626 2378 1767 2420 insula
1799 2378 1986 2431 quadam

210 2444 392 2493 morari;
426 2444 485 2486 ibi
508 2459 618 2493 eum,
654 2448 830 2498 praeter
852 2444 951 2495 alia,
982 2444 1224 2487 instituisse
1254 2444 1519 2495 „doctrinam
1543 2443 1824 2486 Catechismi:
1859 2457 1985 2496 quem

209 2513 363 2563 postea
386 2510 569 2552 excitati
591 2510 699 2552 Ludi
723 2509 926 2563 Magistri
949 2509 1143 2564 Collegij,
1178 2509 1412 2564 discipulos
1434 2512 1479 2551 et
1501 2509 1687 2551 rusticos
1709 2509 1807 2550 illos
1830 2509 1986 2550 docere

210 2578 512 2628 perrexerunt,
555 2575 647 2629 ipse
691 2575 822 2616 etiam
866 2575 912 2617 P.
947 2575 1106 2616 Canisii
1148 2575 1288 2616 minor
1330 2574 1650 2617 cathechismus
1693 2587 1818 2626 quem
1855 2573 1987 2615 Pater

210 2640 374 2681 Romae
406 2654 569 2694 paucas
601 2640 700 2682 illas
733 2640 1028 2682 hebdomadas
1061 2642 1354 2682 commoratus
1387 2639 1441 2681 ab
1464 2639 1663 2680 Alumnis
1692 2638 1841 2680 Suecis
1873 2637 1986 2680 uerti

209 2704 373 2746 suetice
416 2708 649 2747 curauerat
691 2705 791 2746 dum
835 2705 1016 2747 absente
1058 2705 1184 2747 aula*
1224 2704 1512 2757 magistratus
1552 2704 1657 2746 item
1694 2702 1985 2746 Stocholmiae

210 2769 361 2811 sileret
393 2783 444 2811 ac
476 2770 616 2811 minor
648 2770 778 2812 turba
811 2769 1136 2812 obseruantium
1170 2770 1379 2824 impedire
1414 2772 1562 2823 posset
1595 2768 1827 2811 editionem
1861 2781 1984 2821 gras-

210 2837 336 2876 sante
378 2834 448 2875 lue
489 2835 659 2876 aeditus
702 2838 791 2877 est:
834 2835 954 2876 cuius
998 2835 1113 2876 mille
1153 2835 1354 2888 exempla
1386 2834 1500 2888 apud
1534 2847 1612 2875 nos
1645 2834 1713 2875 uel
1747 2833 1984 2875 emittenda

211 2912 288 2940 suo
321 2901 517 2953 tempore
551 2900 619 2941 uel
652 2914 706 2941 ex
740 2914 816 2942 ora
848 2899 1142 2942 transmarina
1174 2913 1254 2954 per
1285 2899 1482 2941 alumnos
1515 2899 1695 2940 subinde
1727 2899 1810 2940 huc
1841 2901 1985 2940 trans-

211 2963 425 3006 mittenda
447 2968 742 3008 reseruantur.
764 3000 771 3007 .
794 3000 800 3007 .
824 3000 831 3006 .
882 2965 966 3007 Sed
994 2978 1133 3017 neque
1165 2965 1233 3005 hic
1256 2965 1406 3006 sterile
1438 2978 1616 3018 prorsus
1648 2963 1762 3005 inter
1784 2962 1984 3016 scopulos

331 3058 357 3082 a!
386 3057 453 3080 'ln-i«
477 3064 517 3081 ι’ν.
532 3065 590 3087 sqq.
606 3059 752 3089 arseripsi'
772 3066 809 3082 er
828 3058 916 3082 liuiits
936 3058 1080 3089 epistulae
1100 3058 1270 3089 apostrophe
1291 3058 1425 3089 quodam,
1445 3058 1519 3089 quud
1542 3057 1603 3088 ipso
1625 3056 1789 3085 Posset-ino,
1811 3059 1839 3080 u!
1862 3056 1984 3081 ridetur.

210 3100 332 3120 ‹nu-ante
352 3098 492 3128 seriptum
508 3102 548 3122 es!
571 3102 657 3130 (Opp.
674 3100 738 3124 NN.
754 3102 806 3123 330·
825 3101 898 3130 susc.
915 3101 948 3124 D.
968 3101 991 3130 f.
1011 3100 1064 3124 33¹¹
1085 3108 1140 3123 nou
1161 3099 1258 3130 signu).
1291 3100 1323 3123 Ιιι
1342 3099 1445 3123 (ivodii
1465 3099 1540 3123 enim
1562 3099 1744 3129 autoyrapho
1763 3097 1984 3129 superscriptio.

211 3146 296 3168 quam
318 3146 408 3168 supr«
431 3139 505 3169 dimi,
526 3140 576 3163 lmc
596 3141 654 3164 lar-0
674 3141 825 3165 οὒκ-σιωπω-
845 3144 885 3165 es(
909 3140 1181 3172 (magistratusque
1200 3140 1245 3171 [Υ]
1266 3139 1296 3164 et
1315 3140 1360 3171 [ἰ]
1380 3139 1595 3165 sctoecholmia
1615 3140 1681 3170 (27).
