2051 3433
175 190 260 230 620
953 188 1048 222 Mon.
1071 187 1175 223 1099.

299 303 386 344 „Am
425 303 745 347 Pfingstenchtag“
787 304 894 346 (feria
920 304 982 338 Ill.
1015 304 1250 338 Pentecostes
1285 304 1363 338 sive
1398 304 1454 339 27.
1483 304 1598 347 Maii).
1650 305 1849 349 Evangelio
1885 306 1953 340 diei

173 356 358 401 explicato
396 357 563 396 ostendit,
601 356 827 391 Christianos
865 357 1016 402 Spiritui
1045 356 1177 391 Sancto
1213 357 1344 391 debere
1382 357 1658 400 invocationem,
1694 359 1953 393 oboedientiam

174 421 332 443 amorem
361 410 399 452 (l.
421 422 451 444 c.
479 412 503 444 f.
527 410 778 454 1522-154b).

297 462 505 505 „Dominica
524 463 732 498 Trinitatis“
758 464 806 508 (1.
827 464 948 507 Iunii).
989 463 1228 507 Evangelium
1257 464 1325 498 diei
1353 464 1550 509 explicans,
1576 465 1741 510 inprimis
1767 465 1810 500 de
1836 477 1952 500 sacra-

174 519 294 550 mento
321 517 491 561 baptismi
518 517 614 560 agit;
643 517 723 551 dein
745 518 921 562 quomodo
941 530 981 551 eo
1001 517 1057 551 die
1076 529 1178 551 sacro
1205 520 1303 551 recte
1329 518 1502 552 utendum
1521 519 1579 559 sit,
1608 519 1776 554 ostendit.
1817 519 1955 561 ,Habet

173 570 278 604 hodie
305 571 459 604 mundus
485 570 619 604 multos
645 570 858 605 Nicodemos
896 570 955 616 [cf.
984 571 1021 605 Io
1049 570 1080 611 3,
1110 572 1125 604 1
1156 572 1176 605 9
1206 570 1274 615 10],
1311 571 1343 604 id
1371 574 1437 611 est,
1474 572 1533 615 qui
1561 572 1682 617 magnj
1711 575 1746 606 et
1771 573 1954 617 sapientes

174 635 294 657 corani
320 623 452 657 mundo
480 623 658 665 videntur,
694 625 757 658 sed
783 627 870 659 sunt
895 636 1016 658 coram
1043 624 1117 658 Deo
1145 626 1181 658 et
1206 625 1241 658 in
1268 625 1517 669 spiritualibus
1543 626 1651 659 rebus
1685 629 1758 659 tam
1786 626 1893 660 rudes
1919 630 1955 660 et

173 677 344 722 imperitj‚
373 680 414 710 vt
440 679 572 720 egeant
597 677 687 711 bono
715 678 955 720 Catechisnw,
986 678 1056 711 imo
1084 678 1193 711 etiam
1228 677 1505 722 reprehensione
1532 690 1600 712 non
1627 679 1746 713 minus
1772 691 1878 723 quam
1905 680 1953 713 in-

173 730 410 764 structione..
431 757 438 764 .
459 757 466 764 .
501 730 578 763 Non
616 731 751 765 audent
786 743 893 775 soepe
920 732 954 765 in
982 731 1128 776 templis
1164 731 1223 765 diu
1259 743 1415 766 manere.
1468 732 1500 766 2.
1528 732 1642 777 Soepe
1679 733 1952 767 communicare.

174 785 205 818 3.
233 784 279 817 Jn
307 784 362 817 die
388 784 511 829 ieiunij
546 784 640 818 inter
666 785 782 819 socios
809 785 957 819 edentes
985 785 1177 819 abstinere.
1217 785 1250 819 4.
1278 784 1400 819 Fidem
1428 796 1531 819 suam
1559 789 1599 819 et.
1620 785 1808 820 Praelatos
1835 787 1953 821 defen-

174 838 278 871 dere¹⁴
312 837 352 879 (l.
372 849 400 871 c.
428 837 452 870 f.
478 837 727 882 154h—158b).

298 890 425 932 „Festo
446 890 613 936 Corporis
632 891 786 926 Christi“
820 891 868 934 (5.
888 891 1009 934 Iunii).
1050 891 1125 933 ,Ad
1145 891 1231 935 quid
1250 891 1438 926 Processio
1466 894 1502 926 et
1527 892 1725 927 solennitas
1752 892 1953 927 hodierna‘?

173 944 361 985 Quomodo
388 945 533 986 festum,
561 945 741 989 processio
761 946 797 979 et
815 947 945 979 octaua
965 945 1041 978 eius
1060 944 1199 979 utiliter
1226 944 1465 980 celebrentur.
1505 945 1595 987 Quid
1616 946 1847 989 cogitandum
1872 946 1954 981 sim-

173 997 330 1042 plicibus
357 998 453 1032 circa
479 997 546 1031 hoc
573 999 703 1032 festum
718 999 756 1032 ‘?“
789 998 826 1041 (l.
848 1010 877 1032 c.
905 999 929 1032 f.
953 998 1202 1041 158b—160b).

299 1051 334 1093 ,1
361 1051 547 1085 Dominica
574 1054 656 1096 post
681 1051 890 1086 Trinitatis“
923 1051 971 1094 (8.
993 1051 1114 1095 Iunii).
1158 1052 1197 1086 ln
1225 1052 1371 1085 exordio
1397 1052 1485 1086 dicit
1515 1052 1578 1094 „de
1604 1054 1830 1087 sacramento
1856 1064 1954 1087 reue-

174 1106 297 1138 renter
324 1104 532 1138 deducendo
559 1105 603 1138 ad
631 1106 818 1148 aegrotos“
851 1105 971 1150 (plura
998 1117 1032 1139 v.
1059 1106 1165 1146 infra,
1192 1117 1348 1139 monum.
1370 1105 1499 1148 1106);
1536 1105 1662 1139 deinde
1693 1106 1873 1148 „Dicam“,
1906 1107 1955 1140 in-

174 1158 262 1200 quit,
304 1158 500 1201 „quomodo
536 1158 673 1192 seruiat
698 1158 937 1202 Euangelium
975 1158 1033 1203 [de
1061 1159 1212 1203 epulone
1239 1159 1352 1192 divite
1389 1162 1424 1192 et
1450 1158 1586 1193 Lazaro
1612 1171 1788 1204 paupere,
1823 1159 1873 1194 Lc
1902 1161 1953 1201 16,

176 1210 328 1255 19—31]
358 1212 374 1245 1
405 1211 449 1245 ad
475 1211 580 1245 fidem
608 1211 629 1244 2
656 1211 821 1256 impellat
847 1212 891 1246 ad
918 1212 1082 1246 timorem
1110 1212 1130 1246 3
1158 1212 1218 1256 qui
1244 1212 1436 1257 praecipue
1455 1212 1609 1246 debeant
1626 1224 1666 1247 se
1689 1224 1833 1247 monere
1859 1213 1955 1247 circa

174 1264 385 1299 historiam“
420 1264 457 1307 (l.
480 1276 509 1299 c.
538 1265 562 1299 f.
585 1265 833 1308 1612—16312).

297 1317 338 1360 „2
354 1318 539 1352 Dominica
553 1322 632 1363 post
645 1318 855 1353 Trinitatis“
877 1318 949 1362 (15.
961 1319 1088 1362 Iunii);
1107 1319 1337 1362 evangelium
1353 1319 1421 1353 diei
1437 1319 1597 1364 explicat
1613 1319 1650 1362 (l.
1664 1331 1693 1353 c.
1709 1320 1954 1364 1642-1682).

298 1371 349 1413 „3.
377 1371 564 1406 Dominica
590 1375 672 1417 post
697 1371 918 1406 TrinitatiS.“
960 1372 1174 1416 (22.1unii),
1202 1372 1432 1416 evangelium
1460 1373 1528 1406 diei
1559 1373 1623 1411 (Lc
1653 1373 1705 1413 15,
1734 1373 1864 1416 1-10)
1895 1385 1954 1407 ex-

174 1423 325 1469 plicans,
354 1425 582 1470 potissimum
609 1425 777 1466 ostendit,
818 1426 922 1470 „quid
950 1426 1055 1459 hodie
1081 1426 1215 1460 multos
1240 1426 1423 1471 impediat,
1459 1438 1529 1470 quo
1555 1426 1673 1460 minus
1698 1438 1783 1460 uere
1809 1438 1953 1461 conuer-

173 1480 307 1519 tantur,
335 1481 372 1512 et
396 1490 462 1513 sua
488 1479 708 1524 poenitentia
733 1479 870 1513 faciant
898 1480 1070 1523 gaudium
1089 1480 1124 1513 in
1143 1479 1277 1519 coelo‘,
1305 1482 1342 1513 et
1363 1480 1443 1523 „qui
1471 1491 1624 1524 capaces
1643 1479 1716 1513 sint
1733 1480 1955 1515 remissionis

174 1537 404 1576 peccatorum
434 1536 470 1566 et
495 1532 635 1575 gratiae
662 1533 797 1567 Christi
825 1537 861 1567 et
887 1535 1055 1567 aeternae
1080 1532 1230 1568 salutis“
1265 1533 1303 1573 (l.
1326 1545 1354 1567 c.
1382 1534 1406 1567 f.
1429 1533 1676 1576 1682—172b).

303 1585 469 1627 „Festum
497 1586 531 1620 S.
551 1586 694 1620 loannis
721 1587 929 1631 Baptista&
963 1586 1177 1630 (24.1unii).
1226 1586 1459 1631 „Propositio.
1502 1586 1627 1620 Dicam
1655 1598 1751 1629 ergo,
1779 1587 1953 1630 quomodo

173 1639 325 1673 Joannis
353 1639 526 1674 natiuitas
562 1640 715 1674 multum
743 1640 896 1674 excedat
931 1651 1154 1674 communem
1183 1641 1411 1674 natiuitatem
1439 1639 1593 1674 filiorum
1619 1640 1730 1680 Adae,
1767 1644 1802 1674 et
1827 1640 1955 1674 merito

175 1704 195 1726 a
222 1692 389 1727 fidelibus
416 1693 451 1726 in
478 1693 648 1728 hodierno
685 1694 778 1728 festo
815 1693 1018 1728 honoretur.
1070 1695 1102 1728 2.
1131 1693 1311 1735 Quomodo
1339 1695 1415 1727 vita
1442 1693 1593 1728 ,Ioannis
1629 1694 1888 1727 consideranda
1918 1697 1954 1727 et

175 1746 392 1780 conferenda
428 1745 512 1781 huic
538 1747 702 1791 tempori.
746 1747 778 1781 3.
806 1746 987 1788 Quomodo
1023 1749 1141 1781 status
1177 1759 1300 1781 omnes
1328 1746 1612 1781 Christianitatis
1637 1746 1674 1780 in
1700 1747 1839 1781 Joanne
1865 1749 1954 1780 tam·

174 1810 282 1842 quam
309 1799 344 1833 in
371 1800 517 1844 speculo
543 1812 582 1834 se
609 1800 856 1845 contemplarj,
884 1803 920 1834 et
946 1801 1143 1834 secundum
1169 1801 1267 1834 illius
1294 1799 1498 1844 exemplum
1526 1811 1564 1834 se
1591 1800 1787 1834 reformare
1814 1799 1954 1845 possint

177 1854 213 1886 et
239 1852 413 1886 debeant“
446 1853 485 1897 (l.
512 1865 541 1888 c.
569 1854 593 1887 f.
615 1852 867 1897 316b—319¹³).

298 1906 363 1948 „Jn
391 1906 497 1941 Festo
526 1907 622 1940 Petri
649 1910 686 1941 et
712 1907 836 1941 Pauli“
874 1911 910 1941 et
934 1908 968 1941 4.
995 1907 1182 1941 Dominica
1217 1909 1299 1952 post
1325 1907 1452 1941 Trinit.
1490 1906 1563 1950 (29.
1585 1906 1706 1949 lunii).
1761 1905 1867 1949 „Dies
1893 1906 1953 1940 ho-

175 1959 320 1993 diernus
348 1960 410 1994 dat
436 1960 538 1995 nobis
565 1961 789 1995 occasionem
816 1960 943 1994 bonam
965 1961 1008 1994 de
1035 1960 1170 2002 multis,
1197 1961 1340 2003 magnis
1368 1962 1404 1995 et
1429 1959 1625 2004 praeclaris
1648 1959 1756 1994 rebus
1774 1959 1954 2004 cogitandj

175 2016 210 2046 et
236 2013 478 2058 praedicandj.
531 2013 716 2048 Habemus
751 2014 844 2048 euim
881 2013 1015 2058 duplex
1043 2014 1293 2057 Euangelium,
1331 2025 1440 2047 vnum
1475 2014 1517 2047 de
1544 2013 1731 2047 Dominica
1765 2012 1955 2053 hodierna;

175 2065 329 2099 alterum
357 2078 442 2100 vero
469 2066 513 2100 ad
539 2068 673 2101 festum
712 2068 870 2112 pertinet
895 2067 1150 2112 Apostolorum
1186 2066 1471 2112 principalium.“
1530 2066 1633 2108 „Tria
1668 2068 1752 2100 sunt
1777 2066 1813 2100 in
1840 2066 1958 2100 Euan-

175 2118 269 2162 gelio
297 2119 402 2154 valde
428 2121 596 2162 notanda,
633 2123 670 2155 et
696 2121 825 2165 cuique
861 2123 1023 2154 nostrum
1052 2121 1095 2155 ad
1122 2120 1298 2155 iustitiam
1332 2123 1367 2154 et
1394 2120 1549 2154 salutem
1581 2119 1797 2154 necessaria.
1851 2120 1881 2153 1.
1908 2119 1956 2154 Vt

174 2172 374 2206 habeamus
399 2173 506 2207 fidem
531 2173 626 2219 Petrj
655 2175 868 2208 confitentes
896 2185 975 2208 cum
1004 2173 1065 2208 illo
1085 2174 1268 2208 Christum
1288 2177 1324 2208 et
1343 2185 1483 2207 omnem
1504 2173 1747 2208 Christianam
1766 2173 1957 2207 veritatem

175 2225 313 2260 creditu
341 2227 596 2262 necessariam.
642 2228 674 2262 2.
702 2227 754 2261 De
781 2227 947 2262 Ecclesia
974 2226 1084 2272 Petrj,
1111 2230 1151 2261 vt
1179 2239 1303 2261 veram
1329 2227 1438 2261 fidem
1464 2238 1534 2260 non
1560 2226 1644 2272 alibj
1673 2237 1780 2270 quam
1808 2227 1844 2260 in
1871 2236 1957 2259 vera

175 2278 274 2324 Petrj
304 2279 468 2314 Ecclesia
493 2281 596 2315 nobis
632 2284 668 2314 et
694 2281 776 2326 alijs
803 2281 972 2326 prodesse
998 2281 1167 2315 sciamus.
1220 2281 1252 2316 3.
1279 2281 1332 2315 De
1360 2279 1523 2314 clauibus
1550 2279 1609 2313 vel
1636 2282 1818 2324 potestate
1846 2279 1955 2323 Petrj,

175 2334 215 2365 vt
243 2334 340 2366 certo
377 2334 641 2368 constituamus
676 2337 827 2379 peccata
862 2334 964 2369 nobis
991 2346 1012 2368 a
1038 2334 1113 2368 Deo
1140 2346 1209 2368 non
1237 2333 1385 2379 remitti,
1422 2333 1491 2378 nisj
1520 2345 1600 2367 cum
1626 2333 1696 2367 fide
1728 2336 1895 2378 petamus
1920 2333 1957 2366 in

176 2397 261 2420 vera
290 2386 451 2421 Ecclesia
483 2388 585 2422 nobis
622 2388 877 2432 communicarj
914 2387 1038 2422 claues
1064 2388 1172 2421 Petro
1203 2388 1395 2432 praecipue
1422 2387 1635 2421 commissas
1661 2390 1696 2420 et
1724 2398 1769 2420 ex
1795 2387 1872 2420 eius
1896 2397 1956 2420 au-

174 2439 347 2474 thoritate
374 2440 454 2485 alijs
481 2441 798 2476 communicata&
858 2440 970 2484 ,Quid
997 2443 1054 2475 est
1080 2452 1168 2475 vera
1195 2441 1389 2475 Ecclesia?
1441 2439 1507 2473 Est
1533 2440 1766 2483 congregatio
1793 2439 1958 2473 ordinata

175 2492 328 2534 illorum,
365 2494 424 2539 quj
452 2494 488 2528 in
516 2493 650 2539 Christj
678 2494 820 2528 nomine
851 2494 993 2539 collectj
1021 2494 1098 2539 regj
1126 2505 1164 2528 se
1190 2494 1315 2528 sinunt
1341 2505 1362 2527 a
1388 2495 1535 2538 pastore
1562 2496 1598 2527 et
1623 2504 1831 2527 successore
1857 2492 1956 2536 Petrj

175 2557 290 2590 vsque
317 2547 362 2580 ad
388 2547 493 2581 finem
524 2547 678 2592 mundj.“
736 2547 828 2590 „Cur
855 2547 1018 2582 Ecclesia
1044 2547 1206 2581 Romana
1231 2546 1543 2590 magnifacienda'*
1575 2546 1614 2590 (l.
1634 2557 1662 2580 c.
1692 2546 1716 2581 f.
1736 2545 1958 2580 aleb-32&

177 2601 213 2633 et
240 2600 285 2634 cf.
314 2599 400 2635 Can.
428 2601 470 2635 31
501 2601 525 2635 f.
544 2601 746 2644 42b—4611).
792 2600 901 2635 Plura
926 2601 1010 2635 vide
1035 2601 1140 2642 infra,
1167 2612 1322 2635 monum.
1347 2599 1448 2634 1107.

295 2653 481 2689 Dominica
508 2655 540 2690 5.
571 2657 653 2699 post
679 2654 807 2689 Trinit.
845 2655 893 2698 (6.
917 2654 1013 2697 Iulii)
1053 2666 1098 2688 ex
1135 2654 1323 2697 evangelio
1359 2653 1429 2687 diei
1465 2652 1532 2696 (Lc
1559 2654 1591 2693 5,
1621 2653 1751 2694 1—11)
1789 2651 1957 2693 ostendit,

180 2705 261 2747 „vbi
290 2709 326 2740 et
352 2719 444 2751 quae
470 2708 518 2741 sit
554 2719 640 2742 uera
677 2708 852 2749 Ecclesia,
889 2710 925 2742 et
955 2708 1131 2752 quomodo
1166 2708 1444 2750 cognoscatur“;
1482 2706 1609 2741 deinde
1645 2705 1812 2751 explicat,
1853 2705 1956 2749 „quid

176 2758 279 2793 nobis
306 2760 473 2804 designet
507 2761 609 2796 labor
635 2763 672 2795 et
697 2761 851 2806 piscatio
887 2761 950 2795 der
976 2761 1156 2804 Fischzug
1184 2762 1246 2794 der
1272 2760 1483 2805 Aposte1n“.
1535 2761 1575 2794 In
1612 2759 1727 2794 altera
1762 2759 1830 2793 hac
1857 2761 1957 2803 parte

177 2816 296 2846 monet
323 2815 442 2855 etiam,
474 2814 587 2859 „quod
615 2814 893 2859 praedicationis
920 2815 1079 2848 officium
1098 2826 1168 2848 non
1187 2814 1320 2848 habeat
1346 2816 1547 2859 perfectum
1575 2824 1720 2847 cursum
1747 2815 1783 2847 et
1808 2813 1956 2852 exitum,

177 2864 246 2910 nisj
275 2867 385 2900 etiam
412 2868 652 2910 magistratus
679 2868 862 2902 seculares
890 2868 1004 2902 velint
1030 2868 1162 2902 addere
1189 2879 1291 2901 suam
1318 2879 1462 2912 operam
1491 2870 1527 2901 et
1553 2866 1837 2901 authoritatem.
1859 2891 1866 2899 .
1886 2891 1894 2900 .
1921 2867 1958 2899 et

178 2918 379 2954 Ecclesiam
414 2921 458 2954 ab
497 2921 661 2955 hostibus
698 2921 780 2965 fidej
819 2921 1011 2955 defendere
1047 2924 1083 2955 et
1119 2920 1311 2964 aliquando
1347 2920 1467 2964 gladio
1494 2921 1547 2965 vtj
1584 2922 1708 2954 contra
1743 2918 1896 2953 rebelles
1922 2920 1958 2952 et

177 2972 501 3008 scandalizantes“.
556 2974 630 3008 Hoc
657 2986 800 3018 quoque
836 2977 957 3009 notat:
997 2974 1174 3017 „Magnus
1201 2979 1237 3007 et
1262 2973 1558 3018 reprehensibilis
1593 2975 1649 3007 est
1684 2972 1830 3013 abusus,
1863 2971 1957 3015 quod

177 3036 293 3059 nouus
320 3028 474 3061 mundus
500 3028 554 3061 sic
573 3029 629 3061 est
655 3028 822 3062 inimicus
848 3027 961 3062 labori
989 3027 1168 3068 manuali;
1195 3029 1231 3061 et
1257 3027 1351 3071 quod
1378 3027 1531 3071 quisque
1557 3026 1680 3060 studet
1705 3025 1891 3066 ditescere,
1917 3028 1958 3058 vt

178 3089 247 3111 non
283 3091 371 3123 opus
406 3080 538 3114 habeat
573 3080 746 3121 laborare,
782 3081 846 3115 sed
874 3084 914 3115 vt
950 3081 1064 3125 possit
1098 3081 1211 3114 otiose
1238 3080 1362 3114 viuere
1389 3085 1423 3115 et
1457 3081 1566 3114 bonos
1594 3079 1670 3113 dies
1705 3078 1848 3112 habere.
1877 3104 1884 3111 .
1913 3104 1920 3111 .
1948 3103 1957 3111 .

179 3130 284 3176 Multj
321 3133 424 3178 quasj
462 3133 596 3167 habent
631 3146 693 3178 pro
727 3146 764 3168 re
800 3134 924 3179 infamj
961 3134 1165 3178 quaeritare
1196 3133 1333 3167 victum
1370 3133 1614 3168 necessarium
1652 3143 1760 3176 opera
1795 3129 1952 3174 manualj

179 3183 243 3218 mit
271 3185 397 3228 aigner
424 3186 546 3220 Handt
572 3186 656 3220 oder
681 3187 824 3230 aignem
852 3186 1144 3221 Handtwerckh‘
1178 3186 1279 3228 (Can.
1302 3187 1343 3220 51
1375 3186 1398 3220 f.
1420 3186 1671 3229 172b—1772).
