2062 3443
638 147 837 192 Oeniponte
867 148 896 182 1.
916 148 1072 192 Augusti
1103 148 1203 182 1572.
1745 152 1797 192 Sl

32 268 368 310 EPJSCOPALIVM
391 266 592 308 iudicium
615 264 790 307 minime
814 265 1088 308 recusabant.
1136 265 1263 307 Nunc
1290 279 1392 308 vero
1415 266 1518 307 nihil
1552 268 1641 308 tam
1676 280 1800 308 sanc-

30 337 137 384 tum,
183 336 272 376 tam
306 331 566 382 inuiolabile,
609 332 779 372 firmum
822 332 867 372 et
907 333 1050 373 ratum
1094 330 1135 372 in
1170 331 1388 372 Euoras-m
1429 334 1575 386 potest
1607 331 1799 385 reperiri,

31 398 146 451 quod
187 397 267 440 sibi
305 399 538 439 nouatores
580 395 725 438 sinant
767 395 945 449 opponi:
988 409 1072 438 non
1115 397 1404 438 Arosromcis
1443 397 1801 438 TRAD1T10N113vs

30 465 379 513 commouentur,
423 475 507 503 non
541 461 816 503 Poxriricvm
852 460 1105 503 Sanctiones
1138 461 1388 512 admittunt,
1435 476 1518 503 non
1552 462 1797 503 Eccmzsmss

31 527 185 570 ritibus
218 530 263 570 et
289 526 589 570 consuetudini
612 525 914 579 acquiescunt:
949 528 993 568 et
1016 525 1199 577 demum,
1234 540 1344 580 quae
1368 541 1392 569 a
1417 526 1644 569 PATvas
1667 527 1796 577 dicta,

31 592 162 644 facta,
195 592 411 642 instituta,
445 591 622 642 tradita,
656 591 820 645 scripta
852 594 897 634 et
919 592 1175 634 confirmata
1207 594 1321 641 sunt,
1357 605 1407 633 ea
1442 592 1507 633 vel
1543 592 1662 633 nihili
1695 605 1800 646 pen-

29 657 150 708 dunt,
185 657 253 699 vel
286 657 329 698 in
363 656 704 699 controuersiam
737 658 946 698 reuocant
977 656 1262 710 impudenter.
1318 657 1376 700 Et
1407 670 1460 698 ne
1494 657 1665 698 omnino
1699 657 1800 710 quid

29 725 196 765 certum
229 725 360 776 atque
391 723 561 764 firmum
593 722 637 763 in
660 721 886 774 Religione
920 724 1103 772 constet,
1138 722 1377 764 incredibili
1411 722 1627 765 obsistunt
1658 722 1801 777 perui-

29 787 164 839 cacia,
208 801 291 840 quo
324 787 463 829 minus
496 786 725 829 Sacrorum
760 786 891 829 etiam
925 786 1229 828 CONCILIORVM
1263 787 1566 840 quantunlibet
1598 787 1800 841 frequen·

29 853 137 895 tium
159 852 418 896 Authoritas
449 866 573 894 suum
597 852 763 906 pondus
789 852 962 903 habeat,
997 855 1041 895 et
1073 852 1196 894 salua
1228 852 1268 894 in
1294 853 1513 894 ECCLESIA
1545 852 1799 895 retineatur.

150 923 219 966 Ad
251 924 325 966 ΤΕ
358 938 486 978 porro
519 923 632 966 redit
654 923 807 974 oratio,
842 923 1396 967 Rssvssn.et111ustrissime
1420 924 1639 979 Princeps,
1675 938 1800 978 quem

27 1002 124 1042 ego,
158 989 222 1032 vti
245 1003 386 1044 spero,
421 989 475 1031 ad
497 991 771 1043 praesentem
796 989 1117 1040 tractationem,
1147 989 1341 1043 adeoque
1365 989 1418 1031 ad
1441 989 1602 1032 aetatis
1625 992 1802 1032 nostrae

27 1054 242 1097 insaniam
285 1054 660 1108 contemplandam
704 1068 789 1096 non
830 1056 995 1096 temere
1037 1053 1209 1096 omnino
1251 1054 1422 1097 deduxi.
1487 1055 1580 1096 Tua
1613 1055 1724 1096 enim
1759 1057 1803 1096 et

29 1120 342 1162 Emscoronvm
384 1119 572 1162 omnium
614 1119 772 1171 refert,
820 1119 872 1161 de
914 1119 994 1161 hoc
1035 1119 1281 1162 miserando
1322 1119 1637 1162 ECCLESIAE
1682 1123 1801 1162 statu

26 1199 302 1239 cognoscere,
337 1188 382 1228 et
413 1199 491 1239 pro
524 1198 576 1227 ea
608 1199 694 1238 qua
726 1184 864 1239 polles
897 1184 1123 1238 dignitate,
1158 1185 1390 1239 aliquando
1423 1199 1588 1236 curare,
1623 1188 1672 1227 vt
1701 1184 1799 1226 Rei·

27 1250 227 1305 publicae
269 1250 577 1292 Cnnis'rlANAE
619 1253 686 1293 tot
730 1250 986 1293 miserandis
1028 1250 1165 1292 modis
1207 1250 1420 1302 afflictae,
1468 1252 1512 1293 et
1554 1250 1802 1292 exitialibus

27 1315 321 1358 Sectariorum
337 1315 653 1358 incursionibus
669 1315 944 1366 dilaceratae,
961 1315 1098 1370 primo
1115 1329 1284 1369 quoque
1298 1317 1494 1370 tempore
1509 1318 1800 1358 succurratur.

28 1380 194 1423 Deinde
226 1383 423 1423 sanctum
457 1384 525 1424 est
556 1380 758 1431 studium,
799 1381 912 1434 quod
943 1383 1064 1423 tuam
1097 1381 1323 1423 florentem
1357 1381 1481 1424 decet
1514 1383 1717 1431 aetatem,
1760 1380 1803 1422 in

29 1446 287 1489 Orthodoxa
326 1446 524 1488 doctrina
563 1460 673 1499 quae
714 1445 841 1488 hodie
881 1449 972 1489 tam
1008 1446 1204 1499 grauiter
1236 1449 1531 1500 oppugnatur,
1574 1445 1804 1488 iudicanda

29 1511 376 1565 vindicandaque
419 1512 607 1563 versari,
651 1514 702 1554 vt
743 1511 942 1554 nimirum
983 1525 1032 1553 eo
1075 1512 1322 1554 accuratius
1364 1512 1498 1554 bonos
1539 1511 1581 1553 in
1621 1524 1804 1565 syncera

27 1576 238 1630 religione
272 1577 515 1628 confirmes,
550 1577 760 1619 malorum
794 1591 899 1619 vero
923 1576 1102 1618 consilia
1124 1576 1365 1631 impiosque
1390 1579 1573 1620 conatus
1606 1576 1802 1630 dissipes,

27 1644 76 1685 et
113 1656 243 1685 verae
284 1642 496 1684 PJETATIS
529 1642 732 1697 Hospitia
769 1642 840 1684 vel
880 1641 1040 1696 passim
1086 1641 1304 1694 instituas,
1348 1642 1420 1684 vel
1461 1642 1663 1685 instituta
1705 1656 1802 1696 pro-

31 1707 180 1760 uehas,
216 1722 459 1759 conserues,
494 1711 625 1761 atque
657 1707 880 1750 defendas

148 1779 215 1822 Ad
248 1779 355 1822 haec
385 1794 471 1821 non
502 1779 586 1822 fuit
618 1780 695 1822 abs
728 1793 788 1830 re,
830 1782 878 1822 vt
911 1778 1110 1830 arbitror,
1153 1779 1320 1821 isthaec
1357 1779 1438 1821 hoc
1471 1779 1564 1821 loco
1597 1778 1802 1833 praefari,

27 1859 141 1900 quae
174 1845 229 1887 ad
261 1859 445 1899 sequens
477 1859 586 1887 opus
618 1844 883 1899 paratiorem
917 1844 1105 1887 animum
1137 1845 1383 1895 redderent,
1417 1846 1467 1887 vt
1496 1844 1538 1887 in
1571 1858 1805 1899 progressu

29 1910 140 1962 libri,
174 1924 337 1953 morem
379 1910 686 1964 ingeniumque
718 1910 1067 1953 aduersariorum
1109 1910 1270 1953 rectius
1303 1910 1434 1961 noris,
1478 1912 1523 1953 et
1555 1910 1591 1951 si
1623 1924 1802 1963 vsquam

28 1976 145 2027 alibi,
180 1978 272 2018 tum
306 1990 410 2018 vero
442 1976 673 2030 praecipue
705 1976 747 2018 in
781 1975 978 2019 doctrina
1010 1977 1387 2018 IvsriricArioNis
1420 1990 1505 2017 non
1539 1975 1746 2018 deflectas
1779 1989 1805 2017 a

33 2042 219 2084 PATRVM
244 2041 475 2093 sententia,
510 2055 691 2094 quorum
714 2041 864 2095 vtique
887 2041 1147 2095 grauissima
1169 2055 1340 2096 semper
1362 2040 1457 2092 fuit,
1492 2044 1536 2083 et
1559 2054 1654 2082 esse
1678 2041 1807 2083 debet

30 2107 288 2150 Authoritas
310 2106 353 2149 in
377 2107 594 2149 EooLEsrA
618 2107 730 2150 DEI.
777 2107 874 2149 Etsi
906 2121 1010 2149 vero
1043 2107 1166 2149 multi
1201 2107 1433 2149 multorum
1457 2106 1805 2148 CATHOLICORVM

32 2172 95 2214 De
117 2172 478 2214 IVSTIFICATIONE
501 2171 797 2227 commentarij
823 2171 1184 2223 circumferuntur,
1219 2171 1291 2225 qui
1319 2175 1362 2214 et
1386 2185 1480 2213 cum
1505 2171 1632 2214 laude
1654 2170 1805 2225 scripti

29 2237 132 2289 sint,
167 2240 212 2280 et
244 2237 413 2280 vtiliter
444 2238 716 2289 euoluantur,
751 2240 946 2280 attamen
980 2251 1139 2291 operae
1171 2250 1239 2279 me
1272 2236 1462 2291 precium
1486 2236 1682 2291 inprimis
1715 2237 1805 2278 fac-

28 2304 174 2346 turum
214 2303 378 2357 putaui,
422 2303 458 2346 si
500 2317 555 2345 ex
587 2304 842 2345 THEoiloeis
885 2302 1082 2345 omnibus
1124 2302 1358 2355 deligerem
1401 2316 1546 2353 vnum,
1590 2316 1668 2344 nec
1709 2316 1819 2359 eum*

28 2368 202 2422 quidem
234 2368 475 2421 vulgarem,
519 2369 571 2411 de
603 2369 971 2411 varfficATIONE
1014 2370 1105 2410 tum
1150 2367 1316 2418 dextre,
1360 2370 1451 2409 tum
1491 2367 1670 2418 erudite,
1713 2371 1804 2409 tum

30 2433 203 2488 copiose
241 2433 526 2486 scribentem,
572 2434 644 2488 qui
685 2449 770 2476 vno
811 2434 1029 2477 volumine
1067 2432 1451 2487 compraehensus,
1494 2432 1536 2474 in
1569 2433 1805 2474 LEcTonvM

30 2499 220 2552 gratiam
255 2499 548 2552 euulgaretur.
600 2499 785 2542 Prodest
818 2499 929 2542 enim
953 2498 1248 2549 vehementer,
1283 2498 1335 2539 de
1367 2497 1447 2539 hoc
1479 2497 1585 2540 trito
1619 2497 1804 2551 quidem,

30 2563 107 2605 sed
150 2562 313 2605 difficili
351 2565 396 2606 et
438 2564 582 2618 amplo
625 2564 897 2617 Argumento
940 2563 1104 2606 selecta
1146 2562 1357 2616 quaedam
1399 2564 1566 2614 extare,
1611 2576 1722 2615 quae
1763 2565 1808 2604 et

30 2627 236 2670 studiosis
269 2627 557 2679 satisfaciant,
582 2631 636 2671 'et
666 2629 761 2683 pios
794 2627 1186 2670 commonefaciant
1208 2641 1353 2682 saepe,
1387 2629 1432 2669 et
1454 2627 1610 2669 bonam
1635 2627 1806 2680 quidem

33 2691 251 2735 hominum
267 2696 436 2747 partem
455 2693 664 2736 aduersus
687 2707 773 2745 eos,
799 2694 869 2747 qui
888 2694 977 2736 late
996 2696 1039 2736 et
1055 2692 1293 2747 perniciose
1305 2695 1598 2746 grasssantur,
1623 2706 1803 2742 errores,

32 2757 297 2801 salutaribus
329 2758 450 2802 velut
481 2758 690 2802 antidotis
722 2759 890 2813 possint
922 2758 1209 2813 praemunire.
1253 2758 1395 2800 Notus
1428 2759 1496 2800 est
1528 2757 1640 2799 enim
1670 2756 1806 2799 APO—

36 2821 305 2866 STOLICVS
328 2823 541 2875 CANON‚
577 2824 648 2877 qui
680 2823 842 2866 nostris
875 2823 1117 2866 hominibus
1149 2837 1234 2864 non
1267 2825 1413 2877 potest
1444 2822 1570 2865 hodie
1602 2822 1710 2865 satis
1742 2822 1806 2864 in-

33 2887 197 2930 culcari
230 2888 380 2938 (Hebr,
408 2889 493 2942 13),
527 2890 770 2931 Domum
794 2889 957 2930 VARns
990 2889 1054 2930 ET
1090 2889 1358 2930 PEnEGmMS
1391 2888 1562 2929 Nourss
1588 2888 1805 2930 ABDVC11.

36 2951 94 2995 Et
133 2953 245 2995 hunc
288 2953 458 3006 quidem
501 2954 777 2996 THEOLOGVM
820 2954 1058 3007 delegimus
1091 2954 1141 2996 1³.
1177 2954 1221 2996 P.
1257 2953 1550 2995 ANDREAM
1583 2953 1804 3003 VEGAM,

34 3016 175 3060 virum
209 3018 457 3073 cumprimis
499 3019 727 3071 eruditum,
771 3019 951 3074 parique
993 3018 1292 3070 sanctimonia,
1337 3032 1433 3060 cum
1466 3018 1649 3069 viueret,
1690 3031 1807 3059 com-

158 3152 166 3172 ¹
193 3151 291 3186 Hebr
318 3153 372 3194 13,
399 3153 432 3187 9.

108 3214 418 3249 Braunsberger,
438 3216 550 3243 Canisii
570 3216 726 3257 Epistulae
747 3218 779 3243 et
798 3217 884 3244 Acta.
916 3216 980 3243 VH.
1499 3211 1519 3245 6
