2062 3443
105 298 193 332 1575
246 349 247 356 ἵ

106 403 194 438 1575
246 432 247 438 ,

106 509 194 544 1575

105 563 195 598 1575

106 669 195 703 1575

107 775 195 809 1575

107 881 196 916 1575

106 988 196 1023 1575

106 1041 196 1076 1575

107 1147 196 1182 1575

107 1254 196 1289 1575

108 1362 196 1396 1575

108 1468 197 1502 1575

108 1521 198 1556 1575

108 1575 198 1609 1575

109 1629 198 1663 1575

110 1683 200 1716 1575

110 1790 199 1824 1575

110 1844 199 1878 1575

110 2003 200 2038 1575

110 2111 200 2147 1575

113 2165 200 2200 1575

111 2273 200 2308 1575

111 2326 202 2361 1575

112 2380 203 2414 1575

113 2490 202 2524 1575

114 2600 203 2634 1575

116 2654 203 2688 1576

114 2760 204 2795 1576

116 2920 206 2955 1576

117 3027 207 3062 1576

351 297 444 338 Aug.
469 295 522 329 14.

353 404 444 445 Aug.
470 402 522 437 15.

353 509 444 552 Aug.
467 508 522 542 21.

352 563 444 605 Aug.
466 561 522 595 24.

352 670 444 712 Aug.
466 667 523 703 28.

367 774 463 820 Sept.
482 775 515 809 4.

367 881 462 927 Sept.
483 882 515 916 8.

354 989 450 1034 Sept.
473 989 527 1023 11.

354 1042 450 1088 Sept.
474 1042 527 1077 18.

354 1149 450 1194 Sept.
472 1149 528 1183 21.

355 1257 450 1302 Sept.
472 1257 528 1291 25.

356 1363 453 1408 Sept.
475 1363 530 1398 29.

375 1469 455 1505 Oct.
477 1469 509 1505 2.

377 1524 457 1559 Oct.
477 1524 510 1558 9.

365 1577 444 1612 Oct.
467 1577 519 1611 16.

365 1630 445 1666 Oct.
465 1630 521 1664 23.

365 1684 443 1720 Oct.
463 1683 519 1719 28.

366 1790 445 1826 Oct.
465 1790 521 1826 30.

374 1843 466 1878 Nov.
487 1844 517 1879 l.

375 2005 466 2040 Nov.
487 2004 519 2039 2.

374 2111 465 2146 Nov.
485 2112 516 2146 6.

363 2165 453 2200 Nov.
476 2166 529 2200 11.

362 2272 454 2307 Nov.
476 2272 530 2307 13.

362 2326 454 2360 Nov.
474 2326 529 2361 20.

363 2379 453 2414 Nov.
473 2379 530 2414 25.

312 2490 416 2526 Circa
442 2491 582 2525 initium

406 2544 491 2579 Dec.

273 2601 427 2633 exeunte
448 2610 540 2632 anno
561 2597 618 2632 vel

336 2652 437 2686 initio
464 2652 559 2686 anni.

705 178 794 211 1575
822 176 907 210 Maii
936 148 990 210 1'3.
1013 196 1050 199 ——
1076 176 1178 210 1576.
1790 188 1824 210 Ll

651 294 750 329 Dom.
770 294 847 328 XII.
868 306 899 339 p.
920 293 1022 328 Pent.
1051 294 1180 328 ibidem
1208 306 1251 327 ex
1280 305 1408 337 evang.
1429 293 1497 326 diei
1525 293 1660 338 aliquot
1688 306 1826 329 errores

709 348 985 392 protestantium
1014 347 1149 381 refellit
1176 347 1290 390 (726).

649 401 714 435 Die
734 401 999 445 Assumptionis
1020 401 1058 435 B.
1078 401 1124 436 M.
1146 401 1187 435 V.
1208 401 1336 435 ibidem
1363 400 1454 435 hanc
1473 401 1749 435 sollemnitatem
1771 402 1827 434 de-

709 455 823 489 fendit
849 458 885 488 et
915 455 977 496 „de
1006 454 1208 488 humilitate
1236 454 1389 488 Mariae“
1422 454 1508 488 (licit
1536 455 1650 498 (726).

650 509 750 542 Dom.
768 508 862 542 XIII.
879 519 910 552 p.
929 508 1029 542 I'ent.
1049 508 1179 542 ibidem
1201 519 1328 550 evang.
1345 507 1413 541 diei
1434 508 1692 552 interpretatur
1712 509 1826 552 (726).

650 561 715 596 Die
742 562 775 596 S.
797 561 1064 595 Bartholomaei
1092 561 1222 595 ibidem
1253 561 1315 603 „de
1343 561 1523 595 erroribus
1550 562 1644 595 circa
1671 563 1826 607 potesta-

709 619 780 649 tem
809 615 951 649 civilem
979 619 1015 649 et
1041 615 1346 649 ecclesiasticam“
1378 613 1536 658 loquitur
1564 615 1674 657 (726).

649 668 748 703 Dom⁴
778 668 872 703 XIV.
901 680 933 713 p.
962 668 1063 702 Pent.
1091 668 1223 703 ibidem
1250 680 1294 702 ex
1321 679 1449 711 evang.
1478 668 1545 702 diei
1578 671 1827 714 „praeceptum

709 722 917 756 charitatis“
949 722 1110 767 explicat
1138 721 1254 765 (726).

630 770 750 809 'Dom.
780 775 855 810 XV.
883 788 916 820 p.
943 776 1045 809 Pent.
1076 775 1204 809 ibidem
1233 787 1277 809 ex
1305 787 1435 819 evang.
1464 775 1532 822 diei
1566 775 1733 821 populum
1770 788 1828 810 ex—

709 830 874 864 hortatur
901 829 1019 872 (726).

650 882 715 917 Die
734 883 946 918 Nativitatis
966 884 1004 917 B.
1026 883 1074 918 M.
1094 883 1135 917 V.
1156 882 1286 917 ibidem
1314 883 1493 917 canticum
1519 882 1647 925 „Salve
1666 883 1824 927 Regina“

710 937 870 971 defendit
896 939 1004 981 atque
1031 939 1176 970 enarrat
1204 936 1319 979 (726).

651 991 751 1026 Dom.
772 990 865 1024 XVI.
886 1003 917 1035 p.
940 991 1040 1025 Pent.
1068 991 1198 1025 ibidem
1226 1001 1354 1033 evang.
1383 990 1451 1024 diei
1480 990 1639 1035 explicat
1666 990 1780 1034 (727).

651 1044 751 1079 Dom.
775 1044 886 1079 XVII.
906 1056 939 1089 p.
962 1045 1062 1078 Pent.
1082 1045 1117 1078 in
1144 1043 1296 1078 ecclesia
1323 1043 1519 1088 parochiali
1548 1055 1592 1077 ex
1611 1055 1741 1087 evang.
1760 1044 1829 1078 diei

711 1098 753 1132 de
780 1109 866 1132 cura
892 1098 1042 1132 mortuis
1074 1097 1311 1142 impendenda
1337 1097 1427 1131 dicit
1456 1097 1568 1139 (727).

652 1151 716 1185 Die
735 1151 769 1186 S.
790 1151 962 1185 Matthaei
992 1151 1122 1186 ibidem
1142 1151 1184 1185 de
1203 1162 1332 1194 evang.
1353 1150 1422 1184 diei
1451 1154 1485 1184 et
1509 1150 1552 1184 de
1578 1150 1710 1185 ieiunio
1728 1154 1829 1195 quat-

711 1208 791 1240 tuor
817 1208 1017 1249 temporum
1044 1204 1201 1248 quuitur
1229 1204 1343 1247 (727).

632 1258 752 1305 ¹Dom.
777 1258 907 1292 XVIII.
937 1270 968 1303 p.
998 1257 1099 1292 Peut.
1127 1258 1257 1292 ibidem
1286 1258 1329 1292 de
1357 1258 1579 1292 feneratione
1606 1258 1717 1293 verba
1743 1258 1833 1293 facIt

632 1365 717 1400 =Die
745 1366 778 1400 S.
804 1366 994 1400 Michaelis
1029 1366 1072 1400 de
1108 1377 1237 1409 evang.
1265 1365 1334 1398 diei
1372 1367 1408 1399 et
1441 1365 1500 1408 (ex
1528 1365 1583 1409 eo)
1614 1365 1656 1399 de
1692 1365 1832 1409 angelis

712 1419 799 1454 dicit
827 1420 942 1463 (727).

634 1474 755 1526 ¹Dom.
784 1473 877 1508 XIX.
904 1485 938 1518 p.
966 1473 1069 1507 Pent.
1097 1472 1226 1507 ibidem
1256 1473 1367 1506 verba
1394 1472 1483 1506 facit
1504 1473 1553 1512 (52)
1586 1472 1700 1515 (728).

634 1527 755 1562 lDom.
782 1527 861 1561 XX.
889 1540 922 1572 p.
949 1527 1051 1561 Pent.
1079 1526 1208 1561 ibidem
1237 1526 1464 1560 contionatur
1483 1525 1534 1569 (2²)
1566 1526 1680 1569 (728).

655 1580 755 1614 Dom.
786 1580 878 1616 XXI.
906 1593 939 1626 p.
969 1581 1069 1615 Pent.
1098 1579 1228 1614 ibidem
1255 1580 1485 1614 contionatur
1507 1580 1556 1622 (⁶2)
1589 1579 1702 1623 (728).

656 1633 757 1669 Dom.
784 1634 898 1669 XXII.
927 1647 958 1679 p.
987 1634 1090 1668 Pent.
1116 1634 1246 1667 ibidem
1275 1633 1502 1668 contionatur
1522 1633 1574 1677 (52)
1606 1632 1720 1677 (728).

656 1687 721 1722 Die
746 1687 806 1723 SS.
827 1689 981 1722 Simonis
1008 1690 1043 1722 et
1069 1688 1179 1722 Iudae
1206 1687 1335 1722 ibidem
1364 1698 1492 1731 evang.
1521 1687 1590 1721 diei
1622 1688 1831 1732 interpreta-

716 1746 774 1776 tur
803 1743 916 1784 (727).

636 1797 757 1848 {Dom.
785 1795 917 1830 XXIII.
944 1807 976 1839 p.
1005 1795 1106 1830 Pent.
1134 1794 1266 1829 ibidem
1293 1795 1521 1829 contionatur
1541 1796 1592 1838 (5³)
1625 1794 1737 1838 (728).

656 1849 721 1884 Die
749 1849 915 1884 Omnium
944 1849 1155 1884 Sanctorum
1191 1848 1321 1882 ibidem
1349 1848 1392 1882 de
1418 1847 1657 1882 sollemnitate
1684 1848 1752 1882 hac
1777 1849 1835 1893 pie

715 1904 856 1946 agenda
885 1903 945 1946 (ex
973 1914 1101 1946 evang.
1129 1901 1215 1946 diei)
1244 1905 1279 1936 et
1305 1902 1348 1936 de
1375 1903 1586 1936 Sanctorum
1623 1901 1722 1936 cultu
1749 1902 1834 1937 dicit

719 1957 833 2001 (727).

636 2001 721 2047 {Die
748 2010 1108 2046 commemorationis
1143 2009 1301 2044 fidelium
1330 2009 1581 2044 defunctorum
1618 2009 1748 2043 ibidem
1775 2021 1834 2054 po-

714 2064 839 2110 pulum
866 2064 909 2098 ad
936 2065 1076 2098 animas
1102 2063 1262 2097 fidelium
1289 2063 1467 2097 iuvandas
1486 2063 1699 2097 exhortatur
1719 2062 1835 2107 (728).

636 2119 756 2153 .D0m.
783 2117 913 2152 XXIV.
941 2129 975 2163 p.
1003 2117 1105 2152 Pent.
1133 2117 1263 2151 ibidem
1292 2116 1592 2160 contionatu1·(‘?)
1623 2115 1738 2160 (728).

636 2194 638 2227 5
656 2172 720 2207 Die
740 2171 774 2207 S.
794 2172 940 2206 Martini
968 2171 1099 2206 ibidem
1119 2171 1161 2205 de
1180 2171 1278 2204 veris
1296 2170 1431 2205 Christi
1458 2169 1604 2204 famulis
1625 2169 1685 2213 (ex
1706 2181 1834 2213 evang.

636 2228 638 2259 l
715 2226 800 2268 diei)
830 2227 866 2259 et
892 2226 935 2259 de
962 2224 1108 2259 Martini
1136 2223 1302 2269 exemplo
1329 2224 1489 2268 loquitur
1516 2223 1631 2267 (728).

636 2279 757 2314 .Dom.
784 2278 895 2313 XXV.
923 2290 956 2324 p.
984 2279 1086 2313 Pent.
1115 2278 1245 2312 ibidem
1273 2277 1501 2312 contionatur
1523 2277 1572 2320 (5³)
1604 2276 1718 2319 (728).

655 2332 756 2367 Dom.
786 2331 916 2366 XXVI.
945 2344 977 2377 p.
1006 2332 1109 2366 Pent.
1137 2331 1267 2366 ibidem
1295 2330 1523 2364 contionatur
1542 2329 1592 2373 (22)
1625 2329 1738 2373 (728).

656 2385 721 2420 Die
758 2386 792 2421 S.
822 2385 1040 2420 Catharinae
1078 2385 1209 2419 ibidem
1246 2395 1374 2428 evang.
1405 2383 1448 2419 10
1475 2383 1655 2427 virginum
1691 2385 1836 2418 enarrat

656 2493 781 2528 Iuveni
808 2493 1011 2527 litterarum
1039 2492 1200 2527 studioso
1226 2491 1443 2536 stipendium
1473 2502 1677 2536 annuum-a
1696 2490 1836 2525 coadiu-

716 2549 794 2582 tore
820 2547 1050 2592 capituloque
1077 2545 1274 2580 brixinensi
1303 2546 1475 2591 impetrat
1500 2545 1616 2589 (310).

656 2600 803 2635 Vicario
830 2600 990 2644 generali
1018 2600 1193 2634 dioecesis
1216 2599 1434 2633 brixinensis
1461 2598 1582 2643 aliqua
1601 2598 1838 2638 commendat,

717 2665 809 2698 quae
829 2654 872 2688 ad
892 2653 1084 2688 iubilaeum
1113 2652 1275 2698 proxime
1302 2652 1481 2696 agendum
1501 2651 1604 2687 utilia
1621 2652 1695 2686 sint
1715 2653 1837 2686 futura

662 2762 842 2806 Osa-odius
867 2762 1049 2805 episcopus
1066 2762 1320 2803 suffrayanezts
1339 2761 1598 2795 ultraiectensis
1619 2760 1655 2794 C.
1676 2759 1837 2793 catechis-

719 2827 811 2849 mum
840 2827 861 2848 α
887 2826 922 2848 sc
947 2815 1123 2857 ftandrice
1159 2816 1255 2847 iussu
1282 2814 1444 2858 Philippi
1470 2815 1519 2848 ΙΙ.
1546 2825 1684 2847 versum
1715 2818 1744 2846 et
1771 2814 1839 2846 ali-

719 2875 891 2913 quantum
918 2869 1174 2911 amplificatum
1201 2868 1386 2901 Ultraiecti
1412 2868 1482 2901 edit
1509 2866 1625 2911 (752).

661 2923 698 2956 C.
728 2922 882 2966 „Beicht⁴
900 2923 966 2955 end
996 2922 1231 2955 Commum'on
1258 2920 1452 2955 Betehleiffl
1492 2922 1549 2962 (ut
1579 2921 1737 2962 videtur)
1774 2920 1839 2953 Di-

717 2977 835 3019 linyae
863 2977 986 3009 lterum
1014 2976 1133 3008 editur
1161 2974 1277 3018 (752).

640 3034 641 3050 ¹
659 3031 812 3063 Ioannes
839 3029 1013 3062 Perellius
1033 3029 1207 3069 (loannes
1225 3028 1375 3061 Iacobus
1393 3028 1534 3069 Rabies)
1555 3028 1743 3062 Sociorum
1769 3027 1840 3059 dis-

720 3083 860 3126 cipulus
896 3080 1133 3126 „Dialoyum“
1173 3082 1342 3115 adversus
1376 3081 1535 3124 Rodinyi
1571 3080 1768 3114 calviniani
1800 3081 1839 3113 in

723 3137 866 3178 Socios,
918 3135 1095 3179 imprimis
1141 3135 1175 3168 C.
1192 3161 1201 3177 ,
1253 3135 1482 3169 contumelias
1525 3134 1737 3176 Inyolstadii
1771 3134 1840 3166 edit

725 3189 839 3231 (747).

1497 3246 1549 3280 d...
