2062 3443
237 173 337 208 1986.
365 172 531 207 Canisius
559 173 740 207 Everardo
767 173 1004 207 Mercuriano.
1048 171 1248 219 Oeniponte
1275 174 1306 208 2.
1329 173 1550 219 Septembris
1580 175 1681 209 1577.
1753 178 1838 218 413

66 301 172 335 posse
211 290 349 335 vspiam
389 290 447 324 isti
487 290 691 334 prouinciae
730 301 809 324 esse
847 291 946 331 vsui,
982 300 1061 323 esse
1097 290 1185 324 duos
1218 297 1404 334 praeterea
1441 291 1474 324 in
1511 291 1634 325 eadem
1671 290 1841 324 Austriae

67 344 251 388 prouincia
283 347 343 388 qui
371 347 415 380 ad
443 345 550 379 istam
577 343 739 387 aspirent
769 344 805 378 P.
826 343 1057 377 Laurentium
1088 343 1387 378 Hermannutium
1417 350 1453 378 et
1472 344 1690 379 Gulielmum
1719 344 1838 378 Came-

67 397 212 432 rarium.
250 398 396 434 Videbit
425 398 534 442 igitur
561 397 601 431 R..
621 397 660 431 T.
690 408 772 430 num
798 397 847 430 sit
873 409 891 430 e
917 409 956 430 re
988 398 1092 431 istius
1128 397 1331 441 prouinciae
1367 402 1407 431 vt
1434 399 1485 431 eis
1520 398 1674 442 receptis
1701 398 1761 443 alij
1789 410 1840 431 re-

68 451 254 494 periantur
279 454 338 496 qui
367 452 537 486 Austriae
564 450 642 484 vsui
672 462 751 483 esse
779 450 936 494 possint“
971 451 1031 493 (ex
1059 461 1197 489 comm,
1223 450 1376 485 Rl1.lnf.
1400 453 1428 492 1,
1457 452 1486 485 ll
1515 452 1539 485 f.
1562 452 1650 494 14¹³).

188 510 353 546 Canisius
380 510 512 544 Lanoio
540 509 723 554 respondit
751 521 794 542 m.
816 508 962 543 Octobri
992 510 1102 550 1577;
1131 521 1163 543 ν.
1186 510 1288 550 infra,
1317 522 1370 554 ep.
1394 511 1494 544 1991.

71 615 224 652 1986.
309 616 526 652 CANlSlUS
555 613 936 651 EVERARDO
966 614 1421 651 MERGI'IHANO
1452 615 1654 661 praeposito
1682 615 1841 657 generali

259 670 450 705 Societatis
477 670 569 705 Iesu.
1161 667 1361 714 Oeniponte
1388 670 1420 704 2.
1440 669 1663 714 Septembris
1693 669 1794 702 1577.

189 741 242 775 Ex
278 740 501 785 autographo
541 740 618 783 (2⁰;
660 740 725 782 1“[3
753 751 831 784 pp:
870 739 903 773 in
933 751 963 784 p.
990 739 1012 772 4
1043 739 1148 773 inser.
1177 742 1212 773 et
1250 740 1450 784 particulae
1476 739 1574 783 sig)
1627 740 1745 774 Germ.
1777 739 1843 773 183

67 795 91 828 f.
112 794 343 828 273⁸—274b.
381 794 535 828 Litteras
557 793 716 838 (praeter
737 792 1024 836 inscriptionem)
1053 804 1097 826 ex
1124 793 1246 826 eodem
1275 792 1499 837 autographo
1525 792 1624 837 typis
1651 793 1844 837 exscripsit

69 850 161 891 Any.
194 848 365 891 leee’ner,
402 847 599 881 Schweden
627 847 658 880 11
690 846 893 880 148—1492
931 846 976 880 ct'.
1004 845 1135 879 ibidem
1167 846 1523 888 „Urkunden-Buch“
1559 846 1590 886 [,
1618 845 1843 880 Vorbericbt.

69 900 200 935 Earum
229 900 406 945 particula
432 900 551 945 posita
578 902 632 934 est
659 899 692 933 in
722 899 809 944 Epp.
830 900 952 932 Nadal
981 899 1029 932 111
1057 899 1124 933 748
1136 899 1159 934 ⁹.
1211 900 1342 933 lisdem
1371 900 1430 942 (ex
1458 899 1649 942 Theinero)
1679 899 1734 933 usi
1761 903 1846 933 sunt

69 955 186 988 Andr.
207 955 421 997 Brandmcd,
450 953 702 994 Klosterlasse,
741 953 938 986 Kristiania
970 952 1069 993 1895,
1100 953 1294 994 123-126,
1329 955 1366 987 et
1393 955 1483 997 Any.
1503 955 1635 996 Peryer
1660 953 1694 987 S.
1714 953 1758 994 J.,
1787 953 1844 987 Je-

68 1008 333 1052 suiterpateren
362 1008 506 1041 Laurits
532 1007 708 1047 Nielssen,
736 1006 935 1040 Kristiania
964 1006 1064 1046 1896,
1092 1006 1245 1041 33-34.

192 1073 416 1107 Commendat
445 1075 465 1105 6
493 1074 620 1105 Succos
646 1082 667 1103 a
696 1072 733 1105 P.
756 1072 953 1104 Laurentio
981 1072 1125 1105 Nicolai
1159 1073 1195 1104 in
1234 1073 1414 1114 coHeyium
1440 1073 1682 1114 yermanicum
1710 1074 1846 1114 missos,

67 1127 128 1160 sed
139 1131 290 1170 propter
304 1127 541 1170 pestilentiam
561 1126 608 1158 ad
625 1129 761 1168 tempus
774 1125 957 1168 Dt'lc'nqam
971 1127 1162 1167 profectos.
1191 1127 1229 1159 P.
1243 1126 1398 1159 Natalis.
1430 1127 1592 1159 Visitacio
1611 1126 1845 1169 colle9i07·u⁴m.

342 1203 370 1254 †
403 1203 496 1245 Pax
529 1202 688 1245 Christi
720 1202 861 1245 JESV
894 1203 1017 1244 nobis
1050 1205 1245 1246 aeterna.

600 1267 845 1310 Admodum
879 1267 1133 1310 Reuerende
1167 1268 1311 1312 Pater.

189 1340 340 1382 Dicam
376 1340 428 1382 de
460 1353 539 1382 sex
573 1339 921 1382 adolescentibus
953 1340 1160 1383 studiosis
1192 1354 1344 1382 recens
1377 1353 1400 1382 e
1434 1339 1582 1382 Suetia
1614 1339 1770 1389 missis,
1804 1339 1847 1381 in

69 1405 246 1457 Vrbem,
281 1419 463 1459 quorum
496 1408 542 1447 et
572 1404 725 1447 literas
748 1404 875 1447 mitto
899 1406 1214 1455 excusatorias,
1248 1409 1297 1447 ut
1329 1419 1376 1448 se
1408 1408 1612 1460 purgent,
1647 1405 1761 1458 quod
1793 1418 1850 1446 ex

69 1470 225 1513 itinere
270 1471 339 1512 uel
386 1470 511 1512 inuiti
557 1484 680 1512 suum
726 1470 811 1512 iter
856 1470 1076 1523 Dilingam
1122 1470 1425 1514 deflexerint¹.
1498 1470 1672 1513 Etenim
1718 1484 1847 1523 quum

71 1536 245 1580 Patrem
280 1538 476 1579 nostrum
501 1535 842 1578 Prouintialem2
874 1535 941 1577 hic
975 1536 1306 1587 consuluissent,
1341 1542 1417 1578 ac⁸
1449 1550 1572 1590 opem
1607 1536 1700 1578 eius
1732 1535 1849 1578 solli-

69 1601 157 1644 cite
197 1602 518 1656 implorassent,
561 1600 700 1643 noluit
741 1600 826 1643 illis
868 1601 1026 1644 author
1067 1615 1162 1643 esse
1195 1602 1247 1643 ad
1281 1601 1493 1654 reliquam
1536 1600 1848 1655 profectionem

75 1667 156 1709 hoc
188 1667 352 1709 difficili
387 1669 431 1709 et
472 1666 681 1721 pestifero
714 1669 912 1721 tempore
944 1681 1022 1722 per
1053 1667 1217 1710 Jtaliae
1250 1667 1492 1721 prouintias
1524 1667 1848 1715 absoluendam,

44 1733 149 1789 „sed
182 1732 401 1787 persuasit
432 1732 589 1786 potius,
624 1735 673 1774 ut
695 1732 915 1785 Dilingam
948 1732 1215 1783 secederent,
1248 1732 1319 1774 ubi
1344 1732 1508 1774 nostris
1530 1731 1851 1774 conuictoribus

72 1797 324 1848 consociati,
366 1800 538 1852 tempus
582 1797 879 1851 proficiscendi
914 1798 1180 1840 commodius
1214 1801 1514 1852 expectarent.
1573 1797 1721 1851 Jgitur
1754 1811 1850 1839 cum

73 1862 212 1905 literis
245 1862 612 1917 commendatitijs
644 1862 736 1904 heri
769 1862 916 1905 abiere
938 1863 1199 1917 Dilingam¹²‚
1233 1877 1443 1916 suamque
1470 1877 1646 1905 causam
1680 1875 1850 1905 omnem

74 1927 198 1970 nobis
229 1927 358 1970 facile
390 1929 741 1982 comprobarunt,
785 1942 914 1981 quum
950 1929 994 1971 P.
1019 1928 1241 1983 Laurentij
1276 1928 1483 1981 Norwegi
1517 1928 1768 1970 adiunctum
1807 1929 1852 1969 et

72 1993 350 2046 obsignatum
385 1993 683 2035 testimonium
716 1993 975 2047 proferrent,
1011 1993 1082 2047 qui
1114 1995 1228 2036 tales
1249 1994 1291 2035 in
1316 1993 1486 2036 Christo
1520 1993 1631 2035 filios
1653 2007 1737 2035 non
1760 1992 1853 2034 sine

73 2058 282 2112 singulari
326 2058 627 2100 benedictione
673 2057 845 2100 Domini
892 2059 1007 2113 apud
1054 2059 1219 2102 Gothos
1262 2058 1533 2113 generauit-⁹⁵.
1607 2058 1766 2101 Scribit
1809 2061 1853 2100 et

72 2122 166 2178 ipse
189 2123 234 2166 P.
260 2124 523 2166 Laurentius
551 2123 606 2165 ad
630 2124 676 2167 P.
699 2124 748 2167 T.
773 2124 845 2165 sed
880 2124 960 2166 has
991 2125 1146 2167 literas
1167 2124 1229 2166 illi
1252 2138 1396 2166 coram
1420 2124 1650 2167 exhibere⁰
1671 2123 1852 2173 malunt,

71 2202 202 2242 quam
237 2203 331 2230 cum
366 2188 558 2243 periculo
591 2189 779 2239 mittere,
815 2203 945 2242 quum
969 2189 1082 2231 aliae
1114 2192 1205 2232 tam
1229 2190 1392 2232 multae
1424 2189 1637 2231 hactenus
1658 2189 1701 2230 in
1725 2188 1855 2231 Italia

73 2253 420 2308 intercipiantur.
476 2253 673 2295 Vidimus
706 2257 852 2296 autem
887 2257 932 2296 et
963 2254 1220 2307 agnouimus
1254 2254 1479 2298 literarum
1513 2254 1852 2308 inscriptionem.

71 2318 383 2361 Praedicamus
405 2318 579 2361 interim
604 2318 794 2360 diuinam
827 2319 1143 2373 benignitatem
1167 2320 1220 2362 ob
1242 2334 1388 2362 rarum
1413 2319 1493 2362 hoc
1517 2322 1561 2362 et
1584 2320 1854 2374 praeclarum

73 2384 335 2438 exemplum,
379 2384 683 2426 adolescentes
717 2398 871 2438 nempe
904 2399 983 2427 sex
1015 2385 1058 2426 in
1100 2385 1270 2427 haeresi
1305 2385 1618 2438 barbariequed
1650 2387 1778 2427 natos
1812 2386 1857 2426 et

193 2482 222 2512 a)
243 2482 411 2514 Sequuntur
433 2491 472 2507 ιϊ.
495 2489 571 2515 opus
592 2482 629 2513 ei,
649 2483 827 2507 oblitterata.
901 2481 932 2514 b)
954 2484 1124 2515 Sequuntur
1146 2492 1186 2508 vr.
1208 2482 1325 2509 relictis
1346 2482 1394 2509 his
1415 2483 1524 2514 literis,
1545 2484 1636 2508 oblite.
1711 2482 1738 2514 c)
1759 2482 1807 2508 Sic
1827 2483 1850 2507 C

70 2524 201 2547 correxit
221 2531 257 2548 ex
277 2522 452 2550 exhibuere.
527 2523 556 2555 d)
578 2523 699 2549 haeresi
720 2526 751 2549 et
770 2523 913 2549 barbarie
938 2525 1024 2559 Thei'.⁸

198 2642 205 2659 ¹
234 2638 338 2682 Vide,
374 2651 467 2684 quae
499 2641 567 2674 sub
602 2642 702 2686 ipsas
737 2640 804 2675 has
840 2641 982 2676 litteras
1009 2642 1183 2677 dicentur.
1235 2642 1340 2677 Haud
1366 2645 1464 2677 recte
1490 2644 1694 2676 Brcmdrud
1719 2642 1857 2682 scribit,

79 2692 262 2727 Canisium
290 2693 357 2728 hoc
384 2695 545 2738 tempore
572 2698 748 2728 rectorem
775 2694 918 2738 collegii
945 2695 1175 2740 oenipontani
1202 2695 1316 2730 fuisse
1346 2695 1384 2738 (l.
1405 2707 1435 2731 c.
1457 2696 1552 2740 126).

199 2745 212 2766 ¹
240 2745 392 2780 Paulum
420 2747 620 2781 Hoffaeum.

196 2799 209 2819 ³
234 2799 467 2834 Laurentium
504 2799 644 2834 Nicolai
672 2800 872 2844 (Nielssen)
908 2802 987 2835 sive
1014 2801 1222 2845 Norvegum
1253 2802 1534 2845 (1538-1622),
1571 2814 1601 2837 a.
1624 2802 1714 2837 1563
1742 2801 1858 2836 Socie-

73 2854 186 2887 tatem
224 2852 439 2896 ingressum,
477 2853 589 2887 inscio
619 2855 747 2888 loanne
775 2854 837 2888 Ill.
866 2854 1014 2889 Sueeiae
1042 2866 1126 2898 rege
1163 2854 1360 2889 Catharina
1394 2855 1471 2890 eius
1503 2867 1595 2890 uxor
1630 2857 1666 2890 in
1693 2855 1858 2890 Sueciam

71 2905 336 2946 arcessiverat3
364 2907 419 2940 cui
440 2906 621 2940 Holmiam
649 2918 694 2941 m.
715 2908 829 2952 Apriii
853 2909 942 2942 1576
962 2908 1114 2942 advecto
1133 2919 1197 2941 rex
1225 2908 1397 2952 permisit,
1424 2912 1464 2942 ut
1490 2908 1614 2943 ludum
1642 2909 1858 2943 litterarium

74 2958 317 3003 iuvenumque
344 2959 617 2994 contubernium
645 2961 851 2995 institueret
877 2964 913 2995 et
932 2960 1066 2995 suecos
1093 2962 1243 2995 iuvenes
1270 2960 1419 2996 Romam
1447 2962 1482 2996 in
1501 2961 1692 3006 collegium
1720 2973 1858 3006 germa—

74 3011 194 3046 nicum
221 3013 403 3053 mitteret;
431 3013 562 3056 quibus
589 3014 665 3058 ipse
692 3026 756 3048 rex
783 3015 852 3050 300
879 3026 1006 3048 aureos
1034 3026 1097 3059 pro
1116 3014 1249 3048 viatico
1267 3014 1344 3048 dari
1362 3015 1468 3049 iussit
1488 3016 1673 3059 (Theiner,
1703 3018 1796 3050 Ann.
1816 3015 1858 3051 ΙΙ,

75 3064 111 3098 in
138 3076 169 3099 a.
191 3066 282 3099 1576
309 3077 342 3098 n.
363 3076 502 3106 va111;
534 3068 664 3110 Perqer
689 3067 711 3101 l.
732 3079 761 3102 c.
782 3067 943 3108 29-43;
973 3069 1186 3102 Steinlmber
1215 3068 1252 3101 [²
1279 3068 1498 3111 353—354).
1549 3068 1811 3104 Testimonium
1839 3080 1859 3102 a

75 3117 115 3152 P.
134 3117 330 3152 Laurentio
357 3118 525 3162 Norvego
557 3119 863 3161 „Stockholmiae“
906 3122 960 3156 13.
991 3121 1070 3155 Iulii
1099 3121 1189 3155 1577
1226 3121 1271 3155 iis
1305 3121 1429 3156 datum
1457 3121 1594 3165 (Germ.
1626 3122 1692 3156 156
1728 3122 1753 3156 f.
1776 3122 1859 3165 157)

73 3173 196 3205 exstat
222 3171 317 3216 apud
350 3172 513 3215 Tliez'ner,
541 3172 657 3209 Schw.
678 3174 711 3208 l[
739 3174 938 3209 149—150.
