2062 3443
92 156 195 190 2064.
219 156 366 188 loannes
386 153 586 198 Delphinus
606 152 758 186 Canisio.
793 152 993 196 Ocuiponte
1013 150 1118 195 paulo
1139 153 1219 195 post
1239 151 1328 184 med.
1350 162 1394 185 in.
1416 152 1618 193 Augustum
1641 150 1741 184 1580.
1778 153 1858 193 557

93 270 199 304 editio
235 269 500 315 praeclararum
539 269 679 302 illarum
721 266 1033 312 „Disputationnm
1070 266 1112 299 de
1150 266 1414 300 Controversiis
1450 266 1675 299 Christianae
1711 265 1812 299 fidei⁴⁴
1843 277 1863 299 a

93 322 246 359 Roberto
278 322 491 357 Hellarmino
519 321 553 355 S.
575 322 607 355 J.
645 322 860 363 scriptarum
889 321 985 354 fucta
1021 323 1077 353 est
1106 319 1312 362 lngolstadii
1342 332 1372 352 a.
1395 319 1641 353 1:386—1593.
1683 317 1863 352 Monachii

93 380 211 411 antem
241 376 409 410 Albertus
438 375 655 415 Albcrtinus,
692 374 874 408 Guilielmi
914 373 1033 407 scriba
1059 374 1095 406 et
1120 372 1337 406 secretarius
1373 372 1521 411 aulicus,
1556 372 1689 405 multos
1724 371 1864 405 libellos·

93 430 292 475 composuit
318 429 493 463 fovendae
520 428 613 472 apud
642 428 809 471 populum
830 427 953 472 pietati
982 426 1169 460 admodum
1191 426 1498 465 a(·‹·ommodatos;
1527 428 1562 459 et
1589 425 1754 459 Canisius
1780 426 1864 469 ipse.

93 483 161 517 etsi
187 483 230 517 ab
258 489 413 516 exeunte
440 494 460 516 a
493 482 583 516 1580
610 492 724 524 usque
751 482 795 514 nd
824 485 973 514 mortem
1000 478 1123 525 procul
1149 490 1170 513 a
1196 479 1351 513 navaria
1379 479 1472 523 apud
1502 478 1689 512 Helvetios
1709 479 1865 514 vivebat.

93 536 313 570 Bavarorum
353 548 426 569 rem
467 535 678 568 litterariam
721 534 844 567 iuvare
883 544 1075 576 numquam
1116 533 1331 571 desistebat3
1376 532 1425 566 ita
1463 544 1494 566 a.
1526 531 1614 566 1583
1656 531 1864 574 lngolstadii

91 601 235 624 suorum
266 588 630 631 „Commentariorum
651 588 693 621 de
713 587 820 621 Verbi
852 587 913 620 Dei
941 586 1177 630 corruptelis*
1208 586 1398 619 editionem
1420 585 1570 618 alteram
1590 596 1740 629 eamque
1762 585 1866 618 valde

92 643 358 687 amplificatam,
386 641 490 676 annis
520 641 608 675 1587
637 643 672 674 et
702 640 791 674 15·8
819 640 947 674 ibidem
984 651 1086 674 suum
1118 639 1307 681 ‚Manuale
1335 638 1618 673 Catliolicoruni“
1651 642 1686 672 et
1717 637 1864 680 „Catho-

92 696 182 730 liseh
218 695 543 733 Haiidrbiiclilei11“,
581 706 612 727 a.
646 694 733 728 1594
769 694 898 727 ibidem
935 696 971 727 et
1007 692 1184 726 Monachii
1221 704 1325 726 suum
1369 692 1579 734 „Mem-ere,
1617 691 1865 726 Gebettsweiss

92 748 333 793 aufigeleggt⁸⁴
365 750 400 782 in
429 748 542 782 lucem
579 747 708 781 emisit.
762 746 1024 789 Ingolstadium
1052 748 1088 779 et
1114 745 1342 780 Monachium
1370 757 1410 778 eo
1437 749 1596 790 tempore
1633 757 1734 779 arces
1760 756 1865 789 qnae-

92 804 171 837 dam
201 803 279 836 fidei
308 801 506 835 catholicae
534 802 729 834 evaserunt
754 799 1028 834 munitissimae.

212 861 427 896 Guilielnius
455 860 496 894 V.
526 859 667 894 Canisio
695 859 879 904 respondit
906 858 1021 892 medio
1049 858 1104 891 vel
1133 860 1287 891 exeunte
1319 858 1373 899 (ut
1399 858 1558 900 videtur)
1579 859 1743 901 Augusto
1765 857 1867 892 1580.

94 972 256 1009 2064.
323 969 623 1007 IGANNES
651 968 1048 1006 DELPHINUS
1077 971 1267 1014 episcopus
1294 969 1486 1003 brixiensis
1507 972 1542 1003 et
1563 970 1709 1003 nuntius
1728 972 1867 1013 aposto—

282 1027 374 1061 licus
402 1024 604 1059 CANlSlO.
759 1024 960 1068 Oeniponle
987 1023 1093 1068 paulo
1120 1029 1201 1068 post
1227 1023 1385 1057 medium
1413 1035 1458 1056 m.
1482 1025 1686 1066 Augustum
1717 1023 1819 1057 1580.

214 1097 266 1131 Ex
294 1096 460 1141 Delphini
497 1095 540 1129 ad
577 1095 796 1129 cardinalem
825 1094 1034 1129 Comensem
1072 1094 1205 1129 litteris
1241 1093 1462 1139 archetypis
1499 1104 1588 1136 quae
1623 1097 1709 1127 sunt-
1735 1093 1867 1127 Romae

94 1153 127 1186 in
155 1151 301 1186 archivo
330 1150 506 1189 vaticano,
539 1148 671 1192 „Nunz.
700 1149 734 1182 di
762 1148 881 1182 Germ.
910 1148 990 1189 75⁴,
1024 1148 1197 1192 Respons.
1225 1159 1258 1192 p.
1282 1148 1384 1188 1-4,
1417 1150 1452 1181 et
1479 1159 1524 1180 ex
1552 1146 1685 1181 Canisii
1713 1146 1870 1191 epistulav

93 1204 329 1249 autographa,
358 1204 400 1238 de
427 1215 498 1247 qua
527 1203 630 1243 infra,
658 1215 712 1248 ep.
734 1202 837 1236 2072.

165 1284 355 1322 Praefatio
381 1284 557 1321 editoris:
600 1285 811 1329 Rudolphus
847 1285 891 1319 II.
919 1284 1113 1328 imperator
1148 1283 1335 1317 turbarum
1370 1282 1592 1326 belgicarum
1629 1283 1867 1317 sedandarum

93 1352 203 1374 causa
231 1341 280 1381 (v.
305 1351 416 1384 supra
442 1351 474 1384 p.
494 1339 578 1380 461)
609 1338 867 1380 Norimbergae
886 1341 1101 1372 conventum
1130 1337 1330 1381 principum
1357 1336 1552 1370 electorum
1582 1336 1718 1380 imperii
1738 1335 1870 1370 hahere

92 1393 239 1433 statui&
284 1404 354 1437 qua
391 1405 429 1427 re
467 1392 613 1435 cognita
655 1394 852 1435 Greqorlus
889 1392 997 1425 XIII.
1038 1390 1152 1424 Roma
1189 1390 1245 1425 30.
1282 1389 1361 1423 Iulii
1406 1389 1494 1424 1580
1534 1390 1660 1423 Iacobo
1703 1390 1747 1423 ab
1790 1389 1869 1423 Eltz

93 1447 360 1491 archiepiscopo
386 1446 605 1490 electorique
630 1445 830 1479 treverensi
857 1445 1023 1489 scripsit:
1051 1444 1192 1477 Timere
1211 1455 1260 1483 se,
1287 1455 1331 1477 ne
1358 1443 1392 1476 in
1412 1454 1452 1476 eo
1472 1445 1652 1476 conventu
1675 1442 1868 1485 ⁷haeretici

92 1500 226 1544 aliquid
253 1500 429 1534 adversus
456 1499 676 1534 catholicam
705 1497 927 1542 Religionem
948 1497 1063 1532 moliri
1093 1497 1270 1537 velle¹·t“;
1299 1499 1490 1542 propterea
1519 1500 1661 1540 praeter
1682 1496 1866 1530 Horatium

92 1553 329 1598 Malaspinam
367 1553 585 1598 apostolicae
621 1553 717 1586 sedis
753 1553 787 1585 in
824 1552 907 1586 aula
933 1550 1092 1585 caesaris
1128 1551 1290 1584 nuntium
1318 1550 1492 1593 singulari
1531 1550 1710 1593 legatione
1736 1550 1823 1583 illuc
1849 1561 1869 1583 a

92 1619 130 1642 se
156 1607 252 1641 mitti
272 1608 438 1641 loannem
460 1607 674 1651 Delphinum
696 1606 880 1648 (Theium,
906 1606 995 1639 Ann.
1018 1605 1077 1639 111.
1098 1605 1131 1638 in
1151 1616 1182 1638 a.
1204 1604 1295 1638 1580
1314 1615 1344 1637 η,
1366 1603 1540 1646 Lxxxiv).
1564 1604 1711 1637 loannes
1732 1602 1870 1637 Delfino

93 1661 171 1695 sive
198 1680 240 1683 —
269 1660 487 1694 Venetorum
516 1659 639 1703 lingua
665 1679 711 1682 —
737 1659 876 1692 Dolfino
904 1658 1187 1700 (mes—1584),
1215 1658 1389 1702 patricius
1419 1662 1570 1691 venetus
1597 1668 1641 1690 ex
1660 1656 1867 1701 episcopatu

93 1713 288 1748 torcellano
309 1713 488 1756 (Torcello
514 1725 624 1758 prope
650 1712 850 1753 Veneti-as),
878 1723 985 1756 quem
1015 1713 1104 1746 1563
1124 1711 1319 1755 regendum
1339 1714 1560 1756 susceperat,
1587 1710 1630 1744 ad
1650 1710 1868 1744 brixiensem

97 1767 274 1810 (Brescia)
303 1767 447 1801 a.1579
473 1766 676 1800 translatus
703 1766 900 1808 (Schmarz,
938 1765 1057 1799 Akren
1087 1766 1100 1799 I
1131 1765 1345 1807 176—177),
1382 1764 1576 1803 Canisium,
1612 1764 1640 1798 si
1678 1776 1746 1798 non
1774 1767 1868 1805 ante,

93 1823 190 1855 certe
216 1832 247 1854 a.
278 1821 368 1854 1576
396 1820 429 1853 in
458 1820 612 1854 comitiis
631 1820 769 1864 imperii
797 1819 1106 1853 ratisbonensibus
1126 1823 1295 1858 noverat;
1323 1819 1488 1851 nuntium
1516 1818 1608 1851 enim
1629 1817 1865 1862 apostolicum

93 1874 187 1918 apud
215 1875 465 1919 imperatorem
493 1885 524 1907 a.
546 1873 776 1907 1571—1578
803 1875 929 1916 egerat
956 1872 1134 1915 (Hans-en,
1171 1871 1279 1905 Nunt.
1302 1872 1325 1909 Ι,
1356 1872 1418 1910 10;
1455 1877 1491 1904 et
1519 1883 1553 1905 v,
1579 1883 1688 1916 supra
1716 1883 1747 1915 p.
1769 1872 1866 1913 354).

94 1927 144 1961 De
171 1940 211 1961 eo
249 1928 426 1961 Olicerius
451 1929 652 1961 Manareus
685 1927 844 1960 vicarius
879 1926 1061 1969 generalis
1087 1925 1278 1960 Societatis
1306 1924 1419 1958 Roma.
1444 1925 1500 1958 24.
1520 1925 1676 1968 Augusti
1707 1924 1797 1959 1580
1833 1925 1866 1958 in

91 1981 252 2015 *litteris
279 1981 408 2014 Halani
447 1981 489 2014 ad
529 1980 568 2013 P.
589 1980 738 2014 Paulum
768 1979 953 2014 Hoffaeum
983 1979 1198 2013 Germaniae.
1233 1978 1430 2023 superioris
1465 1977 1721 2022 provincialem
1749 1978 1869 2011 missis

91 2035 257 2079 scripsit:
301 2033 552 2077 „significauit
583 2034 686 2067 nohis
719 2044 882 2067 summus
910 2033 1012 2066 Pont.
1033 2044 1072 2067 se
1106 2034 1174 2066 iam
1204 2032 1380 2076 Episcopo
1410 2031 1586 2065 Brixiensi
1615 2031 1675 2075 qui
1703 2033 1779 2065 eius
1807 2031 1867 2065 Le-

90 2090 198 2131 gatus
224 2087 497 2131 Norimbergam
527 2087 768 2131 proficiscitur
794 2087 838 2120 ad
864 2091 1092 2126 conuentum,
1131 2086 1353 2120 concessisse
1380 2088 1420 2118 ut
1446 2097 1539 2118 unus
1565 2097 1584 2118 e
1610 2085 1744 2118 nostris
1770 2084 1867 2118 theo-

91 2140 195 2184 logus
222 2144 258 2174 et
285 2140 340 2174 uir
366 2141 524 2185 prudens
550 2140 652 2174 illum
680 2140 880 2180 comitetur,
917 2139 1021 2184 eique
1057 2139 1230 2173 assistat·
1247 2139 1390 2172 omnino
1416 2139 1466 2172 ita
1503 2138 1581 2172 eius
1607 2149 1781 2182 expressa
1808 2150 1866 2171 uo-

90 2194 210 2228 luntas
245 2193 326 2231 fuit,
362 2194 573 2238 praesertim
610 2205 690 2227 curn
728 2195 797 2227 iam
831 2193 938 2227 etiam
977 2193 1213 2237 promisisset,
1250 2196 1290 2225 ut
1324 2192 1492 2226 resistere
1531 2203 1599 2225 non
1636 2193 1867 2236 potuerimus.

90 2246 208 2288 Quare
234 2246 453 2281 Reuerentia
480 2246 523 2282 V.
542 2247 718 2290 cogitabit
753 2258 798 2280 ex
830 2249 905 2281 tota
942 2247 1127 2291 prouincia
1166 2257 1272 2289 quem
1308 2244 1439 2278 habeat
1475 2246 1700 2289 aptissimum
1729 2244 1773 2278 ad
1801 2244 1865 2278 hoc

90 2311 230 2341 munus,
246 2312 398 2344 eumque
417 2300 538 2334 mittet
558 2312 664 2344 quam
685 2300 838 2345 primum
857 2300 947 2334 ·iam
966 2299 1058 2333 enim
1080 2299 1184 2333 audio
1206 2298 1419 2343 Episcopum
1442 2298 1563 2332 Brixia
1582 2297 1823 2332 discessisse..
1838 2325 1865 2331 ..

89 2353 312 2397 Quicumque
338 2355 457 2388 autem
486 2355 606 2394 fuerit,
633 2365 712 2388 eum
742 2353 959 2387 Reuerentia
984 2352 1027 2387 V.
1047 2353 1202 2386 instruet
1238 2352 1271 2385 in
1300 2352 1466 2385 omnihus
1492 2351 1668 2395 quomodo
1695 2363 1734 2385 se
1760 2351 1794 2385 in
1825 2362 1866 2385 eo

89 2406 166 2441 loco
196 2418 323 2451 gerere
349 2407 497 2441 debeat-'⁴
530 2407 591 2450 (ex
619 2419 765 2447 comm.;
800 2406 950 2441 Rh.1nf.
982 2408 1011 2447 1,
1039 2406 1069 2439 Il
1100 2408 1122 2440 f.
1142 2406 1233 2448 46¹¹).
1286 2405 1462 2449 Delphino
1499 2408 1619 2438 autem
1649 2406 1868 2439 Ptolemaeus

88 2460 282 2494 cardinalis
312 2461 489 2494 Comensis
515 2460 696 2506 pontificis
723 2461 865 2494 nomine
892 2459 1005 2494 Roma
1033 2460 1088 2493 27.
1109 2458 1265 2501 Augusti
1294 2459 1385 2494 15εο
1411 2451 1604 2503 *sel-ipsit:
1647 2458 1702 2500 „Si
1730 2461 1748 2491 e
1775 2459 1866 2492 fatto

87 2514 247 2548 scriuere
273 2514 309 2547 in
337 2515 504 2557 Augusta
531 2514 576 2548 da
602 2514 721 2558 questi
749 2513 928 2558 Superiori
957 2513 1010 2547 de'
1027 2512 1192 2553 Gicsuiti‚
1229 2512 1294 2546 che
1320 2513 1350 2545 si
1378 2512 1597 2545 accommodi
1626 2511 1667 2546 V.
1687 2511 1722 2546 S.
1749 2511 1780 2545 d·
1798 2523 1865 2545 uno

88 2567 130 2600 de
155 2566 231 2600 Iuro
260 2566 364 2601 Padi-i
392 2567 476 2611 qual
503 2567 536 2601 le
563 2567 706 2611 piaeera
733 2579 796 2612 per
823 2570 951 2610 questo
978 2566 1130 2600 seruizio
1158 2565 1214 2600 del
1242 2566 1437 2599 Conuento.
1489 2564 1590 2599 Onde
1617 2576 1687 2598 non
1715 2565 1864 2598 faranno

86 2620 263 2664 difficolta
289 2621 430 2654 intorno
458 2623 479 2654 a
504 2621 594 2655 cio‘.
644 2620 677 2654 A
703 2620 880 2665 Delphino
907 2620 1029 2663 igitur,
1067 2619 1183 2663 inquit
1210 2620 1384 2662 Hoffaeaecs
1410 2618 1600 2652 Monachio
1628 2618 1684 2654 27.
1708 2618 1862 2661 Augusti

88 2673 178 2708 1550
206 2674 377 2707 Manareo
405 2673 609 2714 ‘scribens,
641 2673 700 2715 „R
721 2673 852 2707 Petrus
879 2673 1047 2707 Canisius
1074 2672 1280 2718 postulatus
1306 2675 1372 2711 est,
1411 2674 1452 2705 vt
1478 2682 1600 2706 secum
1637 2672 1681 2705 ad
1711 2670 1863 2705 Comitia

84 2725 389 2769 Norinbergensia
415 2727 552 2761 abiret:
580 2726 710 2771 annus
743 2726 804 2767 (ex
830 2729 992 2770 autogr.;
1020 2726 1141 2761 Germ.
1165 2726 1230 2760 158
1257 2726 1281 2759 f.
1298 2725 1412 2768 258⁸).

205 2792 302 2825 Iubet
331 2793 517 2826 Canisium
544 2794 662 2825 statim
690 2793 963 2836 Norimbmyam
991 2793 1039 2825 ad
1065 2797 1267 2826 contentum
1297 2793 1422 2824 venire.

204 2877 271 2917 Ita
294 2876 478 2918 Ioannes
501 2877 740 2931 Delphinus
763 2878 958 2932 Ait-qusta
982 2876 1292 2917 Vinclelicorum
1318 2879 1387 2917 25.
1412 2876 1596 2929 Auynsti
1618 2876 1735 2915 1580
1769 2888 1859 2915 car-

86 2942 226 2983 dinali
252 2942 443 2983 Comensi
476 2942 668 2995 scripsit:
695 2941 777 2992 „D’
800 2941 979 2995 Ispruclz
1004 2955 1084 2995 per
1110 2941 1259 2982 huomo
1283 2941 1307 2980 ἀ
1329 2944 1449 2995 posta
1473 2941 1619 2981 seris-si
1653 2940 1695 2980 al
1718 2939 1863 2980 Padi-e

88 3006 262 3048 Canisio
295 3007 321 3045 (ὶ
346 3006 537 3055 Monam,
572 3006 643 3047 che
675 3007 720 3047 di
752 3007 794 3047 ἰὰ
824 3021 902 3061 per
924 3020 1145 3047 czucmzare
1168 3010 1314 3059 tempo,
1348 3006 1383 3046 s’
1407 3006 1693 3046 incaminasse
1726 3003 1862 3045 subito

87 3071 110 3111 ὰ
144 3070 436 3125 Norimberyo,
471 3071 587 3111 clz’io
619 3071 841 3113 Z’haueria
875 3071 1126 3112 rimborsato
1166 3085 1243 3125 per
1277 3071 1317 3111 la
1352 3069 1514 3124 spesa.“
1573 3070 1667 3111 Has
1700 3070 1862 3110 litteras

89 3136 289 3177 Canisius
328 3135 592 3189 siqnificavit,
635 3150 725 3176 cum
765 3137 958 3190 Auyusta
992 3136 1301 3178 windelicorum
1345 3137 1455 3176 circa
1496 3136 1620 3189 finem
1665 3149 1716 3175 m.
1760 3135 1858 3188 Sep-
