2051 3433
211 156 264 195 22
550 152 651 187 1783.
679 152 718 187 P.
738 152 842 187 Laur.
863 151 988 187 Surius
1015 151 1169 188 Canisio.
1213 151 1361 188 Colonia
1387 153 1494 188 Mart.
1516 153 1619 188 1572.

210 287 300 313 eum
332 273 548 314 monebat:
583 272 884 325 „Commendat
918 277 953 314 et
985 274 1075 314 suis
1108 274 1264 315 literisa
1296 273 1494 328 Nepotem
1528 273 1633 314 mihi
1665 273 1713 315 P.
1738 274 1906 328 Sarius,
1941 278 1976 316 et

207 338 392 379 solicitus
426 342 483 379 est
515 337 566 379 de
597 339 667 379 illo
701 337 799 380 bene
832 339 875 379 in
899 338 1006 379 Vrbe
1039 339 1289 380 collocando.
1342 339 1435 390 Qua
1471 338 1521 380 de
1553 353 1598 380 re
1630 352 1714 380 non
1740 341 1861 393 potui
1892 353 1976 380 non

208 402 374 457 aliquid
414 402 596 444 scribere
629 404 686 444 ad
720 403 1139 445 Reuerendissimum
1173 408 1360 445 nostrum
1396 403 1698 445 C'ardinaleml
1731 404 1803 459 qui
1834 405 1976 457 sinqu-

206 467 337 508 Zarem
381 469 497 509 iltius
539 469 826 520 adolescentis,
870 469 943 524 qui
985 473 1041 509 est
1072 470 1323 523 praeclarae
1354 470 1525 522 indolis,
1559 470 1765 510 rationem
1799 469 1976 520 habebit,

208 537 252 573 ut
292 533 383 574 licet
426 535 480 574 stt
522 534 738 575 studiosus
779 535 903 587 iuris,
947 538 1085 575 tamen
1118 534 1355 575 Romanam
1398 534 1573 575 imbibat
1609 535 1819 589 pietatem.
1882 535 1978 576 Non
2038 587 2040 592 ,

203 598 401 651 pluribus
442 599 612 640 monebo
643 599 696 640 R.
738 599 781 641 T.
826 613 951 654 qaam
993 600 1208 640 incensam
1251 601 1333 641 seio
1377 598 1460 640 adh
1503 599 1602 641 bene
1642 600 1888 641 merendum
1928 600 1979 641 de

206 663 325 704 bonis
365 664 548 718 inqent'js
582 664 822 706 Germanis,
890 664 992 706 Cum
1035 665 1175 706 eodem
1209 665 1332 706 Sunii
1364 665 1519 719 Nepote
1551 666 1732 706 mittitur
1763 665 1979 707 studiosus
2036 671 2039 689 ’

207 728 320 769 alias
348 729 568 770 Arnola'us
599 729 899 782 Embricensis,
934 729 1125 784 Mihique
1159 734 1208 770 ac
1240 728 1309 772 Ρ.ἀ
1343 731 1470 771 Surio
1504 731 1833 782 commendatur,
1868 735 1911 772 ut
1943 732 1980 772 si
2037 735 2042 771 ζ·

206 805 291 847 qua
335 796 500 836 ratione
538 794 634 848 fieri
661 797 817 850 po.ssjt‘²
850 796 908 836 acl
943 796 1167 849 Colleqium
1201 795 1501 837 Germanicum
1537 796 1803 838 admittatur.
1867 795 1979 837 Nam
2036 795 2040 803 “

207 871 250 900 se
287 865 489 913 paratum
532 861 709 902 ostendit
750 861 807 902 ad
848 863 955 915 {eyes
997 862 1183 903 eiusdem
1218 861 1390 916 Colleyij
1428 863 1508 902 rite
1545 862 1801 915 seruandas,
1844 866 1881 903 et
1912 862 1979 902 z’n-
2037 875 2040 898 e

202 926 400 978 9672toszcs
433 926 608 967 uidetur
641 926 893 979 adolescens,
929 941 1047 982 quem
1081 927 1261 981 optarim
1297 927 1530 981 aliquando
1555 927 1814 968 Germaniae
1840 928 1978 968 utilem
2038 963 2041 965 Α

212 1003 309 1032 esse.
374 991 613 1045 Mequz’a'em
648 992 822 1033 authore
856 1006 940 1034 non
971 992 1253 1047 proficiscitur
1285 992 1477 1043 Romam,
1511 993 1587 1034 sed
1619 1006 1751 1034 suasa
1784 992 1833 1034 P.
1859 992 1983 1046 Surij
2036 1000 2039 1049 J

215 1058 257 1094 ut
300 1055 405 1097 dixi.
460 1057 605 1097 Ambit
639 1057 899 1112 Colleqialem
934 1058 1049 1099 illam
1084 1058 1375 1110 conditionem,
1420 1059 1541 1099 cuins
1572 1063 1618 1099 ut
1649 1058 1861 1113 particeps
1888 1058 1978 1111 fiat,
2038 1095 2039 1098 ,

211 1121 387 1161 multum
419 1122 465 1162 in
498 1122 549 1164 R.
582 1122 625 1163 T.
660 1123 784 1163 sitam
820 1137 905 1164 esse
929 1127 1048 1177 puto.
1112 1123 1307 1164 Eundem
1340 1123 1389 1165 P.
1414 1123 1591 1164 Surium
1625 1128 1766 1178 aperte
1798 1123 1978 1176 monebo,
2038 1115 2040 1158 ῗ

207 1198 258 1225 ne
298 1190 388 1239 post
428 1187 508 1227 hae
550 1188 686 1228 mittat
729 1189 922 1243 aliquem,
966 1189 1052 1229 nisi
1093 1202 1292 1229 consensu
1327 1188 1506 1230 Patrum
1541 1189 1699 1230 Romae
1741 1189 1863 1243 prius
1901 1190 1977 1229 im·
2038 1232 2041 1246 Β

205 1254 380 1304 petrato,
414 1256 459 1292 ut
481 1252 633 1293 ordine
651 1252 755 1306 fiant
777 1255 932 1307 onmia,
969 1258 1004 1294 et
1025 1254 1267 1295 huiusmodi
1289 1255 1492 1295 studiosis
1514 1256 1667 1295 rectius
1691 1252 1976 1296 consulatur.“
2040 1247 2042 1261 ¹

328 1330 429 1365 Haec
456 1333 685 1377 explicantur
711 1336 747 1368 et
772 1333 1002 1369 illustrantur
1028 1334 1171 1377 litteris,
1199 1346 1289 1379 quas
1316 1335 1360 1369 ad
1386 1334 1554 1369 Natalem
1581 1335 1658 1380 ipse
1685 1336 1819 1369 Sur-ius
1837 1333 1981 1368 Colonia
2038 1351 2039 1354 ¹

209 1385 250 1418 15
283 1384 406 1418 Martii
436 1385 526 1420 1572
553 1387 671 1428 dedit;
700 1388 749 1421 ita
777 1389 869 1422 enim
898 1387 956 1422 hic
981 1388 1128 1423 scribit:
1159 1388 1246 1431 „Qui
1273 1389 1340 1422 has
1366 1389 1483 1422 reddit
1500 1387 1540 1422 R.
1561 1388 1599 1422 T.
1626 1400 1728 1422 meus
1753 1391 1808 1422 est
1832 1399 1876 1421 ex
1903 1398 1980 1431 ger-

208 1449 315 1472 mana
339 1449 460 1473 sorore
477 1451 600 1485 nepos,
628 1452 732 1485 quern
752 1442 855 1475 mitto
874 1442 1035 1483 Romam,
1063 1444 1104 1476 vt
1121 1442 1230 1476 isthic
1248 1442 1284 1476 in
1303 1454 1389 1476 vera
1407 1443 1542 1487 pietate
1562 1445 1596 1476 et
1615 1442 1792 1476 catholica
1810 1441 1981 1486 religione

207 1491 316 1536 probe
342 1492 565 1534 instituatur,
599 1497 636 1528 et
661 1495 768 1529 simul
796 1495 904 1529 etiam
932 1496 992 1530 det
1018 1507 1164 1541 operam
1190 1496 1513 1540 jurisprudentiae,
1541 1496 1597 1530 cui
1623 1496 1744 1530 studio
1770 1495 1981 1540 iampridem

206 1556 244 1578 se
280 1545 431 1580 addixit.
482 1547 563 1581 Fuit
590 1548 803 1593 quandoque
830 1549 1014 1583 conuictor
1041 1550 1076 1582 in
1103 1549 1254 1594 collegio
1282 1549 1474 1584 Societatis
1500 1552 1657 1590 vestrae,
1693 1549 1787 1593 quod
1814 1548 1981 1583 Coloniae

207 1600 271 1632 est.
308 1598 385 1643 Ego
412 1611 492 1633 eum
517 1601 765 1636 commendaui
786 1602 951 1636 Pontifici
970 1602 1140 1646 Maximo,
1169 1603 1351 1637 Cardinali
1370 1604 1595 1646 Augustano,
1622 1603 1780 1647 itemque
1800 1601 1980 1636 Cardinali

207 1651 360 1686 Amulio.
405 1653 560 1688 Multum
587 1655 618 1688 ei
645 1655 848 1698 contulerit,
886 1656 918 1690 si
945 1667 1009 1690 vos
1045 1668 1186 1700 quoque
1213 1659 1374 1691 vestram
1410 1656 1755 1690 commendationem
1782 1656 1978 1700 adiungere

207 1705 452 1749 dignabimini.
469 1733 476 1741 .
492 1733 499 1741 .
516 1734 523 1741 .
558 1708 657 1742 Nihil
680 1709 755 1743 fere
773 1721 794 1743 a
812 1710 888 1744 suis
907 1710 964 1745 hic
983 1710 1193 1744 adolescens
1212 1711 1390 1755 expectat,
1418 1712 1557 1744 tantum
1578 1710 1777 1751 habiturus,
1804 1713 1978 1753 quantum

206 1758 392 1794 Pontificis
428 1763 464 1795 et
491 1761 733 1796 Cardinalium
768 1762 984 1798 liberalitate
1021 1765 1190 1808 consequi
1217 1763 1360 1808 poterit.
1413 1763 1454 1798 D.
1474 1764 1605 1798 Petrus
1632 1763 1808 1804 Canisius,
1844 1763 1932 1797 mihi
1960 1774 1981 1797 a

206 1824 316 1857 puero
343 1814 668 1859 coniunctissimus,
695 1817 841 1861 scripsit
868 1816 1094 1851 Cardinalem
1114 1818 1365 1861 Augustanum
1394 1817 1424 1851 ei
1451 1820 1640 1862 patronum
1668 1818 1743 1851 fore
1757 1817 1779 1853 ².
1799 1844 1806 1851 .
1828 1843 1835 1851 .
1857 1844 1863 1851 .
1902 1816 1979 1861 Ego
2035 1844 2037 1866 Ἴ

206 1877 287 1899 eum
314 1866 418 1912 cupio
444 1867 654 1913 longissime
681 1870 808 1904 abesse
835 1881 855 1904 a
882 1870 1009 1915 patria,
1037 1882 1129 1914 quae
1155 1873 1232 1904 tota
1259 1870 1402 1904 addicta
1429 1873 1483 1905 est
1510 1870 1633 1905 Luteri
1659 1870 1814 1915 placitis.
1863 1869 1981 1904 Habet

206 1919 280 1953 illic
307 1918 566 1956 Canonicatum
594 1922 682 1957 bene
708 1923 890 1968 pinguem,
918 1924 1159 1968 volebantque
1186 1924 1355 1959 Canonici
1383 1927 1422 1958 vt
1449 1925 1543 1968 apud
1569 1924 1667 1969 ipsos
1693 1924 1887 1959 resideret:
1917 1922 1980 1957 sed
2036 1961 2037 1964 Ἴ

206 1972 320 2007 noluit
337 1974 555 2018 adolescens,
575 1988 618 2010 ne
637 1976 778 2011 illorum
799 1978 919 2022 prauis
938 1978 1115 2022 exemplis
1134 1980 1432 2022 corrumperetur.
1469 1978 1523 2012 Ex
1542 1977 1602 2012 illo
1622 1977 1842 2012 Canonicatu
1859 1980 1981 2022 posset
2026 2011 2029 2015 ,

206 2026 313 2060 etiam
333 2026 468 2062 Romae
495 2029 630 2071 viuere,
657 2030 721 2064 sed
747 2031 878 2065 absens
904 2042 1052 2076 prorsus
1077 2031 1167 2065 nihil
1190 2031 1354 2076 percipit.
1389 2031 1565 2065 Parentes
1582 2031 1718 2065 habent
1735 2031 1828 2065 domi
1847 2031 1981 2066 multas

205 2080 334 2124 proles,
371 2092 463 2125 quae
497 2094 567 2116 non
601 2084 726 2118 sinunt
762 2095 842 2118 eum
869 2084 1003 2119 Romae
1039 2085 1237 2119 sustentari
1271 2085 1414 2119 illorum
1446 2085 1683 2129 impensis...
1704 2111 1712 2119 .
1762 2084 1817 2118 Ad
1843 2084 1982 2129 aliquot
2035 2100 2037 2102 ¹

204 2145 317 2168 annos
343 2135 425 2169 volo
461 2148 541 2170 eum
567 2136 701 2171 Romae
737 2137 878 2182 degere,
915 2138 1026 2173 donec
1053 2139 1169 2184 possit
1194 2138 1229 2172 in
1256 2138 1445 2172 Doctorem
1473 2138 1571 2172 Juris
1598 2138 1809 2183 promoueri.
1860 2138 1981 2172 Habet
2034 2148 2037 2182 j

204 2187 240 2220 iu
267 2189 384 2232 patria
414 2200 583 2233 magnam
610 2192 957 2235 consanguineorum
989 2194 1025 2226 et
1051 2192 1213 2226 affinium
1240 2193 1396 2233 turbam,
1431 2192 1561 2236 quibus
1587 2191 1671 2226 olim
1697 2191 1849 2226 multum
1876 2191 1981 2236 prod·
2035 2230 2043 2235 Ν

204 2251 285 2275 esse
319 2243 471 2286 poterit,
510 2243 542 2278 si
580 2244 690 2279 fuerit
726 2245 861 2279 Romae
898 2245 935 2279 in
971 2246 1157 2281 Catholica
1194 2245 1368 2290 religione
1402 2245 1492 2279 bene
1528 2245 1771 2280 confirmatus.
1824 2245 1981 2279 Puerum
2034 2252 2036 2254 ’

205 2294 377 2330 haeretici
403 2300 638 2342 corruperant
662 2294 840 2333 fermento
867 2299 1050 2334 doctrinae
1076 2311 1174 2341 suae,
1205 2300 1268 2334 sed
1294 2299 1355 2334 vbi
1383 2299 1566 2333 Coloniam
1592 2299 1695 2333 venit
1720 2299 1765 2333 ad
1791 2311 1847 2333 me
1874 2302 1911 2333 et
1935 2298 1980 2333 ad
2034 2295 2041 2334 ζ

207 2348 343 2383 Patres.
384 2349 575 2385 Societatis
600 2354 756 2394 vestrae,
785 2353 890 2387 facile
917 2365 998 2387 eum
1025 2353 1060 2387 in
1080 2354 1177 2388 viam
1203 2354 1473 2387 reuocauimus“
1500 2354 1561 2395 (ex
1581 2355 1739 2396 autogr.;
1770 2352 1890 2388 Germ.
1913 2353 1980 2387 134
2034 2344 2036 2353 ¹

205 2402 229 2435 f.
257 2402 370 2446 260⁸).
420 2404 576 2439 Aliunde
611 2405 678 2440 hoc
712 2406 956 2450 intellegitur:
993 2407 1214 2442 Adolescens
1248 2406 1306 2441 hic
1342 2406 1542 2441 vocabatur
1577 2409 1612 2440 et
1651 2407 1728 2451 ipse
1764 2406 1981 2440 Laurentius
2025 2402 2035 2409 ’

205 2454 331 2490 surius
358 2459 394 2491 et
420 2462 593 2492 annorum
621 2461 699 2493 erat
724 2460 800 2494 fere
827 2461 868 2494 21
899 2472 940 2494 ac
966 2461 1216 2495 canonicatum
1245 2460 1401 2494 habebat
1427 2460 1656 2494 lubecensem
1685 2460 1747 2503 (K.
1768 2460 1979 2504 Schellhass,
2040 2471 2041 2474 ¹

205 2508 387 2544 Deutsche
423 2511 494 2545 und
530 2511 670 2546 kuriale
699 2507 870 2547 Gelehrte
903 2513 952 2547 im
981 2514 1128 2548 Dienste
1155 2514 1217 2548 der
1245 2513 1605 2558 Gegenreformation
1632 2511 1908 2558 [ima—1585}
1944 2513 1980 2547 in
2034 2510 2035 2517 ¹

209 2561 378 2604 „Qnellen
396 2564 468 2598 und
487 2565 743 2609 Forschungen
762 2579 828 2601 aus
846 2567 1097 2602 italienischen
1113 2567 1296 2602 Archiven
1311 2567 1381 2601 und
1402 2566 1664 2607 bibliotheken,
1683 2566 1980 2610 herausgegeben
2040 2597 2041 2605 ,

206 2627 287 2650 vom
314 2615 451 2661 konigl.
470 2617 712 2662 preussischen
739 2619 979 2655 historischen
1011 2621 1157 2655 institut
1184 2621 1218 2654 in
1245 2620 1334 2655 Rom
1361 2620 1456 2661 XW,
1484 2620 1573 2654 Rom
1602 2621 1703 2661 1911,
1731 2620 1799 2654 312
1816 2620 1851 2663 ').

301 2676 353 2711 De
380 2677 494 2712 altero
521 2681 641 2713 autem
670 2679 730 2714 illo
758 2679 997 2721 adolescente,
1025 2691 1130 2724 quem
1151 2680 1293 2715 Canisio
1318 2679 1443 2715 Sui-ius
1470 2679 1744 2720 commendavit,
1773 2679 1811 2713 P.
1832 2679 1980 2713 Iacobus
2032 2699 2039 2730 κη

205 2729 364 2772 Boyman
393 2730 427 2765 S.
446 2731 480 2765 J.
507 2743 537 2766 a.
559 2733 650 2768 1638
677 2733 735 2768 vel
765 2734 854 2768 1639
881 2734 916 2768 in
947 2734 1129 2776 „Historia
1156 2733 1345 2779 Gymnasii
1371 2733 1454 2767 novi
1474 2733 1596 2767 Trium
1617 2733 1836 2767 Coronarum
1863 2732 1979 2766 Socie—

205 2783 293 2816 tatis
319 2783 400 2817 Iesu
429 2784 615 2820 Coloniae“
649 2787 708 2827 (cf.
733 2788 855 2822 Can.I
882 2788 1057 2831 le—LX)
1088 2787 1176 2822 haec
1203 2788 1343 2821 notavit
1370 2799 1414 2821 ex
1446 2786 1555 2829 „libro
1582 2785 1762 2820 decanah‘
1795 2785 1980 2820 facultatis

325 2859 353 2890 a)
375 2861 514 2892 Sequitur
539 2868 643 2893 suum,
669 2871 686 2887 a
707 2864 736 2888 C.
758 2864 829 2895 ipso,
856 2866 885 2888 u!
913 2864 1038 2895 ridetur,
1065 2864 1272 2889 oblitteratum.
1419 2862 1448 2895 b)
1471 2864 1505 2888 1η
1533 2863 1640 2888 τινι-ἢεί.
1667 2865 1825 2887 correctum
1851 2870 1888 2887 az·
1914 2860 1979 2887 ade.

205 2900 232 2931 c)
253 2901 393 2932 Sequitur
413 2908 543 2935 quoque,
563 2912 579 2928 α
603 2907 631 2929 ('-
652 2905 716 2935 ipso
736 2908 779 2935 (nt
803 2905 929 2936 m'detur)
950 2906 1041 2931 oblite.
1140 2904 1170 2937 d)
1192 2907 1251 2930 Hoc
1271 2906 1319 2935 (ab
1342 2905 1404 2937 ipso
1425 2906 1454 2930 C.
1470 2905 1494 2935 ἓ)
1514 2912 1607 2936 supra
1629 2912 1744 2930 versum
1764 2904 1907 2936 scriptam
1927 2906 1978 2928 est.
2032 2907 2039 2922 κ’

206 2942 234 2974 e)
255 2943 303 2967 Ita
323 2944 352 2968 C.
373 2945 500 2969 cort-erit
520 2952 556 2969 ex
576 2945 694 2978 posset.

329 3053 336 3071 ¹
365 3051 582 3093 Truchsess;
610 3065 643 3087 v.
665 3064 774 3098 supra
801 3065 834 3098 p.
857 3053 889 3088 2.

328 3106 339 3125 ²
367 3105 495 3140 Utrum
522 3105 591 3151 ipsi
618 3106 721 3141 Surio
756 3107 807 3141 ita
843 3106 1029 3152 scripserit
1055 3118 1100 3141 an
1127 3106 1242 3142 Sociis
1267 3105 1540 3148 coloniensibus,
1577 3105 1707 3150 quibus
1734 3104 1860 3139 Surius
1898 3105 1977 3138 erat

206 3158 456 3198 amicissimus,
484 3170 553 3194 non
581 3159 707 3203 liquet.
2032 3152 2033 3158 ἵ
