2051 3433
208 131 296 172 224
351 127 454 163 1892.
483 127 521 161 Ρ.
541 125 674 161 Theod.
694 125 868 160 Peltanus
895 124 1048 160 Canisio.
1088 124 1182 167 Aug.
1200 123 1307 158 Vind.
1335 123 1430 158 eirca
1455 123 1547 158 med.
1567 122 1697 157 Iulium
1724 123 1826 158 1574.

211 248 420 289 Poseuino
453 247 503 288 de
525 248 673 288 alcune
701 247 895 300 epistolae
929 246 980 286 cle
1013 246 1069 287 .S.
1096 245 1334 285 Athanasio
1367 244 1437 285 che
1471 245 1563 285 dize
1595 257 1812 298 nunquam
1843 242 1979 296 fuisse
2020 239 2025 286 J

209 326 388 355 excusas
430 317 466 353 et
504 313 716 366 pertinent
757 313 815 353 acl
857 311 965 352 idem
1002 311 1263 352 Concilium.
1290 342 1299 351 .
1324 343 1332 351 .
1368 310 1452 351 Secl
1480 310 1605 364 prius
1636 309 1878 362 videndum,
1923 323 1979 350 an
2036 306 2039 309 ’

212 393 353 420 verum
387 380 440 419 sit
471 392 690 432 nunquam
719 377 856 430 fuisse
890 376 1106 418 excusas“.

332 444 451 485 Haec
482 443 734 484 Possevinus
773 442 914 494 (cuius
957 443 1137 496 epistula
1175 442 1336 495 perisse
1378 439 1564 492 videtur)
1600 440 1772 481 Canisio
1813 440 1982 493 scripsit

213 510 265 550 de
297 509 421 550 rebus
454 509 502 550 P.
537 509 715 550 Pisani:
757 509 976 563 seripsisse
1009 511 1148 547 autem
1182 507 1298 548 illum
1332 507 1383 547 cle
1415 505 1540 547 rebus
1579 519 1738 560 quoque
1772 505 1982 560 aliquibus

213 575 274 615 acl
321 576 456 630 ipsum
508 575 730 616 Canisiuni
771 573 1082 628 pertinentibus
1130 576 1394 627 coynoscetur
1446 585 1495 612 ex
1542 571 1722 625 epistula
1770 569 1983 611 Kalendis

215 640 526 694 Septembribus
559 654 598 682 a.
623 639 738 680 1574
773 639 890 692 alata,
924 652 1007 692 qua
1033 638 1234 679 Canisius
1256 637 1479 678 Possevino
1502 636 1746 691 respondit,·
1777 650 1812 677 v.
1846 634 1983 689 infra,

214 720 276 760 ep.
311 707 440 747 1901.

334 786 464 821 Nescio
502 797 546 820 au
584 784 674 819 haee
709 785 898 819 Possevini
925 783 1081 829 epistula
1118 783 1166 818 sit
1204 783 1328 817 eadem
1366 785 1476 827 atque
1514 781 1669 827 epistula
1702 781 1782 822 illa,
1823 793 1930 825 quam
1966 793 1988 816 a

215 840 387 874 Manareo
413 840 457 874 ad
485 839 669 874 Canisium
700 838 888 881 „missan1“
918 849 998 873 esse
1026 837 1179 871 Pisanus
1214 836 1351 871 scribit.
1402 836 1495 870 Fieri
1527 839 1624 870 certe
1652 837 1801 881 poterat,
1837 838 1878 870 ut
1903 836 1987 870 Pos-

214 895 375 935 sevinus‚
393 895 488 928 sicut
505 904 613 938 saepe
631 893 827 938 praepositi
843 891 1022 936 generalis
1040 891 1212 925 mandatu
1231 890 1423 930 scribebat,
1443 889 1604 923 Manarei
1623 901 1764 934 quoque
1783 889 1989 924 assistentis

216 948 358 982 nomine
384 947 628 990 mandatuque
646 946 830 981 scriberet.
864 945 988 990 Neque
1006 945 1160 986 litterae,
1189 944 1318 988 quibus
1337 943 1520 978 Canisium
1546 943 1591 977 ad
1619 943 1778 978 Manarei
1797 942 1990 988 epistulam

216 1001 446 1046 respondisse
473 1001 542 1035 dici
569 1001 693 1045 possit,
719 1002 864 1044 praesto
889 1002 985 1040 sunt,
1010 999 1079 1033 nisi
1106 998 1261 1044 epistula
1291 998 1390 1032 1901.

338 1056 495 1088 Pisanus
520 1066 566 1088 ex
592 1054 715 1088 codice
741 1053 804 1087 illo
830 1053 997 1088 vaticano
1024 1053 1060 1087 in
1086 1052 1279 1087 secundam
1307 1062 1408 1086 suam
1435 1050 1582 1085 Concilii
1609 1050 1759 1085 Nicaeni
1785 1050 1991 1092 editionem,

217 1119 328 1152 quam
354 1120 464 1152 supra
490 1108 576 1149 dixi,
602 1107 791 1141 transtulit
816 1119 884 1141 non
912 1106 1027 1141 solum
1051 1105 1306 1151 „Diatyposes“
1336 1104 1430 1145 illas,
1456 1104 1519 1138 sed
1546 1105 1654 1138 etiam
1685 1103 1988 1149 „disputationes“

218 1173 242 1195 a
270 1162 437 1196 Patribus
470 1161 641 1196 Nicaenis
677 1172 758 1195 cum
793 1160 1016 1205 philosophis
1046 1159 1130 1193 Ario
1165 1159 1373 1193 faventibus
1408 1157 1561 1193 habitas.
1613 1157 1690 1192 Hoc
1724 1161 1844 1192 autem
1871 1157 1992 1192 Pisani
2034 1169 2035 1172 ¹

219 1226 312 1259 opus
337 1215 467 1249 iterum
494 1226 669 1249 excusum
696 1217 753 1248 est
777 1214 813 1248 in
839 1213 947 1248 libro:
979 1214 1246 1256 ⁷,Com-iliorum
1273 1212 1504 1246 onmium...
1544 1211 1735 1245 Volumina
1762 1212 1992 1256 quinque....

220 1268 317 1303 Sixti
344 1268 387 1302 V.
407 1268 594 1303 Pontifieis
620 1268 782 1309 Maximi,
810 1267 1053 1302 foelioissimis
1084 1266 1274 1312 auspiciis“
1305 1265 1403 1300 Tom.
1423 1265 1449 1307 I,
1476 1264 1640 1299 Venetiis
1669 1264 1770 1306 1585,
1805 1265 1899 1310 apud
1926 1264 1994 1299 Do·

221 1321 390 1356 minioum
411 1322 624 1363 Nieoliuum,
651 1322 851 1357 490—592.
894 1320 1020 1365 Neque
1047 1333 1133 1354 vero
1159 1331 1306 1365 prorsus
1332 1322 1469 1354 certum
1497 1330 1577 1353 esse
1598 1318 1751 1360 videtur,
1777 1318 1896 1353 omnia
1913 1320 1996 1353 acta

222 1375 374 1410 nicaena
409 1379 553 1420 praeter
579 1376 624 1410 20
660 1375 741 1409 illos
777 1386 932 1409 canones
957 1375 1176 1417 notissimos,
1212 1373 1425 1418 symbolum,
1462 1372 1645 1406 decretum
1675 1371 1847 1417 synodale
1873 1372 1996 1416 spuria

222 1441 323 1471 esse3
360 1432 446 1464 sunt
471 1432 578 1470 certe,
614 1429 675 1474 qui
701 1431 831 1474 putent
866 1428 936 1462 alia
963 1439 1105 1472 quoque
1131 1429 1166 1462 in
1193 1427 1467 1462 commentarios
1492 1426 1608 1460 relata
1634 1437 1724 1466 esse,
1760 1428 1796 1460 et
1821 1425 1878 1460 his
1903 1437 1995 1460 com-

224 1483 411 1517 mentariis
451 1483 635 1517 Gelasium
672 1494 752 1516 esse
786 1494 909 1523 usum;
944 1482 988 1516 cf.
1021 1481 1199 1525 „Histoire
1226 1481 1289 1514 des
1316 1479 1489 1520 Conciles‚
1524 1491 1589 1524 par
1615 1478 1679 1514 Ch.
1698 1479 1731 1514 J.
1750 1479 1888 1521 Hefele,
1925 1481 1996 1513 tra-

224 1537 370 1572 duction
398 1549 463 1582 par
488 1549 535 1571 un
562 1536 754 1580 Religieux
780 1535 990 1570 Benedictin
1016 1538 1083 1570 eto.
1110 1536 1181 1578 [H.
1199 1533 1387 1578 Leclercq]
1412 1534 1438 1576 I,
1464 1533 1568 1568 Paris
1596 1534 1699 1575 1907,
1725 1532 1924 1568 391—394.

227 1654 383 1691 1892.
482 1655 544 1691 P.
573 1653 994 1690 THEODORUS
1022 1652 1382 1690 PELTANUS
1411 1652 1464 1689 S.
1492 1652 1546 1688 J.
1574 1652 1775 1688 CANISIO.

834 1715 1002 1758 Augusta
1021 1713 1289 1748 Vindelicorum
1316 1714 1410 1748 circa
1435 1713 1591 1747 medium
1618 1724 1664 1747 m.
1691 1712 1820 1746 Iulium
1848 1712 1951 1748 1574.

348 1786 403 1823 Ex
431 1786 573 1820 Peltani
599 1786 643 1820 ad
670 1785 840 1819 Rethium
866 1785 998 1819 litteris
1023 1785 1268 1830 autographis.
1312 1785 1396 1821 Cod.
1423 1784 1536 1819 colon.
1561 1784 1648 1827 „Un.
1667 1783 1755 1819 603⁸
1786 1784 1811 1819 f.
1831 1783 1926 1819 336³.

349 1849 403 1881 De
429 1847 566 1890 „Opere
591 1844 831 1879 catechisticd‘
856 1848 1057 1889 yermanice
1082 1847 1255 1880 vertendo.

350 1926 554 1967 Peltanus
587 1927 780 1979 Auqusta
812 1928 854 1967 5.
887 1924 991 1966 Iulii
1023 1925 1138 1966 1574
1181 1925 1232 1965 cle
1267 1923 1636 1976 „fl-utlioritatibus
1667 1923 1826 1964 Sacrae
1859 1923 2001 1976 Scrip-
2030 1930 2043 1972 '3

228 1997 352 2033 turae
377 1997 411 2033 et
433 1992 683 2034 Sanctorum
708 1991 903 2043 Patrum,
938 2005 1045 2046 quae
1069 1991 1110 2031 in
1136 1991 1310 2032 Summa
1335 2023 1344 2031 .
1370 2023 1378 2031 .
1404 2023 1412 2031 .
1447 1989 1565 2031 Petri
1585 1988 1750 2030 Canisii
1772 1986 2000 2041 citantur“,
2039 1977 2045 2003 ⁴

234 2058 433 2099 Coloniae
466 2072 505 2098 a.
535 2057 822 2099 1569—1510
846 2071 871 2097 a
894 2056 942 2097 P.
968 2056 1092 2097 Petro
1116 2056 1282 2097 Busaeo
1306 2056 1347 2097 S.
1372 2054 1413 2096 J.
1440 2055 1613 2096 collectis
1647 2059 1682 2095 et
1717 2054 1839 2094 editis
1871 2053 2000 2102 (Can.

232 2123 296 2164 VI
314 2123 583 2176 685-689)‚
607 2136 713 2176 quas
736 2122 785 2164 P.
809 2123 991 2163 Ioannes
1014 2122 1189 2163 Retleius
1211 2122 1253 2163 S.
1278 2121 1320 2163 J.
1348 2126 1480 2175 atque,
1509 2125 1554 2161 ut
1576 2120 1755 2171 videtur,
1781 2118 2004 2160 Geru·inus

231 2202 392 2243 quoque
406 2188 605 2230 Calenius
620 2188 905 2242 typogyraplius
921 2188 1166 2228 coloniensis
1177 2188 1418 2241 gyermanice
1432 2186 1558 2227 reddi
1572 2185 1792 2240 cupiebant
1804 2184 1931 2234 (Can.
1946 2183 2008 2225 VI
2039 2198 2051 2231 l

232 2255 483 2296 387—388.
509 2255 608 2295 472.
633 2254 753 2306 (585),
778 2254 838 2294 sic
860 2254 918 2293 ad
942 2253 1137 2294 Retliium
1161 2254 1353 2306 scripsit:
1391 2251 1481 2303 „De
1504 2250 1837 2304 interpretandis
1860 2249 2004 2290 autho-
2050 2271 2051 2274 =

235 2319 433 2360 ritatibus
462 2320 514 2361 R.
539 2318 587 2361 P.
614 2319 775 2360 Busaei
803 2319 854 2360 R.
880 2319 925 2360 V.
960 2319 1228 2372 respondebo,
1262 2319 1329 2359 vbi
1360 2317 1544 2372 primum
1582 2316 1748 2357 Patrem
1785 2315 2005 2356 Canisium

236 2399 285 2426 ea
321 2385 371 2425 cle
403 2400 448 2426 re
481 2386 740 2438 consuluere,
784 2384 897 2426 Nam
930 2399 1021 2425 cum
1057 2399 1103 2425 ea
1138 2397 1204 2425 res
1235 2384 1443 2437 pertineat
1477 2382 1535 2423 atl
1570 2382 1682 2422 illius
1715 2381 2003 2422 catechismum
2039 2382 2042 2431 ξ

236 2464 320 2491 non
351 2455 451 2505 puto
484 2452 553 2492 illo
579 2451 808 2492 inconsulto
841 2451 1061 2505 quicquam
1085 2448 1355 2490 tractandum
1381 2461 1465 2489 esse
1486 2461 1576 2488 cum
1598 2446 1746 2499 futuro
1768 2447 2005 2500 interprete,
2039 2462 2044 2500 ³.

237 2530 357 2570 quem
391 2520 529 2556 tamen
562 2518 753 2570 suspicor
777 2530 857 2556 non
883 2516 1111 2556 admodum
1130 2519 1369 2569 promptum
1391 2513 1602 2566 futurum,
1636 2513 1674 2553 si
1706 2526 1786 2552 non
1818 2512 1894 2564 fiat
1916 2523 2008 2564 spes
2040 2549 2042 2561 ,

236 2582 421 2622 alicuius
453 2582 602 2632 lucelli,
639 2586 696 2622 est
730 2583 838 2622 enim
864 2595 1035 2636 pauper
1068 2585 1103 2621 et
1137 2582 1179 2621 in
1210 2579 1382 2633 neqotijs
1406 2576 1713 2631 capitularibus
1747 2577 2009 2618 mediocriter
2040 2568 2042 2581 '

239 2651 477 2700 occupatus,
513 2647 560 2687 Vt
593 2652 631 2688 vt
663 2648 717 2687 sit
750 2646 816 2687 vbi
835 2647 1022 2701 primum.
1048 2646 1248 2687 Canisius
1271 2644 1547 2698 responderit,
1583 2642 1839 2697 respondebo
1872 2646 1907 2682 et
1942 2654 2010 2695 eqo
2040 2638 2044 2671 ³·

239 2726 400 2765 quoque
431 2712 480 2754 P.
522 2712 592 2753 T.“

362 2791 527 2825 Caluisius
547 2791 696 2826 Peltano
722 2792 907 2837 respondit,
932 2793 987 2826 29.
1009 2791 1088 2825 Iulii
1110 2791 1219 2831 1574;
1248 2802 1292 2824 ex
1320 2789 1449 2834 quibus
1475 2789 1606 2823 litteris
1634 2788 1747 2823 conici
1774 2789 1902 2832 potest,
1929 2797 2010 2820 cum
2042 2807 2045 2826 ς

246 2843 417 2887 „Fisculi‘
460 2844 693 2887 (cathedralis
738 2845 886 2890 capituli
934 2845 1174 2889 augustani&
1213 2844 1256 2878 de
1294 2843 1459 2878 versione
1495 2842 1558 2877 illa
1593 2842 1756 2877 facienda
1795 2840 1916 2875 Socios
1953 2839 2010 2874 vel
2042 2846 2046 2885 ,ἴ

243 2897 363 2940 egisse
389 2896 446 2931 vel
472 2909 580 2942 agere
609 2898 783 2940 voluisse;
811 2899 894 2933 vide
920 2899 1023 2940 infra,
1050 2910 1105 2944 ep.
1127 2897 1228 2932 1896.

246 3026 424 3070 byterum.
477 3026 591 3060 Huius
627 3029 723 3060 certe
758 3028 954 3061 orationem
982 3026 1024 3061 de
1051 3025 1216 3060 laudibus
1242 3024 1481 3059 Nicaeum-um
1508 3024 1657 3058 Patrum
1684 3023 1719 3057 in
1745 3020 1902 3057 secunda
1931 3019 2013 3054 libri
2043 3018 2048 3051 ’.

245 3079 401 3113 editione
419 3081 548 3124 posuit.
586 3080 639 3113 Cf.
654 3082 700 3115 K.
716 3081 975 3122 Krumbadier,
999 3079 1215 3114 Geschichte
1234 3079 1296 3113 der
1314 3077 1608 3123 byzantinisehen
1627 3076 1834 3117 Litteratur,
1855 3074 1889 3109 2.
1909 3072 2013 3113 ΑυΗ.,

248 3131 428 3166 Miinchen
457 3133 556 3175 1897,
588 3134 772 3168 163—164
798 3135 866 3168 265
892 3134 972 3168 472.
