2051 3433
189 189 273 229 592
403 184 506 220 2078.
534 185 701 219 Canisius
727 184 888 220 Oliverio
917 185 1097 220 Manareo.
1141 184 1286 228 Dilinga
1313 185 1369 220 20.
1387 185 1601 220 Novembris
1630 185 1731 220 1580.

187 303 387 357 signatus
420 305 487 346 est
518 303 750 345 sacerdosa
782 318 804 346 e
828 304 1001 353 nostris,
1036 303 1107 356 qui
1131 317 1296 344 mecum
1321 303 1521 356 Friburgi
1543 303 1624 346 hac
1646 304 1802 358 hyeme
1824 304 1959 358 persi-

187 371 319 419 statu
354 369 465 422 quod
498 368 663 411 vtinam
698 383 792 411 cum
827 369 970 412 fructu
1003 370 1080 411 fiat
1112 368 1165 410 ad
1199 368 1358 410 Christi
1389 368 1587 422 gloriam.

308 434 504 488 Optarim
539 434 583 476 P.
611 433 866 476 Prouintiali
899 434 1087 476 animum
1123 433 1178 475 ad
1201 436 1407 476 externos
1439 434 1506 476 uel
1530 434 1712 476 aliarum
1736 434 1959 477 nationum

188 498 457 554 professores
501 501 545 541 et
589 498 810 553 operarios
853 499 1144 552 expetendos,
1191 499 1345 552 quibus
1389 499 1586 553 profecto
1631 500 1780 542 multis
1824 499 1961 542 modis

187 564 354 607 isthaec
376 564 543 617 indiget
565 563 797 618 prouintia,
832 567 876 607 et
899 565 1153 606 iuuarentur
1186 566 1239 606 ab
1272 563 1356 606 illis
1381 564 1518 606 nostri
1550 578 1720 618 quoque
1744 565 1960 615 Germani,

188 629 445 684 praesertim
480 629 515 671 si
548 629 733 683 Hispani
765 643 924 683 graues
957 632 1002 671 et
1034 629 1149 671 docti
1182 629 1473 672 mitterentur.

309 695 447 737 Valde
488 695 623 749 probo
657 695 702 736 P.
727 694 928 736 Turriani
962 694 1185 736 consilium
1221 695 1272 736 de
1314 695 1402 736 suis
1434 695 1555 736 libris
1586 696 1961 748 recognoscendis,

188 763 232 802 et
264 774 384 813 rogo,
418 763 468 802 vt
500 760 561 801 illi
594 760 649 801 ad
681 759 762 801 hoc
784 760 1029 802 faciendum
1054 760 1270 802 addantur
1292 760 1491 810 calcaria,
1526 760 1765 814 designatis
1788 760 1962 814 quibus-

188 825 286 868 dam
320 825 566 878 Theologis,
610 825 682 878 qui
715 839 769 866 ex
803 825 1006 879 operibus
1039 825 1129 866 eius
1163 828 1403 879 excerpant
1437 825 1692 880 peregrinas
1726 839 1964 880 parumque

188 891 396 944 probatas
428 890 638 932 hactenus
671 890 909 944 opiniones,
953 904 1063 944 quae
1104 890 1146 932 in
1179 891 1340 932 nostris
1374 890 1616 933 hominibus
1655 905 1738 933 non
1771 892 1964 933 aemulos

188 955 328 1006 modo,
353 955 428 997 sed
452 955 612 997 amicos
636 955 768 997 etiam
787 955 1004 997 offendere
1028 955 1172 997 solent
1183 956 1213 998 2.
1249 955 1478 998 Curabitur
1500 970 1526 998 a
1543 957 1704 998 nostris
1722 957 1963 1009 Augustae,

191 1023 237 1062 ut
268 1020 378 1062 liber
409 1020 482 1062 ille
505 1020 700 1063 Sadeelis
733 1021 787 1063 ad
822 1021 971 1062 urbem
996 1020 1246 1074 perueniat3
1281 1021 1454 1063 doctum
1489 1023 1533 1064 et
1555 1021 1828 1074 eloquentem
1853 1021 1966 1064 hunc

188 1085 486 1128 aduersarium
521 1099 616 1128 esse
648 1087 848 1140 putant3.
900 1087 993 1139 Ego
1027 1086 1080 1128 ab
1104 1086 1247 1140 operis
1280 1085 1475 1128 Marialis
1497 1086 1792 1140 recognitione
1815 1101 1966 1141 super—

188 1151 340 1193 sedere
373 1165 517 1205 cogor,
561 1152 675 1204 quod
708 1151 795 1193 alia
836 1151 1007 1204 quidem
1045 1151 1222 1193 maioris
1264 1151 1472 1194 momenti
1504 1152 1693 1194 allatura
1725 1152 1783 1193 sit
1819 1152 1966 1194 missio

189 1216 507 1270 Friburgensis,
541 1221 589 1259 ut
622 1216 823 1260 arbitror.

309 1281 502 1323 Adiunxi
536 1282 748 1335 quaedam
791 1282 842 1323 de
875 1282 1155 1324 Confessione
1187 1282 1460 1334 Augustana,
1504 1282 1539 1323 si
1574 1286 1722 1325 tamen
1754 1283 1828 1325 illa
1860 1297 1965 1324 non-

190 1346 319 1388 nullis
343 1347 507 1389 Romae
531 1347 888 1389 communicanda
911 1346 1184 1397 uidebuntur,
1219 1360 1330 1400 quae
1353 1347 1406 1388 ad
1431 1347 1472 1389 S.
1492 1347 1646 1389 Sedem
1670 1348 1965 1402 Apostolicam

189 1412 395 1454 tuendam
440 1413 551 1455 scitu
592 1412 706 1455 forte
749 1413 881 1465 digna
913 1416 1027 1455 sunt.
1082 1412 1212 1455 Dolet
1253 1411 1356 1453 mihi
1387 1411 1631 1454 haereticos
1662 1412 1806 1467 potius
1838 1427 1966 1466 quam

190 1478 436 1521 Catholicos
477 1477 697 1520 ministros
730 1492 806 1520 seu
840 1478 1050 1520 Oratores
1096 1491 1122 1520 a
1154 1478 1340 1519 Caesare
1381 1477 1496 1520 mitti
1534 1478 1965 1533 Constantinopolim,

191 1546 236 1585 et
267 1543 366 1585 hinc
389 1543 611 1596 religionis
634 1557 809 1585 causam
833 1543 1032 1597 impediri
1053 1542 1197 1598 potius
1221 1557 1350 1595 quam
1377 1543 1557 1597 prouehi
1581 1546 1657 1586 aut
1680 1544 1966 1587 confirmari4.

191 1609 397 1652 Fortasse
431 1609 630 1651 contrahi
662 1608 825 1663 poterit
857 1608 965 1650 haec
999 1622 1109 1661 quae
1141 1608 1331 1651 mittitur
1352 1608 1590 1651 historiola.
1641 1609 1818 1651 Vtinam
1854 1610 1966 1665 filij

310 1704 338 1731 a)
365 1702 411 1725 Sir·
431 1705 588 1726 coa-rectula
611 1705 650 1726 est
672 1710 707 1725 ez·
727 1701 914 1726 sacerdotes.

314 1798 323 1816 ¹
351 1796 529 1830 Robertus
555 1797 740 1830 Ardrenus
779 1796 838 1838 (de
873 1807 942 1840 quo
981 1797 1069 1830 Can.
1099 1796 1129 1829 V
1157 1796 1262 1839 54¹);
1298 1795 1393 1830 hunc
1420 1800 1551 1830 vocant
1582 1796 1829 1838 „Andrenum“
1861 1800 1969 1841 Ayri-

191 1851 266 1883 «fola
294 1850 315 1885 l.
344 1861 373 1884 c.
402 1850 426 1889 l.
455 1849 538 1884 Dec.
566 1851 598 1891 5,
626 1862 658 1885 n.
684 1851 697 1883 1
728 1852 765 1884 et
791 1851 892 1884 Riess
917 1850 940 1884 l.
962 1862 991 1884 c.
1018 1850 1088 1883 472
1114 1850 1194 1890 473,
1223 1852 1258 1883 et
1289 1849 1448 1891 „Arden“
1482 1851 1527 1884 H.
1549 1851 1656 1893 Foleys
1683 1849 1716 1884 S.
1738 1849 1783 1889 S,
1811 1850 1968 1884 Records

191 1905 232 1937 of
255 1904 316 1938 the
343 1903 494 1947 English
523 1903 699 1938 Province
726 1904 765 1937 of
787 1904 849 1937 the
875 1903 1020 1948 Society
1048 1904 1087 1936 of
1110 1903 1217 1937 Jesus
1244 1903 1344 1943 VIl¹,
1382 1902 1525 1937 London
1559 1903 1657 1944 1882,
1695 1904 1757 1939 16:
1793 1903 1854 1937 sed
1892 1904 1968 1948 ipse
2004 1904 2006 1906 ’

191 1961 227 1991 et
256 1969 287 1991 a.
318 1957 409 1991 1574
444 1958 478 1991 in
514 1958 680 1999 ÷²·„Lc·bro
715 1957 984 1991 Professionum
1014 1956 1165 2000 Collegii
1202 1956 1406 1999 Dilingani“
1437 1957 1537 1999 (Cod.
1570 1957 1632 1998 ,,ΙΙ.
1659 1957 1724 1990 42“
1764 1969 1797 2001 p.
1825 1957 1898 2000 58),
1933 1959 1970 1991 et

191 2023 222 2045 a.
252 2011 343 2045 1576
369 2010 405 2044 in
433 2010 598 2053 *„Libro
626 2011 893 2045 professionum
922 2010 1215 2054 ingolstadiensi“
1249 2010 1289 2053 (f.
1316 2011 1396 2049 29¹2
1427 2022 1460 2044 v.
1492 2012 1579 2044 Can.
1605 2009 1631 2042 V
1659 2011 1740 2054 51⁵)
1770 2022 1836 2044 sua
1861 2022 1968 2045 manu

191 2064 357 2109 scripsit:
381 2064 580 2106 „Robertus
598 2065 820 2099 Ardrenus“.
859 2063 911 2098 De
931 2064 1066 2098 Canisii
1086 2063 1254 2097 missione
1273 2064 1492 2106 friburgensi
1514 2076 1546 2097 v,
1568 2064 1671 2103 infra,
1690 2075 1845 2098 monum.
1866 2064 1967 2098 1262.

312 2119 325 2138 ²
352 2117 566 2152 Franciscus
592 2117 724 2152 Torres
758 2119 838 2152 sive
865 2118 1063 2152 Tul-rianus
1093 2117 1152 2159 (de
1179 2128 1248 2160 quo
1279 2118 1366 2151 Can.
1396 2117 1444 2151 Vl
1472 2117 1641 2160 31-32),
1678 2128 1758 2151 eum
1786 2118 1855 2151 iam
1889 2117 1970 2151 inde

192 2171 236 2205 ab
263 2183 294 2205 a.
325 2171 415 2205 1549
442 2171 485 2204 de
512 2171 774 2209 iustificatione,
803 2172 1020 2206 auctoritate
1047 2172 1175 2204 summi
1204 2170 1395 2215 pontificis,
1424 2170 1619 2204 residentia
1646 2174 1830 2215 pastorum
1857 2170 1969 2205 eecle-

192 2225 277 2266 siae,
305 2225 401 2258 votis
427 2225 648 2266 monasticis,
677 2225 1003 2259 Constitutionibus
1030 2224 1249 2269 Apostolicis
1276 2226 1343 2258 etc.
1371 2224 1588 2268 scripsisset.
1617 2236 1708 2258 anno
1738 2224 1827 2258 1566
1854 2224 1971 2258 Socie-

193 2279 258 2312 tati
286 2289 413 2311 nomen
442 2278 557 2318 dedit;
586 2278 621 2311 in
649 2290 720 2322 qua
741 2278 919 2319 Coloniae,
947 2278 1125 2319 Dilingae‚
1154 2277 1366 2315 Florentiae,
1395 2277 1538 2317 Romae,
1566 2276 1729 2311 Venetiis
1756 2281 1821 2312 ete.
1851 2278 1970 2312 varios

193 2332 303 2365 edidit
330 2331 452 2374 libros,
480 2331 581 2365 velut
611 2331 684 2374 „De
710 2332 946 2366 hierarchicis
973 2331 1276 2365 ordinationibus*
1308 2332 1446 2374 (1569),
1477 2331 1567 2373 „Pro
1595 2330 1796 2365 Canonibus
1822 2333 1970 2376 Aposto-

193 2386 308 2420 lorum
337 2388 373 2418 et
400 2384 573 2429 Epistolis
600 2385 843 2420 decretalibus
870 2385 1106 2419 Pontifi011n1“
1141 2385 1249 2424 (1572
1286 2385 1404 2428 1573),
1440 2386 1564 2418 contra
1591 2384 1832 2428 Freyhubium
1862 2386 1970 2427 (1573

196 2438 317 2481 1578),
353 2442 478 2472 contra
516 2438 714 2482 Boquinum
754 2438 894 2481 (1578),
934 2439 1006 2481 „De
1043 2438 1277 2472 Sanctissima
1315 2438 1563 2472 Eucharistia‘
1596 2438 1705 2481 (1575
1741 2439 1859 2480 1576),
1901 2439 1971 2479 ,De

194 2493 331 2526 ratione
359 2492 641 2536 dispensationis
667 2492 840 2526 bonorum
869 2492 1228 2527 Ecclesiasticor11n1“
1263 2493 1400 2535 (1577),
1428 2492 1536 2532 alios;
1565 2504 1598 2526 v.
1620 2493 1874 2535 Sommervoyel
1901 2491 1922 2526 Ι.
1941 2505 1970 2526 c.

194 2545 280 2580 VIII
310 2546 514 2581 113—119:
544 2547 589 2580 cf.
617 2547 724 2579 etiam
755 2547 843 2580 Can.
872 2546 921 2580 ΙΙΙ
950 2546 1062 2586 5733ς
1094 2546 1140 2579 VI
1168 2545 1369 2580 683—685.

315 2600 327 2619 ³
354 2598 445 2632 Vide
471 2610 581 2643 supra
608 2611 640 2644 p.
663 2600 744 2633 572.

316 2652 410 2685 ⁴1ta
443 2651 500 2694 (ut
533 2651 737 2697 exemplum
774 2653 920 2697 ponam)
960 2652 1172 2696 Rudolphus
1199 2652 1241 2685 Il.
1278 2653 1473 2697 imperator
1510 2664 1540 2686 a.
1563 2652 1654 2686 1576
1691 2651 1892 2696 Gasparum
1929 2651 1973 2686 ab

197 2704 443 2738 Herbersdorf
473 2709 509 2738 et
535 2705 714 2739 Andream
753 2706 796 2739 de
832 2705 971 2739 Zollner
1009 2705 1148 2739 nobiles
1183 2705 1291 2739 stiros
1327 2717 1406 2739 cum
1434 2705 1592 2739 Jereinia
1625 2705 1668 2738 de
1695 2704 1916 2739 Schorndorf
1939 2706 1975 2738 et

196 2758 451 2802 Christophoro
487 2758 709 2801 Wohlzogen
746 2760 779 2793 in
808 2759 974 2792 Turciam
1003 2759 1160 2798 miserat,
1197 2762 1237 2792 ut
1266 2759 1386 2792 loanni
1422 2758 1534 2793 libero
1570 2758 1692 2792 baroni
1730 2758 1772 2791 de
1809 2757 1973 2801 Ungnad,

196 2811 257 2854 qui
284 2813 320 2844 et
346 2811 422 2854 ipse
456 2812 568 2845 stirus
594 2817 681 2853 erat,
709 2813 743 2846 in
771 2824 918 2846 munere
950 2812 1139 2845 honorario
1168 2811 1317 2845 Min-ado
1345 2812 1404 2845 HI.
1433 2812 1619 2856 imperium
1647 2812 1775 2856 adepto
1801 2810 1974 2844 tradendo

197 2865 374 2898 adessent.
428 2864 558 2899 Stiriae
590 2865 761 2900 nobilitas
796 2867 911 2899 omnis
938 2866 1013 2899 sere
1047 2876 1126 2898 cuin
1155 2865 1440 2909 protestantibus
1466 2865 1598 2898 stabat.
1651 2864 1802 2907 Ungnad
1831 2875 1860 2897 a.
1884 2863 1974 2897 1573

196 2917 400 2951 ministrum
447 2920 706 2962 protestantem
750 2918 1098 2962 Constantinopolim
1139 2929 1258 2952 secum
1300 2918 1511 2952 adduxerat.
1574 2917 1738 2952 Joachim
1777 2928 1917 2961 quoque
1954 2927 1973 2949 a

197 2970 427 3004 Sintzendorl'
456 2974 490 3004 et
518 2971 729 3014 Goggitsch,
769 2972 829 3015 qui
866 2983 897 3006 a.
928 2972 1018 3005 1578
1046 2972 1080 3004 in
1109 2971 1287 3013 Ungnadii
1323 2971 1439 3004 locuni
1476 2972 1663 3009 successit,
1699 2970 1973 3014 protestantium

197 3025 320 3067 partes
353 3023 573 3066 sequebatur
599 3027 634 3057 et
661 3025 864 3058 ministrum
891 3027 1152 3069 protestantem
1179 3035 1300 3057 secum
1329 3024 1481 3057 adduxit
1508 3024 1564 3065 (C.
1583 3025 1618 3057 J.
1641 3025 1770 3065 Hrfz’le,
1807 3022 1975 3065 Beitrfige

199 3087 262 3109 zur
290 3075 661 3118 Kirchengeschichte
688 3077 714 3118 l,
741 3077 929 3121 Tubingen
959 3078 1061 3117 1864,
1088 3077 1157 3111 446
1183 3078 1272 3117 4583
1307 3079 1382 3111 dos.
1402 3089 1430 3109 r.
1451 3078 1632 3118 Hammer,
1670 3075 1886 3110 Geschichte
1912 3074 1974 3109 des

203 3128 464 3162 Osmanischen
502 3129 655 3163 Reiches
682 3130 713 3163 11
729 3130 750 3170 ⁹,
779 3130 890 3164 Pesth
929 3130 1037 3170 1834,
1074 3130 1142 3163 455
1170 3130 1257 3169 536;
1285 3130 1492 3163 .1011.thh.
1511 3130 1719 3169 Ze'nlreisen,
1756 3127 1975 3162 Geschichte

199 3180 262 3214 des
289 3181 540 3215 osmanischen
568 3182 721 3217 Reiches
748 3183 781 3216 in
810 3183 951 3227 Europa
982 3182 1040 3223 llI,
1069 3181 1187 3216 Goth-a
1217 3182 1317 3222 1855,
1344 3182 1562 3223 560—564).
