<?xml version="1.0" encoding="UTF-8"?>
<!DOCTYPE html PUBLIC "-//W3C//DTD XHTML 1.0 Transitional//EN"
    "http://www.w3.org/TR/xhtml1/DTD/xhtml1-transitional.dtd">
<html xmlns="http://www.w3.org/1999/xhtml" xml:lang="en" lang="en">
 <head>
  <title>
</title>
<meta http-equiv="Content-Type" content="text/html;charset=utf-8" />
  <meta name='ocr-system' content='tesseract 3.04.00' />
  <meta name='ocr-capabilities' content='ocr_page ocr_carea ocr_par ocr_line ocrx_word'/>
</head>
<body>
  <div class='ocr_page' id='page_1' title='image "beatipetricanisi07cani_0508.png"; bbox 0 0 2051 3433; ppageno 0'>
   <div class='ocr_carea' id='block_1_1' title="bbox 211 180 1754 227">
    <p class='ocr_par' dir='ltr' id='par_1_1' title="bbox 211 180 1754 227">
     <span class='ocr_line' id='line_1_1' title="bbox 211 180 1754 227; baseline 0.001 -13"><span class='ocrx_word' id='word_1_1' title='bbox 211 185 295 225; x_wconf 77' lang='lat'>414</span> <span class='ocrx_word' id='word_1_2' title='bbox 438 180 538 216; x_wconf 81' lang='lat'>1986.</span> <span class='ocrx_word' id='word_1_3' title='bbox 568 180 733 216; x_wconf 84' lang='lat' dir='ltr'>Canisius</span> <span class='ocrx_word' id='word_1_4' title='bbox 760 181 943 216; x_wconf 84' lang='lat' dir='ltr'>Everardo</span> <span class='ocrx_word' id='word_1_5' title='bbox 969 181 1206 216; x_wconf 86' lang='lat' dir='ltr'>Mercuriano.</span> <span class='ocrx_word' id='word_1_6' title='bbox 1247 180 1446 226; x_wconf 88' lang='lat' dir='ltr'>Oeniponte</span> <span class='ocrx_word' id='word_1_7' title='bbox 1473 182 1504 216; x_wconf 81' lang='lat'>2.</span> <span class='ocrx_word' id='word_1_8' title='bbox 1526 180 1623 227; x_wconf 85' lang='lat' dir='ltr'><strong>Sept.</strong></span> <span class='ocrx_word' id='word_1_9' title='bbox 1653 182 1754 217; x_wconf 87' lang='lat'>1577.</span> 
     </span>
    </p>
   </div>
   <div class='ocr_carea' id='block_1_2' title="bbox 208 299 1990 1137">
    <p class='ocr_par' dir='ltr' id='par_1_2' title="bbox 208 299 1990 1137">
     <span class='ocr_line' id='line_1_2' title="bbox 210 299 1987 354; baseline 0.001 -13"><span class='ocrx_word' id='word_1_10' title='bbox 210 300 417 342; x_wconf 85' lang='lat' dir='ltr'>educatos</span> <span class='ocrx_word' id='word_1_11' title='bbox 460 300 559 341; x_wconf 91' lang='lat' dir='ltr'>boni</span> <span class='ocrx_word' id='word_1_12' title='bbox 605 299 749 342; x_wconf 86' lang='lat' dir='ltr'>Patris</span> <span class='ocrx_word' id='word_1_13' title='bbox 795 314 927 354; x_wconf 88' lang='lat' dir='ltr'>opera</span> <span class='ocrx_word' id='word_1_14' title='bbox 971 314 1056 341; x_wconf 88' lang='lat' dir='ltr'>non</span> <span class='ocrx_word' id='word_1_15' title='bbox 1102 301 1227 342; x_wconf 91' lang='lat' dir='ltr'>modo</span> <span class='ocrx_word' id='word_1_16' title='bbox 1273 303 1466 342; x_wconf 87' lang='lat' dir='ltr'>mutasse</span> <span class='ocrx_word' id='word_1_17' title='bbox 1510 301 1777 354; x_wconf 79' lang='lat' dir='ltr'>religionem,</span> <span class='ocrx_word' id='word_1_18' title='bbox 1824 301 1899 343; x_wconf 83' lang='lat' dir='ltr'>sed</span> <span class='ocrx_word' id='word_1_19' title='bbox 1941 304 1987 344; x_wconf 88' lang='lat' dir='ltr'>et</span> 
     </span>
     <span class='ocr_line' id='line_1_3' title="bbox 213 365 1985 420; baseline 0.001 -13"><span class='ocrx_word' id='word_1_20' title='bbox 213 365 480 407; x_wconf 86' lang='lat' dir='ltr'>Catholicam</span> <span class='ocrx_word' id='word_1_21' title='bbox 523 365 649 406; x_wconf 90' lang='lat' dir='ltr'>fidem</span> <span class='ocrx_word' id='word_1_22' title='bbox 689 365 811 407; x_wconf 91' lang='lat' dir='ltr'>breui</span> <span class='ocrx_word' id='word_1_23' title='bbox 852 367 1060 419; x_wconf 84' lang='lat' dir='ltr'>tempore,</span> <span class='ocrx_word' id='word_1_24' title='bbox 1104 368 1314 418; x_wconf 86' lang='lat' dir='ltr'>tantoque</span> <span class='ocrx_word' id='word_1_25' title='bbox 1347 365 1525 419; x_wconf 88' lang='lat' dir='ltr'>spiritus</span> <span class='ocrx_word' id='word_1_26' title='bbox 1557 366 1712 408; x_wconf 90' lang='lat' dir='ltr'>ardore</span> <span class='ocrx_word' id='word_1_27' title='bbox 1744 367 1985 420; x_wconf 76' lang='lat' dir='ltr'>complecti,</span> 
     </span>
     <span class='ocr_line' id='line_1_4' title="bbox 209 429 1984 484; baseline 0.002 -14"><span class='ocrx_word' id='word_1_28' title='bbox 209 432 257 471; x_wconf 92' lang='lat' dir='ltr'>ut</span> <span class='ocrx_word' id='word_1_29' title='bbox 291 429 541 472; x_wconf 77' lang='lat' dir='ltr'>insalutatis</span> <span class='ocrx_word' id='word_1_30' title='bbox 575 429 738 480; x_wconf 90' lang='lat' dir='ltr'>amicis,</span> <span class='ocrx_word' id='word_1_31' title='bbox 772 432 817 472; x_wconf 89' lang='lat' dir='ltr'>et</span> <span class='ocrx_word' id='word_1_32' title='bbox 848 430 1002 472; x_wconf 88' lang='lat' dir='ltr'>relicta</span> <span class='ocrx_word' id='word_1_33' title='bbox 1034 430 1176 484; x_wconf 87' lang='lat' dir='ltr'>patria</span> <span class='ocrx_word' id='word_1_34' title='bbox 1208 430 1293 473; x_wconf 89' lang='lat' dir='ltr'>iter</span> <span class='ocrx_word' id='word_1_35' title='bbox 1324 433 1414 472; x_wconf 90' lang='lat' dir='ltr'>tam</span> <span class='ocrx_word' id='word_1_36' title='bbox 1448 430 1727 484; x_wconf 90' lang='lat' dir='ltr'>longinquum</span> <span class='ocrx_word' id='word_1_37' title='bbox 1761 431 1984 480; x_wconf 78' lang='lat' dir='ltr'>subierint,</span> 
     </span>
     <span class='ocr_line' id='line_1_5' title="bbox 210 494 1988 549; baseline 0.001 -14"><span class='ocrx_word' id='word_1_38' title='bbox 210 508 368 547; x_wconf 91' lang='lat' dir='ltr'>magno</span> <span class='ocrx_word' id='word_1_39' title='bbox 401 495 485 536; x_wconf 92' lang='lat' dir='ltr'>iam</span> <span class='ocrx_word' id='word_1_40' title='bbox 519 495 613 536; x_wconf 88' lang='lat' dir='ltr'>zelo</span> <span class='ocrx_word' id='word_1_41' title='bbox 638 494 861 536; x_wconf 83' lang='lat' dir='ltr'>Ecclesiae</span> <span class='ocrx_word' id='word_1_42' title='bbox 885 495 1106 537; x_wconf 81' lang='lat' dir='ltr'>Romanae</span> <span class='ocrx_word' id='word_1_43' title='bbox 1139 495 1327 538; x_wconf 89' lang='lat' dir='ltr'>tuendae</span> <span class='ocrx_word' id='word_1_44' title='bbox 1359 496 1613 549; x_wconf 88' lang='lat' dir='ltr'>flagrantes,</span> <span class='ocrx_word' id='word_1_45' title='bbox 1647 509 1810 549; x_wconf 89' lang='lat' dir='ltr'>suaque</span> <span class='ocrx_word' id='word_1_46' title='bbox 1843 496 1988 538; x_wconf 88' lang='lat' dir='ltr'>studia</span> 
     </span>
     <span class='ocr_line' id='line_1_6' title="bbox 209 559 1988 613; baseline 0.002 -13"><span class='ocrx_word' id='word_1_47' title='bbox 209 559 291 601; x_wconf 90' lang='lat' dir='ltr'>huc</span> <span class='ocrx_word' id='word_1_48' title='bbox 332 559 456 601; x_wconf 88' lang='lat' dir='ltr'>unice</span> <span class='ocrx_word' id='word_1_49' title='bbox 499 560 751 613; x_wconf 85' lang='lat' dir='ltr'>dirigentes,</span> <span class='ocrx_word' id='word_1_50' title='bbox 794 562 843 602; x_wconf 86' lang='lat' dir='ltr'>ut</span> <span class='ocrx_word' id='word_1_51' title='bbox 883 560 1027 602; x_wconf 89' lang='lat' dir='ltr'>idonei</span> <span class='ocrx_word' id='word_1_52' title='bbox 1069 560 1301 613; x_wconf 86' lang='lat' dir='ltr'>aliquando</span> <span class='ocrx_word' id='word_1_53' title='bbox 1345 560 1531 603; x_wconf 89' lang='lat' dir='ltr'>ministri</span> <span class='ocrx_word' id='word_1_54' title='bbox 1572 563 1617 603; x_wconf 90' lang='lat' dir='ltr'>et</span> <span class='ocrx_word' id='word_1_55' title='bbox 1660 560 1988 603; x_wconf 80' lang='lat' dir='ltr'>concionatores</span> 
     </span>
     <span class='ocr_line' id='line_1_7' title="bbox 209 625 1988 679; baseline 0.001 -13"><span class='ocrx_word' id='word_1_56' title='bbox 209 639 305 666; x_wconf 89' lang='lat' dir='ltr'>esse</span> <span class='ocrx_word' id='word_1_57' title='bbox 344 625 514 678; x_wconf 83' lang='lat' dir='ltr'>possint</span> <span class='ocrx_word' id='word_1_58' title='bbox 554 625 597 666; x_wconf 88' lang='lat' dir='ltr'>in</span> <span class='ocrx_word' id='word_1_59' title='bbox 632 625 796 675; x_wconf 87' lang='lat' dir='ltr'>Suetia,</span> <span class='ocrx_word' id='word_1_60' title='bbox 839 626 1096 679; x_wconf 89' lang='lat' dir='ltr'>praesertim</span> <span class='ocrx_word' id='word_1_61' title='bbox 1141 626 1193 667; x_wconf 90' lang='lat' dir='ltr'>ob</span> <span class='ocrx_word' id='word_1_62' title='bbox 1226 626 1518 668; x_wconf 87' lang='lat' dir='ltr'>necessarium</span> <span class='ocrx_word' id='word_1_63' title='bbox 1560 641 1684 668; x_wconf 91' lang='lat' dir='ltr'>usum</span> <span class='ocrx_word' id='word_1_64' title='bbox 1727 626 1988 669; x_wconf 85' lang='lat' dir='ltr'>uernaculae</span> 
     </span>
     <span class='ocr_line' id='line_1_8' title="bbox 208 689 1986 743; baseline 0.001 -13"><span class='ocrx_word' id='word_1_65' title='bbox 208 689 398 743; x_wconf 76' lang='lat' dir='ltr'>linguae.</span> <span class='ocrx_word' id='word_1_66' title='bbox 463 690 673 739; x_wconf 79' lang='lat' dir='ltr'>Quocirca</span> <span class='ocrx_word' id='word_1_67' title='bbox 713 704 841 743; x_wconf 92' lang='lat' dir='ltr'>quum</span> <span class='ocrx_word' id='word_1_68' title='bbox 885 690 989 732; x_wconf 89' lang='lat' dir='ltr'>nihil</span> <span class='ocrx_word' id='word_1_69' title='bbox 1032 691 1115 733; x_wconf 87' lang='lat' dir='ltr'>nisi</span> <span class='ocrx_word' id='word_1_70' title='bbox 1147 691 1362 733; x_wconf 87' lang='lat' dir='ltr'>sincerum</span> <span class='ocrx_word' id='word_1_71' title='bbox 1397 692 1640 741; x_wconf 86' lang='lat' dir='ltr'>candorem,</span> <span class='ocrx_word' id='word_1_72' title='bbox 1683 694 1728 734; x_wconf 92' lang='lat' dir='ltr'>et</span> <span class='ocrx_word' id='word_1_73' title='bbox 1760 691 1986 734; x_wconf 87' lang='lat' dir='ltr'>candidam</span> 
     </span>
     <span class='ocr_line' id='line_1_9' title="bbox 210 755 1984 811; baseline 0.001 -15"><span class='ocrx_word' id='word_1_74' title='bbox 210 755 537 809; x_wconf 89' lang='lat' dir='ltr'>simplicitatem</span> <span class='ocrx_word' id='word_1_75' title='bbox 568 756 612 796; x_wconf 91' lang='lat' dir='ltr'>in</span> <span class='ocrx_word' id='word_1_76' title='bbox 645 755 764 797; x_wconf 85' lang='lat' dir='ltr'>hisce</span> <span class='ocrx_word' id='word_1_77' title='bbox 796 756 1002 798; x_wconf 84' lang='lat' dir='ltr'>studiosis</span> <span class='ocrx_word' id='word_1_78' title='bbox 1036 757 1469 811; x_wconf 87' lang='lat' dir='ltr'>deprehenderemus,</span> <span class='ocrx_word' id='word_1_79' title='bbox 1505 771 1611 810; x_wconf 91' lang='lat' dir='ltr'>quos</span> <span class='ocrx_word' id='word_1_80' title='bbox 1633 757 1889 799; x_wconf 84' lang='lat' dir='ltr'>mirabiliter</span> <span class='ocrx_word' id='word_1_81' title='bbox 1911 771 1984 799; x_wconf 77' lang='lat' dir='ltr'>ex—</span> 
     </span>
     <span class='ocr_line' id='line_1_10' title="bbox 210 821 1988 876; baseline 0.001 -14"><span class='ocrx_word' id='word_1_82' title='bbox 210 821 381 870; x_wconf 80' lang='lat' dir='ltr'>citasse,</span> <span class='ocrx_word' id='word_1_83' title='bbox 426 823 472 863; x_wconf 90' lang='lat' dir='ltr'>et</span> <span class='ocrx_word' id='word_1_84' title='bbox 505 821 625 862; x_wconf 92' lang='lat' dir='ltr'>uelut</span> <span class='ocrx_word' id='word_1_85' title='bbox 663 821 824 874; x_wconf 88' lang='lat' dir='ltr'>primos</span> <span class='ocrx_word' id='word_1_86' title='bbox 858 821 1058 864; x_wconf 81' lang='lat' dir='ltr'>desertae</span> <span class='ocrx_word' id='word_1_87' title='bbox 1090 822 1244 863; x_wconf 88' lang='lat' dir='ltr'>messis</span> <span class='ocrx_word' id='word_1_88' title='bbox 1276 821 1390 863; x_wconf 88' lang='lat' dir='ltr'>illius</span> <span class='ocrx_word' id='word_1_89' title='bbox 1424 822 1646 876; x_wconf 89' lang='lat' dir='ltr'>operarios</span> <span class='ocrx_word' id='word_1_90' title='bbox 1688 836 1764 876; x_wconf 89' lang='lat' dir='ltr'>per</span> <span class='ocrx_word' id='word_1_91' title='bbox 1796 822 1841 864; x_wconf 90' lang='lat' dir='ltr'>P.</span> <span class='ocrx_word' id='word_1_92' title='bbox 1875 822 1988 864; x_wconf 89' lang='lat' dir='ltr'>Lau-</span> 
     </span>
     <span class='ocr_line' id='line_1_11' title="bbox 209 886 1988 937; baseline 0.001 -10"><span class='ocrx_word' id='word_1_93' title='bbox 209 886 396 928; x_wconf 84' lang='lat' dir='ltr'>rentium</span> <span class='ocrx_word' id='word_1_94' title='bbox 431 886 554 928; x_wconf 90' lang='lat' dir='ltr'>nobis</span> <span class='ocrx_word' id='word_1_95' title='bbox 588 886 775 928; x_wconf 88' lang='lat' dir='ltr'>donasse</span> <span class='ocrx_word' id='word_1_96' title='bbox 807 886 981 928; x_wconf 90' lang='lat' dir='ltr'>uidetur</span> <span class='ocrx_word' id='word_1_97' title='bbox 1002 887 1134 937; x_wconf 87' lang='lat' dir='ltr'>Deus,</span> <span class='ocrx_word' id='word_1_98' title='bbox 1169 887 1374 929; x_wconf 89' lang='lat' dir='ltr'>maiorem</span> <span class='ocrx_word' id='word_1_99' title='bbox 1401 902 1547 930; x_wconf 86' lang='lat' dir='ltr'>curam</span> <span class='ocrx_word' id='word_1_100' title='bbox 1570 887 1655 929; x_wconf 88' lang='lat' dir='ltr'>illis</span> <span class='ocrx_word' id='word_1_101' title='bbox 1678 887 1876 929; x_wconf 90' lang='lat' dir='ltr'>iuuandis</span> <span class='ocrx_word' id='word_1_102' title='bbox 1909 887 1988 929; x_wconf 93' lang='lat' dir='ltr'>hoc</span> 
     </span>
     <span class='ocr_line' id='line_1_12' title="bbox 209 951 1987 1006; baseline 0.001 -14"><span class='ocrx_word' id='word_1_103' title='bbox 209 951 303 993; x_wconf 91' lang='lat' dir='ltr'>loco</span> <span class='ocrx_word' id='word_1_104' title='bbox 337 951 623 994; x_wconf 87' lang='lat' dir='ltr'>adhibuimus.</span> <span class='ocrx_word' id='word_1_105' title='bbox 687 951 843 1005; x_wconf 89' lang='lat' dir='ltr'>Neque</span> <span class='ocrx_word' id='word_1_106' title='bbox 877 952 1125 994; x_wconf 83' lang='lat' dir='ltr'>dubitamus</span> <span class='ocrx_word' id='word_1_107' title='bbox 1158 952 1265 1003; x_wconf 86' lang='lat' dir='ltr'>fore,</span> <span class='ocrx_word' id='word_1_108' title='bbox 1310 953 1413 1006; x_wconf 91' lang='lat' dir='ltr'>quin</span> <span class='ocrx_word' id='word_1_109' title='bbox 1446 953 1626 995; x_wconf 85' lang='lat' dir='ltr'>eandem</span> <span class='ocrx_word' id='word_1_110' title='bbox 1660 966 1833 995; x_wconf 88' lang='lat' dir='ltr'>causam</span> <span class='ocrx_word' id='word_1_111' title='bbox 1868 953 1913 994; x_wconf 91' lang='lat' dir='ltr'>P.</span> <span class='ocrx_word' id='word_1_112' title='bbox 1939 952 1987 994; x_wconf 88' lang='lat' dir='ltr'>T.</span> 
     </span>
     <span class='ocr_line' id='line_1_13' title="bbox 209 1017 1986 1068; baseline 0.001 -10"><span class='ocrx_word' id='word_1_113' title='bbox 209 1021 300 1058; x_wconf 88' lang='lat' dir='ltr'>tum</span> <span class='ocrx_word' id='word_1_114' title='bbox 324 1017 556 1059; x_wconf 76' lang='lat' dir='ltr'>Jllustriss.</span> <span class='ocrx_word' id='word_1_115' title='bbox 582 1017 778 1058; x_wconf 91' lang='lat' dir='ltr'>Dominis</span> <span class='ocrx_word' id='word_1_116' title='bbox 801 1017 1100 1059; x_wconf 84' lang='lat' dir='ltr'>Cardinalibus</span> <span class='ocrx_word' id='word_1_117' title='bbox 1123 1018 1323 1060; x_wconf 90' lang='lat' dir='ltr'>Comensi</span> <span class='ocrx_word' id='word_1_118' title='bbox 1346 1021 1390 1060; x_wconf 93' lang='lat' dir='ltr'>et</span> <span class='ocrx_word' id='word_1_119' title='bbox 1415 1018 1675 1060; x_wconf 87' lang='lat' dir='ltr'>Warmiensi</span> <span class='ocrx_word' id='word_1_120' title='bbox 1694 1021 1717 1068; x_wconf 80' lang='lat'>¹,</span> <span class='ocrx_word' id='word_1_121' title='bbox 1747 1020 1837 1060; x_wconf 91' lang='lat' dir='ltr'>tum</span> <span class='ocrx_word' id='word_1_122' title='bbox 1862 1018 1986 1060; x_wconf 85' lang='lat' dir='ltr'>Pont.</span> 
     </span>
     <span class='ocr_line' id='line_1_14' title="bbox 209 1082 1990 1137; baseline 0.001 -13"><span class='ocrx_word' id='word_1_123' title='bbox 209 1082 359 1125; x_wconf 61' lang='grc' dir='ltr'>ΜεῑΧ.2</span> <span class='ocrx_word' id='word_1_124' title='bbox 390 1082 452 1125; x_wconf 89' lang='lat' dir='ltr'>ita</span> <span class='ocrx_word' id='word_1_125' title='bbox 486 1082 543 1124; x_wconf 86' lang='lat' dir='ltr'>sit</span> <span class='ocrx_word' id='word_1_126' title='bbox 577 1082 947 1134; x_wconf 89' lang='lat' dir='ltr'>commendatura,</span> <span class='ocrx_word' id='word_1_127' title='bbox 981 1086 1030 1126; x_wconf 88' lang='lat' dir='ltr'>ut</span> <span class='ocrx_word' id='word_1_128' title='bbox 1062 1083 1199 1126; x_wconf 88' lang='lat' dir='ltr'>nostri</span> <span class='ocrx_word' id='word_1_129' title='bbox 1223 1084 1425 1137; x_wconf 89' lang='lat' dir='ltr'>Dilingae</span> <span class='ocrx_word' id='word_1_130' title='bbox 1457 1084 1650 1126; x_wconf 88' lang='lat' dir='ltr'>sentiant</span> <span class='ocrx_word' id='word_1_131' title='bbox 1682 1083 1763 1125; x_wconf 87' lang='lat' dir='ltr'>sibi</span> <span class='ocrx_word' id='word_1_132' title='bbox 1786 1097 1870 1125; x_wconf 93' lang='lat' dir='ltr'>non</span> <span class='ocrx_word' id='word_1_133' title='bbox 1894 1097 1990 1125; x_wconf 88' lang='lat' dir='ltr'>esse</span> 
     </span>
    </p>
   </div>
   <div class='ocr_carea' id='block_1_3' title="bbox 209 1147 2051 1202">
    <p class='ocr_par' dir='ltr' id='par_1_3' title="bbox 209 1147 2051 1202">
     <span class='ocr_line' id='line_1_15' title="bbox 209 1147 2051 1202; baseline 0.001 -14"><span class='ocrx_word' id='word_1_134' title='bbox 209 1147 366 1198; x_wconf 84' lang='lat' dir='ltr'>fraudi,</span> <span class='ocrx_word' id='word_1_135' title='bbox 386 1147 587 1201; x_wconf 90' lang='lat' dir='ltr'>quicquid</span> <span class='ocrx_word' id='word_1_136' title='bbox 607 1152 855 1202; x_wconf 87' lang='lat' dir='ltr'>sumptuum</span> <span class='ocrx_word' id='word_1_137' title='bbox 874 1149 917 1190; x_wconf 90' lang='lat' dir='ltr'>in</span> <span class='ocrx_word' id='word_1_138' title='bbox 935 1148 1013 1190; x_wconf 92' lang='lat' dir='ltr'>hos</span> <span class='ocrx_word' id='word_1_139' title='bbox 1032 1149 1331 1192; x_wconf 90' lang='lat' dir='ltr'>adolescentes</span> <span class='ocrx_word' id='word_1_140' title='bbox 1354 1149 1532 1191; x_wconf 87' lang='lat' dir='ltr'>alendos</span> <span class='ocrx_word' id='word_1_141' title='bbox 1551 1149 1736 1191; x_wconf 88' lang='lat' dir='ltr'>fecerint</span> <span class='ocrx_word' id='word_1_142' title='bbox 1751 1162 1806 1190; x_wconf 78' lang='lat' dir='ltr'>ex</span> <span class='ocrx_word' id='word_1_143' title='bbox 1821 1149 1866 1191; x_wconf 89' lang='lat' dir='ltr'>P.</span> <span class='ocrx_word' id='word_1_144' title='bbox 1884 1149 1988 1190; x_wconf 89' lang='lat' dir='ltr'>Pro·</span> <span class='ocrx_word' id='word_1_145' title='bbox 2050 1165 2051 1172; x_wconf 55' lang='lat'>¹</span> 
     </span>
    </p>
   </div>
   <div class='ocr_carea' id='block_1_4' title="bbox 209 1212 1994 2247">
    <p class='ocr_par' dir='ltr' id='par_1_4' title="bbox 209 1212 1993 1920">
     <span class='ocr_line' id='line_1_16' title="bbox 210 1212 1990 1268; baseline 0 -13"><span class='ocrx_word' id='word_1_146' title='bbox 210 1212 402 1255; x_wconf 89' lang='lat' dir='ltr'>uintialis</span> <span class='ocrx_word' id='word_1_147' title='bbox 435 1213 825 1256; x_wconf 88' lang='lat' dir='ltr'>commendatione.</span> <span class='ocrx_word' id='word_1_148' title='bbox 870 1213 950 1263; x_wconf 86' lang='lat' dir='ltr'>Qui</span> <span class='ocrx_word' id='word_1_149' title='bbox 973 1214 1274 1257; x_wconf 88' lang='lat' dir='ltr'>adolescentes</span> <span class='ocrx_word' id='word_1_150' title='bbox 1307 1214 1405 1257; x_wconf 91' lang='lat' dir='ltr'>hinc</span> <span class='ocrx_word' id='word_1_151' title='bbox 1433 1214 1727 1268; x_wconf 87' lang='lat' dir='ltr'>digredientes</span> <span class='ocrx_word' id='word_1_152' title='bbox 1760 1214 1887 1256; x_wconf 82' lang='lat' dir='ltr'>enixe</span> <span class='ocrx_word' id='word_1_153' title='bbox 1919 1228 1990 1255; x_wconf 91' lang='lat' dir='ltr'>ro-</span> 
     </span>
     <span class='ocr_line' id='line_1_17' title="bbox 209 1278 1990 1334; baseline 0.001 -15"><span class='ocrx_word' id='word_1_154' title='bbox 209 1282 382 1329; x_wconf 80' lang='lat' dir='ltr'>garunt,</span> <span class='ocrx_word' id='word_1_155' title='bbox 417 1281 467 1320; x_wconf 92' lang='lat' dir='ltr'>ut</span> <span class='ocrx_word' id='word_1_156' title='bbox 500 1278 606 1320; x_wconf 75' lang='lat' dir='ltr'>sibi⁸</span> <span class='ocrx_word' id='word_1_157' title='bbox 638 1279 827 1332; x_wconf 87' lang='lat' dir='ltr'>gratiam</span> <span class='ocrx_word' id='word_1_158' title='bbox 863 1279 1199 1333; x_wconf 86' lang='lat' dir='ltr'>impetraremus</span> <span class='ocrx_word' id='word_1_159' title='bbox 1234 1280 1377 1322; x_wconf 89' lang='lat' dir='ltr'>isthuc</span> <span class='ocrx_word' id='word_1_160' title='bbox 1413 1279 1498 1322; x_wconf 89' lang='lat' dir='ltr'>cito</span> <span class='ocrx_word' id='word_1_161' title='bbox 1530 1280 1842 1334; x_wconf 84' lang='lat' dir='ltr'>proficiscendi,</span> <span class='ocrx_word' id='word_1_162' title='bbox 1877 1280 1990 1332; x_wconf 90' lang='lat' dir='ltr'>quod</span> 
     </span>
     <span class='ocr_line' id='line_1_18' title="bbox 210 1343 1991 1397; baseline 0.001 -12"><span class='ocrx_word' id='word_1_163' title='bbox 210 1343 379 1397; x_wconf 88' lang='lat' dir='ltr'>ingenti</span> <span class='ocrx_word' id='word_1_164' title='bbox 414 1343 627 1386; x_wconf 89' lang='lat' dir='ltr'>desiderio</span> <span class='ocrx_word' id='word_1_165' title='bbox 660 1344 802 1386; x_wconf 87' lang='lat' dir='ltr'>almae</span> <span class='ocrx_word' id='word_1_166' title='bbox 826 1344 957 1386; x_wconf 91' lang='lat' dir='ltr'>Vrbis</span> <span class='ocrx_word' id='word_1_167' title='bbox 979 1344 1192 1387; x_wconf 89' lang='lat' dir='ltr'>uidendae</span> <span class='ocrx_word' id='word_1_168' title='bbox 1225 1348 1459 1387; x_wconf 88' lang='lat' dir='ltr'>teneantur</span> <span class='ocrx_word' id='word_1_169' title='bbox 1483 1359 1644 1396; x_wconf 86' lang='lat' dir='ltr'>omnes,</span> <span class='ocrx_word' id='word_1_170' title='bbox 1679 1347 1728 1387; x_wconf 92' lang='lat' dir='ltr'>ut</span> <span class='ocrx_word' id='word_1_171' title='bbox 1751 1347 1796 1387; x_wconf 91' lang='lat' dir='ltr'>et</span> <span class='ocrx_word' id='word_1_172' title='bbox 1817 1358 1923 1386; x_wconf 90' lang='lat' dir='ltr'>suae</span> <span class='ocrx_word' id='word_1_173' title='bbox 1946 1348 1991 1386; x_wconf 90' lang='lat' dir='ltr'>et</span> 
     </span>
     <span class='ocr_line' id='line_1_19' title="bbox 210 1409 1990 1465; baseline 0.001 -15"><span class='ocrx_word' id='word_1_174' title='bbox 210 1409 256 1452; x_wconf 92' lang='lat' dir='ltr'>P.</span> <span class='ocrx_word' id='word_1_175' title='bbox 280 1409 503 1464; x_wconf 89' lang='lat' dir='ltr'>Laurentij</span> <span class='ocrx_word' id='word_1_176' title='bbox 539 1409 838 1463; x_wconf 85' lang='lat' dir='ltr'>expectationi</span> <span class='ocrx_word' id='word_1_177' title='bbox 871 1410 1159 1454; x_wconf 86' lang='lat' dir='ltr'>satisfaciant.</span> <span class='ocrx_word' id='word_1_178' title='bbox 1225 1411 1414 1465; x_wconf 87' lang='lat' dir='ltr'>Sperant</span> <span class='ocrx_word' id='word_1_179' title='bbox 1455 1411 1586 1453; x_wconf 87' lang='lat' dir='ltr'>etiam</span> <span class='ocrx_word' id='word_1_180' title='bbox 1620 1411 1746 1454; x_wconf 88' lang='lat' dir='ltr'>Pont.</span> <span class='ocrx_word' id='word_1_181' title='bbox 1769 1411 1887 1452; x_wconf 82' lang='lat' dir='ltr'>Max,</span> <span class='ocrx_word' id='word_1_182' title='bbox 1912 1424 1990 1464; x_wconf 88' lang='lat' dir='ltr'>pro</span> 
     </span>
     <span class='ocr_line' id='line_1_20' title="bbox 210 1475 1990 1530; baseline 0.001 -15"><span class='ocrx_word' id='word_1_183' title='bbox 210 1488 380 1516; x_wconf 89' lang='lat' dir='ltr'>summa</span> <span class='ocrx_word' id='word_1_184' title='bbox 413 1475 644 1516; x_wconf 88' lang='lat' dir='ltr'>clementia</span> <span class='ocrx_word' id='word_1_185' title='bbox 677 1489 757 1516; x_wconf 88' lang='lat' dir='ltr'>sua</span> <span class='ocrx_word' id='word_1_186' title='bbox 789 1478 1040 1517; x_wconf 90' lang='lat' dir='ltr'>curaturum</span> <span class='ocrx_word' id='word_1_187' title='bbox 1074 1477 1122 1518; x_wconf 86' lang='lat' dir='ltr'>ut</span> <span class='ocrx_word' id='word_1_188' title='bbox 1154 1478 1391 1530; x_wconf 89' lang='lat' dir='ltr'>suppetant</span> <span class='ocrx_word' id='word_1_189' title='bbox 1424 1477 1622 1530; x_wconf 90' lang='lat' dir='ltr'>sumptus</span> <span class='ocrx_word' id='word_1_190' title='bbox 1652 1476 1743 1517; x_wconf 90' lang='lat' dir='ltr'>siue</span> <span class='ocrx_word' id='word_1_191' title='bbox 1774 1475 1990 1528; x_wconf 87' lang='lat' dir='ltr'>Dilingae,</span> 
     </span>
     <span class='ocr_line' id='line_1_21' title="bbox 211 1539 1991 1596; baseline 0.001 -15"><span class='ocrx_word' id='word_1_192' title='bbox 211 1539 304 1581; x_wconf 90' lang='lat' dir='ltr'>siue</span> <span class='ocrx_word' id='word_1_193' title='bbox 337 1539 392 1581; x_wconf 91' lang='lat' dir='ltr'>ad</span> <span class='ocrx_word' id='word_1_194' title='bbox 424 1539 636 1592; x_wconf 89' lang='lat' dir='ltr'>reliquum</span> <span class='ocrx_word' id='word_1_195' title='bbox 679 1540 763 1583; x_wconf 89' lang='lat' dir='ltr'>iter</span> <span class='ocrx_word' id='word_1_196' title='bbox 801 1541 1111 1583; x_wconf 88' lang='lat' dir='ltr'>conficiendum</span> <span class='ocrx_word' id='word_1_197' title='bbox 1144 1541 1250 1595; x_wconf 91' lang='lat' dir='ltr'>ipsis</span> <span class='ocrx_word' id='word_1_198' title='bbox 1282 1541 1529 1596; x_wconf 87' lang='lat' dir='ltr'>necessarij.</span> <span class='ocrx_word' id='word_1_199' title='bbox 1594 1540 1803 1594; x_wconf 85' lang='lat' dir='ltr'>Quicquid</span> <span class='ocrx_word' id='word_1_200' title='bbox 1844 1544 1991 1583; x_wconf 88' lang='lat' dir='ltr'>autem</span> 
     </span>
     <span class='ocr_line' id='line_1_22' title="bbox 210 1605 1990 1659; baseline 0.001 -13"><span class='ocrx_word' id='word_1_201' title='bbox 210 1605 292 1647; x_wconf 92' lang='lat' dir='ltr'>hac</span> <span class='ocrx_word' id='word_1_202' title='bbox 325 1605 378 1647; x_wconf 93' lang='lat' dir='ltr'>de</span> <span class='ocrx_word' id='word_1_203' title='bbox 409 1619 456 1646; x_wconf 93' lang='lat' dir='ltr'>re</span> <span class='ocrx_word' id='word_1_204' title='bbox 489 1606 714 1655; x_wconf 85' lang='lat' dir='ltr'>scribetur,</span> <span class='ocrx_word' id='word_1_205' title='bbox 751 1606 804 1647; x_wconf 88' lang='lat' dir='ltr'>ad</span> <span class='ocrx_word' id='word_1_206' title='bbox 831 1606 874 1648; x_wconf 88' lang='lat' dir='ltr'>P.</span> <span class='ocrx_word' id='word_1_207' title='bbox 900 1606 1211 1649; x_wconf 87' lang='lat' dir='ltr'>Prouintialem</span> <span class='ocrx_word' id='word_1_208' title='bbox 1244 1606 1343 1648; x_wconf 90' lang='lat' dir='ltr'>hinc</span> <span class='ocrx_word' id='word_1_209' title='bbox 1376 1606 1496 1648; x_wconf 89' lang='lat' dir='ltr'>breui</span> <span class='ocrx_word' id='word_1_210' title='bbox 1530 1607 1748 1648; x_wconf 89' lang='lat' dir='ltr'>abiturum</span> <span class='ocrx_word' id='word_1_211' title='bbox 1771 1606 1990 1659; x_wconf 90' lang='lat' dir='ltr'>Dilingam</span> 
     </span>
     <span class='ocr_line' id='line_1_23' title="bbox 212 1670 1991 1726; baseline 0.001 -15"><span class='ocrx_word' id='word_1_212' title='bbox 212 1670 340 1712; x_wconf 87' lang='lat' dir='ltr'>facile</span> <span class='ocrx_word' id='word_1_213' title='bbox 375 1670 619 1713; x_wconf 87' lang='lat' dir='ltr'>transmitti</span> <span class='ocrx_word' id='word_1_214' title='bbox 652 1671 834 1725; x_wconf 85' lang='lat' dir='ltr'>poterit:</span> <span class='ocrx_word' id='word_1_215' title='bbox 869 1685 1038 1713; x_wconf 89' lang='lat' dir='ltr'>summa</span> <span class='ocrx_word' id='word_1_216' title='bbox 1071 1671 1184 1713; x_wconf 88' lang='lat' dir='ltr'>enim</span> <span class='ocrx_word' id='word_1_217' title='bbox 1217 1672 1330 1726; x_wconf 90' lang='lat' dir='ltr'>apud</span> <span class='ocrx_word' id='word_1_218' title='bbox 1364 1672 1473 1714; x_wconf 89' lang='lat' dir='ltr'>istos</span> <span class='ocrx_word' id='word_1_219' title='bbox 1495 1671 1681 1713; x_wconf 87' lang='lat' dir='ltr'>Romani</span> <span class='ocrx_word' id='word_1_220' title='bbox 1703 1671 1901 1726; x_wconf 86' lang='lat' dir='ltr'>responsi</span> <span class='ocrx_word' id='word_1_221' title='bbox 1923 1674 1991 1713; x_wconf 85' lang='lat' dir='ltr'>est</span> 
     </span>
     <span class='ocr_line' id='line_1_24' title="bbox 213 1735 1993 1791; baseline 0 -14"><span class='ocrx_word' id='word_1_222' title='bbox 213 1735 488 1790; x_wconf 83' lang='lat' dir='ltr'>expectatio,</span> <span class='ocrx_word' id='word_1_223' title='bbox 537 1737 796 1790; x_wconf 88' lang='lat' dir='ltr'>praesertim</span> <span class='ocrx_word' id='word_1_224' title='bbox 845 1739 893 1779; x_wconf 90' lang='lat' dir='ltr'>ut</span> <span class='ocrx_word' id='word_1_225' title='bbox 939 1737 1190 1791; x_wconf 88' lang='lat' dir='ltr'>intelligant</span> <span class='ocrx_word' id='word_1_226' title='bbox 1234 1751 1281 1779; x_wconf 92' lang='lat' dir='ltr'>se</span> <span class='ocrx_word' id='word_1_227' title='bbox 1325 1737 1555 1790; x_wconf 89' lang='lat' dir='ltr'>studiaque</span> <span class='ocrx_word' id='word_1_228' title='bbox 1599 1751 1679 1779; x_wconf 89' lang='lat' dir='ltr'>sua</span> <span class='ocrx_word' id='word_1_229' title='bbox 1723 1750 1852 1778; x_wconf 91' lang='lat' dir='ltr'>curae</span> <span class='ocrx_word' id='word_1_230' title='bbox 1897 1750 1993 1778; x_wconf 89' lang='lat' dir='ltr'>esse</span> 
     </span>
     <span class='ocr_line' id='line_1_25' title="bbox 212 1801 1992 1857; baseline -0.001 -14"><span class='ocrx_word' id='word_1_231' title='bbox 212 1801 253 1844; x_wconf 98' lang='lat' dir='ltr'>S.</span> <span class='ocrx_word' id='word_1_232' title='bbox 279 1802 328 1844; x_wconf 90' lang='lat' dir='ltr'>D.</span> <span class='ocrx_word' id='word_1_233' title='bbox 355 1801 411 1845; x_wconf 89' lang='lat' dir='ltr'>N.</span> <span class='ocrx_word' id='word_1_234' title='bbox 436 1802 488 1843; x_wconf 89' lang='lat' dir='ltr'>de</span> <span class='ocrx_word' id='word_1_235' title='bbox 530 1801 652 1844; x_wconf 92' lang='lat' dir='ltr'>cuius</span> <span class='ocrx_word' id='word_1_236' title='bbox 685 1801 846 1844; x_wconf 80' lang='lat' dir='ltr'>eximia</span> <span class='ocrx_word' id='word_1_237' title='bbox 887 1802 1151 1845; x_wconf 87' lang='lat' dir='ltr'>liberalitate</span> <span class='ocrx_word' id='word_1_238' title='bbox 1185 1817 1269 1844; x_wconf 90' lang='lat' dir='ltr'>non</span> <span class='ocrx_word' id='word_1_239' title='bbox 1302 1817 1454 1857; x_wconf 86' lang='lat' dir='ltr'>parum</span> <span class='ocrx_word' id='word_1_240' title='bbox 1468 1802 1495 1853; x_wconf 76' lang='lat'>¹²,</span> <span class='ocrx_word' id='word_1_241' title='bbox 1538 1802 1623 1844; x_wconf 93' lang='lat' dir='ltr'>imo</span> <span class='ocrx_word' id='word_1_242' title='bbox 1657 1804 1701 1844; x_wconf 90' lang='lat' dir='ltr'>et</span> <span class='ocrx_word' id='word_1_243' title='bbox 1734 1801 1880 1844; x_wconf 84' lang='lat' dir='ltr'>omnia</span> <span class='ocrx_word' id='word_1_244' title='bbox 1911 1801 1992 1843; x_wconf 87' lang='lat' dir='ltr'>sibi</span> 
     </span>
     <span class='ocr_line' id='line_1_26' title="bbox 211 1866 483 1920; baseline 0.007 -13"><span class='ocrx_word' id='word_1_245' title='bbox 211 1866 483 1920; x_wconf 88' lang='lat' dir='ltr'>pollicentur.</span> 
     </span>
    </p>

    <p class='ocr_par' dir='ltr' id='par_1_5' title="bbox 211 1931 1994 2247">
     <span class='ocr_line' id='line_1_27' title="bbox 331 1931 1990 1984; baseline 0.001 -11"><span class='ocrx_word' id='word_1_246' title='bbox 331 1932 381 1974; x_wconf 88' lang='lat' dir='ltr'>R.</span> <span class='ocrx_word' id='word_1_247' title='bbox 414 1932 461 1974; x_wconf 88' lang='lat' dir='ltr'>P.</span> <span class='ocrx_word' id='word_1_248' title='bbox 496 1931 670 1974; x_wconf 86' lang='lat' dir='ltr'>Natalis</span> <span class='ocrx_word' id='word_1_249' title='bbox 711 1936 814 1975; x_wconf 89' lang='lat' dir='ltr'>ante</span> <span class='ocrx_word' id='word_1_250' title='bbox 856 1932 1032 1975; x_wconf 90' lang='lat' dir='ltr'>biduum</span> <span class='ocrx_word' id='word_1_251' title='bbox 1074 1933 1286 1984; x_wconf 88' lang='lat' dir='ltr'>discessit,</span> <span class='ocrx_word' id='word_1_252' title='bbox 1331 1933 1556 1975; x_wconf 89' lang='lat' dir='ltr'>commoda</span> <span class='ocrx_word' id='word_1_253' title='bbox 1597 1933 1754 1975; x_wconf 88' lang='lat' dir='ltr'>lectica</span> <span class='ocrx_word' id='word_1_254' title='bbox 1794 1934 1990 1975; x_wconf 43' lang='lat' dir='ltr'>uectus&amp;</span> 
     </span>
     <span class='ocr_line' id='line_1_28' title="bbox 213 1997 1992 2052; baseline 0 -14"><span class='ocrx_word' id='word_1_255' title='bbox 213 1997 307 2050; x_wconf 86' lang='lat' dir='ltr'>Ego</span> <span class='ocrx_word' id='word_1_256' title='bbox 340 1997 439 2039; x_wconf 90' lang='lat' dir='ltr'>hinc</span> <span class='ocrx_word' id='word_1_257' title='bbox 471 2012 557 2039; x_wconf 86' lang='lat' dir='ltr'>una</span> <span class='ocrx_word' id='word_1_258' title='bbox 591 2011 687 2039; x_wconf 90' lang='lat' dir='ltr'>cum</span> <span class='ocrx_word' id='word_1_259' title='bbox 710 1997 757 2042; x_wconf 92' lang='lat' dir='ltr'>P.</span> <span class='ocrx_word' id='word_1_260' title='bbox 782 1998 1051 2041; x_wconf 87' lang='lat' dir='ltr'>Prouintiale</span> <span class='ocrx_word' id='word_1_261' title='bbox 1074 1998 1309 2052; x_wconf 90' lang='lat' dir='ltr'>Dilingam,</span> <span class='ocrx_word' id='word_1_262' title='bbox 1344 2001 1393 2041; x_wconf 88' lang='lat' dir='ltr'>ut</span> <span class='ocrx_word' id='word_1_263' title='bbox 1425 1998 1531 2040; x_wconf 92' lang='lat' dir='ltr'>illud</span> <span class='ocrx_word' id='word_1_264' title='bbox 1564 2012 1735 2051; x_wconf 88' lang='lat' dir='ltr'>quoque</span> <span class='ocrx_word' id='word_1_265' title='bbox 1763 1997 1992 2051; x_wconf 90' lang='lat' dir='ltr'>collegium</span> 
     </span>
     <span class='ocr_line' id='line_1_29' title="bbox 211 2062 1994 2118; baseline 0 -14"><span class='ocrx_word' id='word_1_266' title='bbox 211 2062 344 2105; x_wconf 90' lang='lat' dir='ltr'>tertio</span> <span class='ocrx_word' id='word_1_267' title='bbox 385 2063 480 2104; x_wconf 93' lang='lat' dir='ltr'>loco</span> <span class='ocrx_word' id='word_1_268' title='bbox 522 2063 747 2114; x_wconf 88' lang='lat' dir='ltr'>uisitetur,</span> <span class='ocrx_word' id='word_1_269' title='bbox 791 2064 827 2105; x_wconf 91' lang='lat' dir='ltr'>si</span> <span class='ocrx_word' id='word_1_270' title='bbox 868 2064 1078 2106; x_wconf 87' lang='lat' dir='ltr'>Dominus</span> <span class='ocrx_word' id='word_1_271' title='bbox 1121 2063 1301 2114; x_wconf 86' lang='lat' dir='ltr'>fauerit,</span> <span class='ocrx_word' id='word_1_272' title='bbox 1344 2064 1613 2118; x_wconf 88' lang='lat' dir='ltr'>proficiscar,</span> <span class='ocrx_word' id='word_1_273' title='bbox 1656 2077 1811 2116; x_wconf 92' lang='lat' dir='ltr'>meque</span> <span class='ocrx_word' id='word_1_274' title='bbox 1852 2065 1994 2105; x_wconf 87' lang='lat' dir='ltr'>totum</span> 
     </span>
     <span class='ocr_line' id='line_1_30' title="bbox 213 2127 1994 2183; baseline 0.001 -15"><span class='ocrx_word' id='word_1_275' title='bbox 213 2127 259 2171; x_wconf 88' lang='lat' dir='ltr'>P.</span> <span class='ocrx_word' id='word_1_276' title='bbox 284 2128 332 2170; x_wconf 87' lang='grc' dir='ltr'>Τ.</span> <span class='ocrx_word' id='word_1_277' title='bbox 357 2128 583 2183; x_wconf 85' lang='lat' dir='ltr'>sacrificijs</span> <span class='ocrx_word' id='word_1_278' title='bbox 626 2129 912 2182; x_wconf 87' lang='lat' dir='ltr'>precibusque</span> <span class='ocrx_word' id='word_1_279' title='bbox 952 2129 996 2171; x_wconf 88' lang='lat' dir='ltr'>in</span> <span class='ocrx_word' id='word_1_280' title='bbox 1029 2128 1200 2171; x_wconf 88' lang='lat' dir='ltr'>Christo</span> <span class='ocrx_word' id='word_1_281' title='bbox 1242 2132 1496 2172; x_wconf 89' lang='lat' dir='ltr'>reuerenter</span> <span class='ocrx_word' id='word_1_282' title='bbox 1534 2128 1799 2171; x_wconf 84' lang='lat' dir='ltr'>commendo,</span> <span class='ocrx_word' id='word_1_283' title='bbox 1865 2127 1994 2170; x_wconf 89' lang='lat' dir='ltr'>Oeni-</span> 
     </span>
     <span class='ocr_line' id='line_1_31' title="bbox 211 2193 857 2247; baseline 0.002 -12"><span class='ocrx_word' id='word_1_284' title='bbox 211 2193 332 2247; x_wconf 90' lang='lat' dir='ltr'>ponti</span> <span class='ocrx_word' id='word_1_285' title='bbox 367 2195 391 2234; x_wconf 84' lang='lat'><strong>2</strong></span> <span class='ocrx_word' id='word_1_286' title='bbox 425 2193 694 2247; x_wconf 84' lang='lat' dir='ltr'>Septembris</span> <span class='ocrx_word' id='word_1_287' title='bbox 731 2196 857 2237; x_wconf 83' lang='lat'>1577.</span> 
     </span>
    </p>
   </div>
   <div class='ocr_carea' id='block_1_5' title="bbox 1000 2254 1698 2365">
    <p class='ocr_par' dir='ltr' id='par_1_6' title="bbox 1000 2254 1698 2365">
     <span class='ocr_line' id='line_1_32' title="bbox 1000 2254 1200 2297; baseline 0.01 -2"><span class='ocrx_word' id='word_1_288' title='bbox 1000 2254 1051 2297; x_wconf 87' lang='lat' dir='ltr'>R.</span> <span class='ocrx_word' id='word_1_289' title='bbox 1076 2254 1122 2297; x_wconf 92' lang='lat' dir='ltr'>P.</span> <span class='ocrx_word' id='word_1_290' title='bbox 1148 2254 1200 2297; x_wconf 84' lang='lat' dir='ltr'>V.</span> 
     </span>
     <span class='ocr_line' id='line_1_33' title="bbox 1337 2312 1698 2365; baseline 0 -11"><span class='ocrx_word' id='word_1_291' title='bbox 1337 2312 1553 2365; x_wconf 83' lang='lat' dir='ltr'>Jndignus</span> <span class='ocrx_word' id='word_1_292' title='bbox 1585 2312 1698 2354; x_wconf 88' lang='lat' dir='ltr'>filius</span> 
     </span>
    </p>
   </div>
   <div class='ocr_carea' id='block_1_6' title="bbox 1167 2377 1870 2431">
    <p class='ocr_par' dir='ltr' id='par_1_7' title="bbox 1167 2377 1870 2431">
     <span class='ocr_line' id='line_1_34' title="bbox 1167 2377 1870 2431; baseline -0.001 -12"><span class='ocrx_word' id='word_1_293' title='bbox 1167 2378 1261 2422; x_wconf 83' lang='lat' dir='ltr'>Pet.</span> <span class='ocrx_word' id='word_1_294' title='bbox 1287 2378 1483 2420; x_wconf 86' lang='lat' dir='ltr'>Canisius</span> <span class='ocrx_word' id='word_1_295' title='bbox 1517 2377 1694 2431; x_wconf 89' lang='lat' dir='ltr'>propria</span> <span class='ocrx_word' id='word_1_296' title='bbox 1726 2391 1870 2419; x_wconf 90' lang='lat' dir='ltr'>manu.</span> 
     </span>
    </p>
   </div>
   <div class='ocr_carea' id='block_1_7' title="bbox 215 2453 1994 2573">
    <p class='ocr_par' dir='ltr' id='par_1_8' title="bbox 215 2453 1994 2573">
     <span class='ocr_line' id='line_1_35' title="bbox 330 2453 1994 2503; baseline -0.001 -8"><span class='ocrx_word' id='word_1_297' title='bbox 330 2453 577 2496; x_wconf 91' lang='lat' dir='ltr'>Admodum</span> <span class='ocrx_word' id='word_1_298' title='bbox 610 2454 866 2496; x_wconf 90' lang='lat' dir='ltr'>Reuerendo</span> <span class='ocrx_word' id='word_1_299' title='bbox 907 2455 952 2496; x_wconf 88' lang='lat' dir='ltr'>in</span> <span class='ocrx_word' id='word_1_300' title='bbox 985 2454 1155 2497; x_wconf 88' lang='lat' dir='ltr'>Christo</span> <span class='ocrx_word' id='word_1_301' title='bbox 1190 2455 1311 2497; x_wconf 88' lang='lat' dir='ltr'>Patri</span> <span class='ocrx_word' id='word_1_302' title='bbox 1344 2457 1508 2503; x_wconf 88' lang='lat' dir='ltr'>nostro,</span> <span class='ocrx_word' id='word_1_303' title='bbox 1550 2454 1595 2496; x_wconf 92' lang='lat' dir='ltr'>P.</span> <span class='ocrx_word' id='word_1_304' title='bbox 1621 2453 1845 2495; x_wconf 84' lang='lat' dir='ltr'>Euerardo</span> <span class='ocrx_word' id='word_1_305' title='bbox 1878 2453 1994 2494; x_wconf 87' lang='lat' dir='ltr'>Mer-</span> 
     </span>
     <span class='ocr_line' id='line_1_36' title="bbox 215 2518 1664 2573; baseline 0 -13"><span class='ocrx_word' id='word_1_306' title='bbox 215 2518 392 2561; x_wconf 89' lang='lat' dir='ltr'>curiano</span> <span class='ocrx_word' id='word_1_307' title='bbox 427 2519 682 2573; x_wconf 86' lang='lat' dir='ltr'>Praeposito</span> <span class='ocrx_word' id='word_1_308' title='bbox 716 2519 914 2573; x_wconf 86' lang='lat' dir='ltr'>generali</span> <span class='ocrx_word' id='word_1_309' title='bbox 946 2519 1179 2562; x_wconf 87' lang='lat' dir='ltr'>Societatis</span> <span class='ocrx_word' id='word_1_310' title='bbox 1211 2520 1358 2563; x_wconf 87' lang='lat' dir='ltr'>IESV.</span> <span class='ocrx_word' id='word_1_311' title='bbox 1484 2520 1664 2561; x_wconf 89' lang='lat' dir='ltr'>Romae.</span> 
     </span>
    </p>
   </div>
   <div class='ocr_carea' id='block_1_8' title="bbox 211 2598 1995 2911">
    <p class='ocr_par' dir='ltr' id='par_1_9' title="bbox 211 2598 1995 2911">
     <span class='ocr_line' id='line_1_37' title="bbox 331 2598 1994 2645; baseline -0.001 -11"><span class='ocrx_word' id='word_1_312' title='bbox 331 2600 490 2634; x_wconf 80' lang='lat' dir='ltr'>Litterae</span> <span class='ocrx_word' id='word_1_313' title='bbox 526 2600 653 2634; x_wconf 86' lang='lat' dir='ltr'>horum</span> <span class='ocrx_word' id='word_1_314' title='bbox 689 2612 755 2635; x_wconf 81' lang='lat' dir='ltr'>sex</span> <span class='ocrx_word' id='word_1_315' title='bbox 782 2601 1066 2635; x_wconf 87' lang='lat' dir='ltr'>adulescentium</span> <span class='ocrx_word' id='word_1_316' title='bbox 1103 2612 1303 2642; x_wconf 85' lang='lat' dir='ltr'>suecorum,</span> <span class='ocrx_word' id='word_1_317' title='bbox 1341 2612 1432 2645; x_wconf 83' lang='lat' dir='ltr'>quas</span> <span class='ocrx_word' id='word_1_318' title='bbox 1460 2600 1637 2639; x_wconf 84' lang='lat' dir='ltr'>Canisius,</span> <span class='ocrx_word' id='word_1_319' title='bbox 1674 2602 1715 2634; x_wconf 89' lang='lat' dir='ltr'>ut</span> <span class='ocrx_word' id='word_1_320' title='bbox 1749 2600 1825 2644; x_wconf 86' lang='lat' dir='ltr'>ipse</span> <span class='ocrx_word' id='word_1_321' title='bbox 1857 2598 1994 2639; x_wconf 79' lang='lat' dir='ltr'>scribit,</span> 
     </span>
     <span class='ocr_line' id='line_1_38' title="bbox 211 2653 1994 2699; baseline -0.001 -12"><span class='ocrx_word' id='word_1_322' title='bbox 211 2653 389 2698; x_wconf 81' lang='lat' dir='ltr'>epistulae</span> <span class='ocrx_word' id='word_1_323' title='bbox 415 2665 502 2688; x_wconf 86' lang='lat' dir='ltr'>suae</span> <span class='ocrx_word' id='word_1_324' title='bbox 521 2654 697 2696; x_wconf 86' lang='lat' dir='ltr'>adiunxit,</span> <span class='ocrx_word' id='word_1_325' title='bbox 724 2655 882 2688; x_wconf 88' lang='lat' dir='ltr'>omnium</span> <span class='ocrx_word' id='word_1_326' title='bbox 901 2655 1044 2688; x_wconf 90' lang='lat' dir='ltr'>nomine</span> <span class='ocrx_word' id='word_1_327' title='bbox 1064 2653 1265 2699; x_wconf 90' lang='lat' dir='ltr'>Oeniponte</span> <span class='ocrx_word' id='word_1_328' title='bbox 1292 2655 1347 2688; x_wconf 83' lang='lat'>31.</span> <span class='ocrx_word' id='word_1_329' title='bbox 1369 2654 1525 2697; x_wconf 84' lang='lat' dir='ltr'>Augusti</span> <span class='ocrx_word' id='word_1_330' title='bbox 1556 2655 1645 2688; x_wconf 82' lang='grc'><strong>1577</strong></span> <span class='ocrx_word' id='word_1_331' title='bbox 1664 2653 1708 2688; x_wconf 84' lang='lat' dir='ltr'>ad</span> <span class='ocrx_word' id='word_1_332' title='bbox 1728 2653 1994 2686; x_wconf 82' lang='lat' dir='ltr'>Mercurianum</span> 
     </span>
     <span class='ocr_line' id='line_1_39' title="bbox 214 2705 1995 2752; baseline -0.001 -12"><span class='ocrx_word' id='word_1_333' title='bbox 214 2707 320 2741; x_wconf 87' lang='lat' dir='ltr'>datae</span> <span class='ocrx_word' id='word_1_334' title='bbox 347 2709 433 2740; x_wconf 88' lang='lat' dir='ltr'>sunt</span> <span class='ocrx_word' id='word_1_335' title='bbox 459 2718 480 2741; x_wconf 85' lang='lat' dir='ltr'>a</span> <span class='ocrx_word' id='word_1_336' title='bbox 511 2707 639 2749; x_wconf 82' lang='lat' dir='ltr'>„Petro</span> <span class='ocrx_word' id='word_1_337' title='bbox 666 2707 803 2742; x_wconf 86' lang='lat' dir='ltr'>Brasch</span> <span class='ocrx_word' id='word_1_338' title='bbox 832 2707 949 2743; x_wconf 78' lang='lat' dir='ltr'>Gotho</span> <span class='ocrx_word' id='word_1_339' title='bbox 976 2709 1118 2742; x_wconf 87' lang='lat' dir='ltr'>Annor:</span> <span class='ocrx_word' id='word_1_340' title='bbox 1149 2708 1234 2747; x_wconf 80' lang='lat'>19“;</span> <span class='ocrx_word' id='word_1_341' title='bbox 1263 2708 1336 2752; x_wconf 89' lang='lat' dir='ltr'>qui,</span> <span class='ocrx_word' id='word_1_342' title='bbox 1363 2709 1404 2741; x_wconf 91' lang='lat' dir='ltr'>ut</span> <span class='ocrx_word' id='word_1_343' title='bbox 1429 2707 1507 2752; x_wconf 83' lang='lat' dir='ltr'>ipse</span> <span class='ocrx_word' id='word_1_344' title='bbox 1533 2707 1630 2748; x_wconf 86' lang='lat' dir='ltr'>dicit,</span> <span class='ocrx_word' id='word_1_345' title='bbox 1673 2719 1714 2749; x_wconf 86' lang='lat' dir='ltr'>„a</span> <span class='ocrx_word' id='word_1_346' title='bbox 1742 2707 1781 2740; x_wconf 92' lang='lat' dir='ltr'>P.</span> <span class='ocrx_word' id='word_1_347' title='bbox 1802 2705 1995 2740; x_wconf 83' lang='lat' dir='ltr'>Laurentio</span> 
     </span>
     <span class='ocr_line' id='line_1_40' title="bbox 212 2759 1995 2805; baseline -0.001 -11"><span class='ocrx_word' id='word_1_348' title='bbox 212 2759 314 2794; x_wconf 89' lang='lat' dir='ltr'>uelut</span> <span class='ocrx_word' id='word_1_349' title='bbox 342 2761 549 2804; x_wconf 82' lang='lat' dir='ltr'>praefectus</span> <span class='ocrx_word' id='word_1_350' title='bbox 568 2761 727 2805; x_wconf 82' lang='lat' dir='ltr'>quinque</span> <span class='ocrx_word' id='word_1_351' title='bbox 753 2762 931 2799; x_wconf 82' lang='lat' dir='ltr'>sociorum</span> <span class='ocrx_word' id='word_1_352' title='bbox 960 2761 1180 2795; x_wconf 78' lang='lat' dir='ltr'>constitutus</span> <span class='ocrx_word' id='word_1_353' title='bbox 1207 2761 1315 2800; x_wconf 81' lang='lat' dir='ltr'>fuit“;</span> <span class='ocrx_word' id='word_1_354' title='bbox 1347 2760 1383 2794; x_wconf 90' lang='lat' dir='ltr'>hi</span> <span class='ocrx_word' id='word_1_355' title='bbox 1411 2763 1543 2800; x_wconf 82' lang='lat' dir='ltr'>autem,</span> <span class='ocrx_word' id='word_1_356' title='bbox 1570 2763 1612 2794; x_wconf 89' lang='lat' dir='ltr'>ut</span> <span class='ocrx_word' id='word_1_357' title='bbox 1638 2772 1683 2794; x_wconf 81' lang='lat' dir='ltr'>ex</span> <span class='ocrx_word' id='word_1_358' title='bbox 1710 2760 1835 2794; x_wconf 86' lang='lat' dir='ltr'>iisdem</span> <span class='ocrx_word' id='word_1_359' title='bbox 1863 2759 1995 2793; x_wconf 86' lang='lat' dir='ltr'>litteris</span> 
     </span>
     <span class='ocr_line' id='line_1_41' title="bbox 212 2813 1994 2857; baseline -0.001 -10"><span class='ocrx_word' id='word_1_360' title='bbox 212 2813 450 2857; x_wconf 87' lang='lat' dir='ltr'>intellegitur,</span> <span class='ocrx_word' id='word_1_361' title='bbox 490 2818 594 2848; x_wconf 83' lang='lat' dir='ltr'>erant</span> <span class='ocrx_word' id='word_1_362' title='bbox 636 2814 840 2856; x_wconf 83' lang='lat' dir='ltr'>„Johannes</span> <span class='ocrx_word' id='word_1_363' title='bbox 880 2815 996 2854; x_wconf 78' lang='lat' dir='ltr'>Bult“‚</span> <span class='ocrx_word' id='word_1_364' title='bbox 1033 2826 1206 2848; x_wconf 85' lang='lat' dir='ltr'>annorum</span> <span class='ocrx_word' id='word_1_365' title='bbox 1250 2815 1312 2854; x_wconf 86' lang='lat'>19;</span> <span class='ocrx_word' id='word_1_366' title='bbox 1354 2814 1479 2855; x_wconf 77' lang='lat' dir='ltr'>„Ionas</span> <span class='ocrx_word' id='word_1_367' title='bbox 1518 2814 1635 2847; x_wconf 85' lang='lat' dir='ltr'>Pet1·i“</span> <span class='ocrx_word' id='word_1_368' title='bbox 1678 2813 1899 2855; x_wconf 85' lang='lat' dir='ltr'>(Peterson),</span> <span class='ocrx_word' id='word_1_369' title='bbox 1934 2823 1994 2846; x_wconf 83' lang='lat' dir='ltr'>au-</span> 
     </span>
     <span class='ocr_line' id='line_1_42' title="bbox 212 2864 1993 2911; baseline -0.001 -11"><span class='ocrx_word' id='word_1_370' title='bbox 212 2878 338 2900; x_wconf 87' lang='lat' dir='ltr'>norum</span> <span class='ocrx_word' id='word_1_371' title='bbox 368 2867 429 2907; x_wconf 90' lang='lat'>16;</span> <span class='ocrx_word' id='word_1_372' title='bbox 463 2867 610 2909; x_wconf 67' lang='lat' dir='ltr'>„Eric-us</span> <span class='ocrx_word' id='word_1_373' title='bbox 632 2866 748 2901; x_wconf 84' lang='lat' dir='ltr'>Petri“</span> <span class='ocrx_word' id='word_1_374' title='bbox 783 2867 1004 2911; x_wconf 85' lang='lat' dir='ltr'>(Peterson),</span> <span class='ocrx_word' id='word_1_375' title='bbox 1032 2879 1206 2901; x_wconf 80' lang='lat' dir='ltr'>annorum</span> <span class='ocrx_word' id='word_1_376' title='bbox 1234 2867 1294 2906; x_wconf 80' lang='lat'>24;</span> <span class='ocrx_word' id='word_1_377' title='bbox 1337 2867 1575 2910; x_wconf 76' lang='lat' dir='ltr'>„Laurentius</span> <span class='ocrx_word' id='word_1_378' title='bbox 1604 2865 1776 2910; x_wconf 69' lang='grc' dir='ltr'>[ΕτίοἰἽο</span> <span class='ocrx_word' id='word_1_379' title='bbox 1805 2864 1993 2908; x_wconf 77' lang='lat' dir='ltr'>(Erikson)</span> 
     </span>
    </p>
   </div>
   <div class='ocr_carea' id='block_1_9' title="bbox 210 2946 1994 3020">
    <p class='ocr_par' dir='ltr' id='par_1_10' title="bbox 210 2946 1994 3020">
     <span class='ocr_line' id='line_1_43' title="bbox 331 2946 1994 2981; baseline -0.002 -10"><span class='ocrx_word' id='word_1_380' title='bbox 331 2948 358 2978; x_wconf 88' lang='lat' dir='ltr'>a)</span> <span class='ocrx_word' id='word_1_381' title='bbox 381 2949 441 2972; x_wconf 83' lang='lat' dir='ltr'>Hoc</span> <span class='ocrx_word' id='word_1_382' title='bbox 463 2956 484 2972; x_wconf 76' lang='grc' dir='ltr'>ι’.</span> <span class='ocrx_word' id='word_1_383' title='bbox 500 2956 593 2979; x_wconf 67' lang='lat' dir='ltr'>supra</span> <span class='ocrx_word' id='word_1_384' title='bbox 616 2956 728 2973; x_wconf 75' lang='lat' dir='ltr'>versum</span> <span class='ocrx_word' id='word_1_385' title='bbox 751 2950 894 2981; x_wconf 69' lang='lat' dir='ltr'>scriptum</span> <span class='ocrx_word' id='word_1_386' title='bbox 914 2953 964 2974; x_wconf 74' lang='lat' dir='ltr'>est.</span> <span class='ocrx_word' id='word_1_387' title='bbox 1034 2948 1064 2980; x_wconf 90' lang='lat' dir='ltr'>b)</span> <span class='ocrx_word' id='word_1_388' title='bbox 1086 2949 1226 2980; x_wconf 70' lang='lat' dir='ltr'>Sequitur</span> <span class='ocrx_word' id='word_1_389' title='bbox 1246 2947 1314 2978; x_wconf 86' lang='lat' dir='ltr'>sibi,</span> <span class='ocrx_word' id='word_1_390' title='bbox 1335 2949 1425 2973; x_wconf 71' lang='lat' dir='ltr'>amm.</span> <span class='ocrx_word' id='word_1_391' title='bbox 1501 2949 1527 2979; x_wconf 88' lang='lat' dir='ltr'>c)</span> <span class='ocrx_word' id='word_1_392' title='bbox 1549 2949 1610 2973; x_wconf 71' lang='lat'><em>110«-</em></span> <span class='ocrx_word' id='word_1_393' title='bbox 1630 2955 1742 2975; x_wconf 77' lang='lat' dir='ltr'>nomen.</span> <span class='ocrx_word' id='word_1_394' title='bbox 1761 2946 1836 2978; x_wconf 72' lang='lat' dir='ltr'>qnod</span> <span class='ocrx_word' id='word_1_395' title='bbox 1857 2954 1893 2970; x_wconf 69' lang='lat' dir='ltr'>ex</span> <span class='ocrx_word' id='word_1_396' title='bbox 1913 2949 1994 2969; x_wconf 72' lang='lat' dir='ltr'>ancra-</span> 
     </span>
     <span class='ocr_line' id='line_1_44' title="bbox 210 2990 940 3020; baseline 0.003 -7"><span class='ocrx_word' id='word_1_397' title='bbox 210 2990 323 3020; x_wconf 56' lang='lat' dir='ltr'>‚rmapho</span> <span class='ocrx_word' id='word_1_398' title='bbox 342 2991 406 3019; x_wconf 77' lang='lat' dir='ltr'>fere</span> <span class='ocrx_word' id='word_1_399' title='bbox 427 2991 556 3020; x_wconf 67' lang='lat' dir='ltr'>evanuit,</span> <span class='ocrx_word' id='word_1_400' title='bbox 575 2991 711 3020; x_wconf 70' lang='lat' dir='ltr'>suppleri</span> <span class='ocrx_word' id='word_1_401' title='bbox 731 2999 767 3015; x_wconf 57' lang='lat' dir='ltr'>eat</span> <span class='ocrx_word' id='word_1_402' title='bbox 790 2991 940 3016; x_wconf 74' lang='lat' dir='ltr'>Tliei&#39;nero.</span> 
     </span>
    </p>
   </div>
   <div class='ocr_carea' id='block_1_10' title="bbox 337 3077 1636 3121">
    <p class='ocr_par' dir='ltr' id='par_1_11' title="bbox 337 3077 1636 3121">
     <span class='ocr_line' id='line_1_45' title="bbox 337 3077 1636 3121; baseline 0.002 -11"><span class='ocrx_word' id='word_1_403' title='bbox 337 3078 344 3096; x_wconf 89' lang='lat'><strong>¹</strong></span> <span class='ocrx_word' id='word_1_404' title='bbox 373 3077 579 3111; x_wconf 78' lang='lat' dir='ltr'>Ptolemaeo</span> <span class='ocrx_word' id='word_1_405' title='bbox 608 3077 725 3112; x_wconf 83' lang='lat' dir='ltr'>Gallio</span> <span class='ocrx_word' id='word_1_406' title='bbox 752 3081 787 3112; x_wconf 90' lang='lat' dir='ltr'>et</span> <span class='ocrx_word' id='word_1_407' title='bbox 814 3078 996 3113; x_wconf 84' lang='lat' dir='ltr'>Stanislao</span> <span class='ocrx_word' id='word_1_408' title='bbox 1023 3078 1144 3112; x_wconf 92' lang='lat' dir='ltr'>Hosio.</span> <span class='ocrx_word' id='word_1_409' title='bbox 1294 3078 1306 3098; x_wconf 77' lang='lat'><strong>²</strong></span> <span class='ocrx_word' id='word_1_410' title='bbox 1334 3078 1510 3121; x_wconf 86' lang='lat' dir='ltr'>Gregorio</span> <span class='ocrx_word' id='word_1_411' title='bbox 1538 3077 1636 3112; x_wconf 87' lang='lat' dir='ltr'>Xlll.</span> 
     </span>
    </p>
   </div>
   <div class='ocr_carea' id='block_1_11' title="bbox 212 3128 1993 3227">
    <p class='ocr_par' dir='ltr' id='par_1_12' title="bbox 212 3128 1993 3227">
     <span class='ocr_line' id='line_1_46' title="bbox 333 3128 1993 3175; baseline -0.001 -11"><span class='ocrx_word' id='word_1_412' title='bbox 333 3131 345 3150; x_wconf 80' lang='lat'>³</span> <span class='ocrx_word' id='word_1_413' title='bbox 371 3130 410 3164; x_wconf 88' lang='lat' dir='ltr'>In</span> <span class='ocrx_word' id='word_1_414' title='bbox 438 3130 568 3165; x_wconf 81' lang='lat' dir='ltr'>lectica</span> <span class='ocrx_word' id='word_1_415' title='bbox 587 3131 766 3166; x_wconf 80' lang='lat' dir='ltr'>Veronam</span> <span class='ocrx_word' id='word_1_416' title='bbox 795 3143 908 3175; x_wconf 89' lang='lat' dir='ltr'>usque</span> <span class='ocrx_word' id='word_1_417' title='bbox 934 3132 1053 3171; x_wconf 85' lang='lat' dir='ltr'>venit;</span> <span class='ocrx_word' id='word_1_418' title='bbox 1081 3131 1175 3165; x_wconf 91' lang='lat' dir='ltr'>unde</span> <span class='ocrx_word' id='word_1_419' title='bbox 1193 3131 1366 3165; x_wconf 80' lang='lat' dir='ltr'>venetias</span> <span class='ocrx_word' id='word_1_420' title='bbox 1394 3131 1542 3165; x_wconf 84' lang='lat' dir='ltr'>advenit</span> <span class='ocrx_word' id='word_1_421' title='bbox 1570 3131 1623 3165; x_wconf 84' lang='lat'>13.</span> <span class='ocrx_word' id='word_1_422' title='bbox 1644 3128 1866 3174; x_wconf 82' lang='lat' dir='ltr'>Septembris</span> <span class='ocrx_word' id='word_1_423' title='bbox 1887 3128 1993 3173; x_wconf 75' lang='lat' dir='ltr'>(Epp.</span> 
     </span>
     <span class='ocr_line' id='line_1_47' title="bbox 212 3183 536 3227; baseline 0.006 -11"><span class='ocrx_word' id='word_1_424' title='bbox 212 3184 334 3216; x_wconf 79' lang='lat' dir='ltr'>Nadal</span> <span class='ocrx_word' id='word_1_425' title='bbox 360 3183 410 3217; x_wconf 86' lang='lat'>111</span> <span class='ocrx_word' id='word_1_426' title='bbox 438 3184 536 3227; x_wconf 83' lang='lat'>749).</span> 
     </span>
    </p>
   </div>
  </div>
 </body>
</html>
