2051 3433
204 153 288 194 316
432 149 536 186 1940.
565 148 731 184 Canisius
758 149 942 184 Everardo
968 149 1204 184 Mercuriano.
1249 149 1449 194 Oeniponte
1476 150 1508 184 2.
1527 150 1629 185 Febr.
1657 151 1760 186 1576.

204 267 415 318 Rectoris,
460 268 531 322 qui
565 269 678 322 apud
710 268 957 310 nonnulllos
990 265 1284 323 suspectae[⁸]
1321 267 1508 310 habetur
1538 268 1891 320 incontinentiae,
1935 272 1981 313 et

203 332 461 388 praesertim
495 333 666 388 quando
700 333 755 375 ad
787 334 947 375 multos
979 334 1088 376 haec
1119 333 1239 375 fama
1271 333 1484 387 peruenit,
1525 335 1570 375 et
1601 333 1727 387 signa
1766 334 1980 387 quaedam

204 402 373 450 extant,
407 413 518 453 quae
552 412 710 452 graues
743 399 873 441 etiam
908 398 1025 440 uiros
1057 400 1276 440 moueant.
1321 397 1415 448 Qua
1438 398 1490 440 de
1512 412 1559 440 re
1582 398 1771 441 monitus
1803 399 1850 441 P.
1875 399 1980 441 Pro-

203 464 408 515 uintiahs,
443 465 478 506 si
511 464 614 505 nihil
648 463 870 516 hucusque
903 463 1091 518 scripsit,
1125 462 1315 505 fortasse
1347 463 1626 517 respondebit
1658 464 1859 507 clarius1.

323 529 582 571 Commendo
628 543 696 571 me
740 528 972 582 plurimum
1017 528 1240 583 sacrificijs
1289 531 1333 571 et
1380 528 1579 582 precibus
1624 528 1672 571 P.
1695 529 1743 571 T.
1778 531 1823 571 et
1866 528 1985 570 illius

204 594 547 637 benedictionem
582 596 756 648 exopto,
781 596 848 636 rut
878 593 959 635 hoc
1001 607 1113 635 anno
1146 593 1382 647 plaeraque
1423 593 1467 634 in
1508 607 1603 635 meo
1636 594 1809 635 Mariali
1851 607 1985 648 opere

203 660 364 714 possim
388 660 626 702 absoluere.
660 658 870 701 Dominus
888 659 915 700 J
919 673 1018 700 esus
1036 659 1082 701 P.
1101 658 1149 701 T.
1171 662 1214 701 et
1233 659 1279 701 P.
1299 659 1570 701 Assistentes
1593 672 1741 700 omnes
1764 659 1836 701 diu
1858 659 1985 702 nobis

205 726 447 774 conseruet,
492 724 616 778 cupio
650 727 694 766 et
725 723 897 765 illorum
939 723 1140 778 precibus
1173 723 1287 778 apud
1325 723 1543 765 dominum
1577 723 1786 767 adiuuari.
1851 723 1986 766 Oeni-

204 790 326 844 ponti
361 792 385 831 2
420 789 642 843 Februarij
681 790 808 832 1576.

1061 847 1279 901 Jndignus
1315 847 1430 890 filius
1461 848 1619 890 Petrus
1651 847 1861 890 Canisius.

326 931 354 983 †
387 931 629 973 Admodum
654 931 911 973 Reuerendo
941 930 985 972 in
1008 930 1177 972 Christo
1201 930 1321 985 Patrj
1356 932 1505 973 nostro
1540 931 1583 974 P.
1609 930 1833 973 Euerardo
1866 930 1983 972 Mer-

205 996 382 1039 curiano
415 996 671 1051 Praeposito
706 996 906 1038 Generali
940 995 1173 1038 Societatis
1205 996 1360 1039 JESV.
1483 995 1661 1039 Romae.

325 1089 438 1123 Paulo
465 1089 643 1134 copiosius
662 1088 889 1134 explicentur
916 1090 1058 1134 oportet
1084 1100 1136 1130 ea,
1164 1100 1255 1132 quae
1284 1088 1449 1123 Canisius
1476 1088 1512 1122 in
1537 1088 1594 1123 his
1620 1088 1752 1123 litteris
1780 1089 1822 1122 de
1853 1100 1986 1131 „causa

205 1143 245 1177 P.
265 1142 409 1177 Toledi“
440 1145 475 1177 et
505 1143 705 1187 „Principis
732 1142 911 1184 Ernesti“‚
949 1142 1014 1176 filii
1040 1142 1180 1176 Alberti
1208 1142 1250 1176 V.
1271 1142 1372 1176 ducis
1399 1143 1576 1176 Bavariae
1611 1144 1720 1186 atque
1756 1142 1983 1176 administra-

205 1196 294 1230 toris
321 1196 538 1231 dioecesium
571 1197 800 1240 frisingensis
827 1199 863 1230 et
888 1196 1128 1237 hildesiensis,
1156 1198 1289 1230 narrat.
1325 1196 1437 1230 Nocte
1465 1196 1533 1230 diei
1553 1196 1608 1230 31.
1628 1196 1709 1230 Iulii
1739 1196 1827 1229 1575
1847 1195 1982 1230 Romae

205 1250 382 1284 Ernestus
409 1250 501 1284 clam
528 1263 547 1284 e
565 1250 720 1285 cubiculi
738 1250 793 1284 sui
820 1249 981 1284 fenestra
1007 1251 1051 1284 ad
1070 1251 1298 1285 meretricem
1317 1250 1503 1284 descendit
1528 1261 1591 1294 per
1610 1249 1744 1284 scalam
1772 1261 1817 1283 ex
1835 1249 1986 1284 funibus

205 1303 359 1343 factam;
397 1315 504 1347 quam
540 1315 619 1337 cum
655 1303 797 1338 rediens
842 1303 995 1337 vidisset
1030 1315 1109 1338 esse
1143 1307 1332 1343 resectam,
1368 1303 1491 1337 eadem
1518 1304 1623 1337 nocte
1649 1315 1694 1337 ex
1720 1302 1807 1336 urbe
1842 1302 1984 1346 aufugit

208 1356 357 1400 (Lossen
386 1356 409 1390 l.
428 1368 458 1391 c.
487 1357 694 1397 346—350;
724 1358 936 1401 Schellhass,
964 1357 1114 1399 Quellen
1140 1370 1174 1392 u.
1202 1357 1458 1400 Forschungen
1485 1356 1515 1390 X
1542 1356 1760 1399 325—364).
1811 1356 1982 1391 Pontifex

207 1413 327 1445 autem
355 1411 522 1444 iuvenem
550 1423 571 1445 a
598 1411 748 1445 Camillo
777 1411 952 1456 Capilupo
983 1410 1202 1445 cubiculario
1237 1412 1420 1455 repertum
1456 1411 1610 1455 primum
1638 1409 1800 1444 Caietam
1830 1410 1981 1454 (Gaeta)

208 1465 252 1498 ad
280 1464 498 1499 cardinalem
529 1464 764 1499 Granvellam
791 1466 842 1499 ire
869 1465 985 1506 iussit,
1014 1465 1141 1499 deinde
1167 1464 1318 1498 Romam
1343 1464 1585 1498 reducendum
1614 1464 1774 1504 curavit;
1802 1464 1896 1498 unde
1921 1464 1982 1498 Er-

206 1520 333 1552 nestus
360 1530 405 1552 ex
431 1518 612 1563 pontificis
638 1520 675 1552 et
709 1519 822 1563 patris
848 1518 1037 1552 voluntate
1063 1530 1109 1552 m.
1129 1517 1318 1552 Decembri
1347 1518 1436 1552 1575
1473 1518 1508 1551 in
1536 1517 1728 1551 Bavariam
1755 1529 1884 1552 versus
1913 1517 1987 1552 dis—

207 1572 327 1606 cessit.
378 1572 501 1615 Fugae
527 1571 625 1606 illius
652 1584 796 1606 causam
833 1574 869 1606 et
895 1572 1072 1606 Ernestus
1098 1574 1134 1606 et
1170 1571 1364 1605 cardinalis
1390 1571 1582 1606 Zacharias
1608 1570 1808 1615 Delphinus
1835 1573 1871 1605 et
1898 1570 1984 1606 Gre-

206 1626 329 1670 gorius
354 1625 452 1661 XIII.
480 1638 526 1660 ex
551 1627 662 1660 nimia
688 1627 885 1660 severitate
911 1626 1134 1671 repetebant,
1171 1637 1241 1670 qua
1266 1626 1432 1660 Andreas
1457 1625 1645 1660 Fabricius
1681 1627 1717 1659 et
1740 1625 1987 1670 Hieronymus

207 1680 250 1714 de
285 1679 409 1713 Portia
444 1679 588 1714 Ernesti
625 1683 878 1725 praeceptores
916 1681 951 1714 in
988 1691 1069 1714 eum
1107 1680 1164 1714 usi
1200 1682 1332 1713 essent.
1383 1679 1569 1714 Fabricius
1603 1691 1689 1713 vero
1722 1681 1758 1713 et
1789 1679 1912 1723 aliqua
1938 1691 1982 1713 ex

206 1735 309 1777 parte
336 1733 460 1767 Portia
487 1745 629 1777 quoque
656 1734 797 1778 culpam
834 1734 870 1767 in
900 1733 1161 1776 indulgentiam
1188 1733 1228 1768 P.
1247 1733 1429 1768 Francisci
1456 1732 1571 1767 Toleti
1598 1733 1632 1768 S.
1651 1733 1684 1767 J.
1703 1732 1984 1773 transferebant,

210 1798 317 1831 quem
344 1787 508 1831 pontifex
526 1786 688 1828 Ernesto,
714 1790 756 1821 ut
773 1787 804 1821 is
823 1787 1019 1832 episcopali
1045 1786 1164 1821 officio
1179 1787 1462 1821 administrando
1481 1788 1752 1826 maturesceret,
1778 1785 1982 1820 litterarum

206 1851 390 1875 sacrarum
436 1842 472 1874 et
505 1841 652 1886 pietatis
687 1841 957 1875 ecclesiasticae
993 1840 1140 1874 dederat
1179 1840 1394 1883 magistrum
1435 1842 1679 1884 (Giampe'etro
1717 1841 1842 1882 Maffei
1879 1839 1913 1874 S.
1946 1840 1983 1875 J.
2047 1838 2051 1876 Ξ

205 1893 338 1932 Annali
374 1894 409 1928 di
436 1893 609 1938 Gregorio
636 1894 733 1929 XIII.
761 1895 786 1937 I,
822 1894 936 1928 Roma
966 1894 1077 1934 1742,
1114 1894 1323 1935 203-206;
1361 1894 1572 1937 Schellhass,
1608 1893 1717 1928 Nunt.
1738 1893 1782 1934 V,
1820 1893 1887 1927 122
1916 1894 1981 1928 127
2050 1903 2051 1906 ’

207 1948 275 1982 140
304 1948 386 1988 142;
427 1949 570 1982 Βιέεἷεν
603 1948 625 1982 l.
655 1959 684 1982 c.
713 1949 764 1983 IV
790 1948 1008 1989 611-614).
1060 1947 1116 1981 Ita
1157 1947 1350 1982 Monachio
1388 1948 1446 1982 21.
1475 1947 1697 1992 Septembris
1726 1947 1815 1981 1575
1843 1947 1882 1982 P.
1912 1949 1989 1981 Do·
2049 1975 2051 2000 J

205 2002 360 2035 minimas
385 2003 577 2046 Menyc'nus
602 2002 746 2045 collegii
772 2004 890 2036 rector
915 2002 1142 2035 Mercuriano
1161 2002 1366 2046 praeposito
1393 2001 1554 2045 generali
1581 2001 1623 2034 de
1650 2000 1794 2034 Andrea
1821 2000 1991 2035 Fabricio

206 2055 368 2100 scripsit:
400 2055 665 2098 „Vehementer
683 2056 831 2090 nimium
851 2055 976 2089 multis
995 2054 1110 2088 modis
1129 2055 1291 2089 diffamat
1318 2056 1356 2090 P.
1376 2055 1553 2096 Toletum,
1581 2054 1674 2098 quod
1693 2054 1771 2099 ipse
1789 2055 1837 2088 sit
1855 2055 1986 2088 vnicus

206 2108 336 2142 author
361 2111 544 2143 tantorum
570 2109 791 2152 flagitiorum
820 2108 1134 2149 Reuerendissimi,
1163 2112 1198 2142 et
1224 2109 1454 2142 infamiarum
1480 2108 1592 2142 totius
1619 2108 1825 2152 prouinciae
1852 2110 1984 2143 etc....

208 2163 355 2197 Vtinam
383 2162 502 2206 aliquo
528 2163 663 2207 scripto
689 2162 748 2197 hic
766 2162 913 2207 purgari
940 2165 1063 2207 posset
1088 2162 1128 2197 P.
1148 2161 1307 2203 Toletus,
1336 2162 1444 2195 etiam
1464 2163 1610 2206 propter
1635 2173 1764 2195 nomen
1783 2161 1987 2203 Societatis,
2050 2154 2051 2159 ¹

206 2227 314 2260 quam
341 2216 372 2250 si
399 2219 558 2251 amasset
583 2216 717 2251 Doctor
743 2217 918 2258 Andreas,
954 2216 1060 2250 aliter
1094 2216 1250 2259 egisset“
1282 2215 1345 2259 (ex
1371 2218 1532 2258 autogr.;
1573 2215 1693 2250 Germ.
1726 2216 1790 2250 136
1817 2216 1841 2250 f.
1863 2215 1929 2250 183
1940 2216 1984 2258 ⁸).

210 2272 261 2304 Ac
288 2269 540 2304 Mercurianus
576 2270 718 2314 quidem
751 2270 917 2304 Toletum
953 2281 1108 2314 purgare
1147 2272 1298 2304 conatus
1333 2271 1388 2303 est
1424 2269 1518 2314 apud
1553 2269 1739 2302 Albertmn
1765 2268 1808 2304 V.
1836 2269 1987 2310 ducem;
2048 2262 2051 2267 ¹

207 2335 332 2357 verum
360 2323 417 2357 hic
448 2323 638 2358 Monachio
665 2324 696 2357 2.
716 2323 926 2358 Decembris
948 2324 1038 2357 1575
1065 2324 1097 2357 ei
1122 2323 1223 2365 haec,
1250 2326 1394 2368 praetor
1422 2323 1503 2364 alia,
1531 2322 1574 2357 de
1600 2322 1725 2356 Toleto
1752 2321 1988 2367 *responditt

211 2377 286 2419 „Ab
314 2388 355 2410 eo
381 2377 507 2411 statim
532 2383 694 2422 tempore
729 2389 799 2422 quo
826 2388 907 2411 sese
933 2377 964 2412 is
1002 2377 1075 2411 filio
1101 2379 1225 2411 nostro
1252 2376 1430 2417 adiunxit,
1466 2376 1488 2421 ij
1516 2387 1606 2420 quos
1642 2387 1712 2409 non
1739 2376 1876 2410 incerto
1903 2387 1984 2410 con-

207 2430 288 2464 silio
314 2433 387 2464 tam
416 2430 450 2465 S.
470 2431 512 2466 D.
531 2431 574 2466 N.
594 2442 757 2465 summus
777 2431 959 2472 Pontifex,
987 2442 1093 2475 quam
1121 2443 1186 2464 nos
1213 2430 1282 2475 ipsi
1309 2430 1522 2464 dederamus
1549 2429 1820 2473 gubernatores,
1848 2430 1987 2474 absque
2040 2432 2042 2434 ’

208 2484 326 2518 officio
354 2487 390 2518 et
416 2496 502 2519 cura
528 2484 603 2519 fere
622 2485 727 2525 omni,
756 2486 854 2518 certe
873 2484 1010 2528 absque
1029 2485 1123 2518 omni
1144 2486 1326 2529 potestate
1345 2486 1381 2517 et
1399 2484 1616 2517 auctoritate
1635 2494 1713 2517 esse
1733 2485 1963 2528 caeperunt..
1976 2510 1984 2518 .

208 2537 371 2571 uidemus
387 2565 394 2573 .
407 2564 414 2572 .
427 2564 434 2571 .
454 2538 636 2572 sublatam
655 2538 799 2583 penitus
817 2538 862 2572 ab
879 2538 958 2572 istis
978 2537 1131 2572 cubiculi
1148 2537 1361 2577 custodiam,
1380 2536 1518 2581 filijque
1533 2536 1721 2580 desiderijs
1740 2539 1876 2570 temere
1894 2537 1985 2572 satis

209 2591 461 2625 concreditam.
479 2619 485 2625 .
502 2618 510 2626 .
525 2618 533 2626 .
561 2590 630 2636 [Ad
650 2590 830 2635 Toletum]
849 2592 966 2635 magis
985 2591 1190 2636 pertinebat
1204 2590 1446 2624 temeritatem
1462 2590 1568 2623 istam
1588 2590 1780 2624 iuuenilem
1799 2590 1844 2624 ad
1863 2592 1987 2624 nostra

209 2643 342 2688 placita
368 2644 556 2688 solumque
583 2645 731 2679 virtutis
756 2645 916 2679 studium
942 2644 1127 2678 inflectere
1153 2646 1189 2678 et
1214 2643 1442 2689 persuadere,
1479 2655 1587 2687 quam
1613 2643 1797 2688 obsequijs
1823 2646 1859 2677 et
1888 2643 1986 2677 blan-

209 2697 309 2742 ditijs
333 2700 448 2732 totam
474 2698 542 2732 sibi
569 2699 630 2732 vni
658 2709 796 2743 capere,
824 2701 934 2742 atque
960 2698 1011 2732 ita
1031 2697 1210 2742 propriam
1237 2699 1357 2731 facere
1385 2698 1424 2730 ut
1450 2700 1594 2741 praeter
1620 2697 1696 2731 eius
1723 2696 1858 2730 nullam
1878 2695 1985 2730 aliam

209 2754 423 2794 agnosceret
461 2753 713 2786 autoritatem“
760 2752 821 2794 (ex
860 2751 1069 2796 archetypo,
1109 2751 1250 2785 Alberti
1287 2762 1396 2784 manu
1423 2751 1638 2795 subscripto.
1703 2750 1794 2794 Epp.
1827 2749 1911 2784 Ext.
1940 2749 1984 2784 27

210 2804 234 2838 f.
264 2804 467 2848 540—55b).
527 2805 700 2839 Similiter
738 2806 906 2839 Albertus
941 2805 974 2840 3.
1011 2804 1222 2839 Decembris
1264 2805 1353 2838 1575
1392 2803 1552 2849 pontifici
1591 2804 1749 2848 scripsit.
1812 2802 1984 2837 Attamen

330 2887 357 2917 a)
379 2887 418 2916 C„
436 2890 517 2917 puto,
547 2888 675 2912 scribere
695 2888 805 2912 volebat
826 2891 877 2912 aut
898 2885 1059 2920 suspectae
1084 2885 1216 2913 habetur
1240 2885 1458 2917 continentiae,
1486 2889 1536 2910 ait!
1557 2886 1600 2915 (id
1620 2886 1695 2917 qnod
1717 2885 1788 2910 milui
1808 2885 1901 2915 mimis
1916 2891 1987 2916 pro-

210 2929 310 2955 batur)
332 2929 494 2960 suspectus
515 2927 647 2954 habetur
665 2928 914 2955 incontinentiae.

334 3040 344 3060 ¹
371 3041 546 3082 Hoffaeecs
570 3041 804 3085 provincialis
822 3041 1048 3076 Mercuriano
1073 3041 1125 3075 sic
1152 3040 1195 3074 de
1214 3040 1428 3075 Wendelino
1446 3040 1564 3075 Volck
1590 3041 1730 3074 rectore
1748 3038 1987 3083 oenipontano

211 3093 425 3137 *respondit
442 3094 612 3135 Augusta
637 3095 693 3130 30.
713 3095 804 3129 Iunii
834 3096 945 3131 1576:
977 3094 1114 3137 ,Debet
1138 3093 1253 3129 bonus
1271 3093 1403 3129 Rector
1429 3093 1563 3128 multas
1589 3092 1789 3128 calumnias
1815 3091 1985 3125 innocens

212 3146 326 3180 fe1·re“
360 3146 420 3189 (ex
447 3152 606 3190 autogr.;
635 3148 756 3183 Germ.
779 3149 844 3184 137
872 3149 896 3184 f.
918 3148 1031 3192 152⁸).
