2062 3443
800 132 856 167 21.
877 131 1084 166 Decembris
1114 131 1213 166 1580.
1802 133 1885 174 869

118 249 317 284 animarum
343 252 520 293 gererent,
547 252 686 284 vestem
713 249 873 289 talarem,
909 247 1068 293 pallium,
1099 247 1249 291 „pileum
1276 247 1569 288 sace1·dotalem“‚
1597 259 1686 291 quae
1713 247 1805 292 nigri
1833 259 1887 282 co-

119 302 205 337 loris
241 305 372 344 essent,
409 305 606 346 gestantes.
650 302 782 337 Eodem
819 302 874 336 die
910 313 972 346 per
999 301 1140 335 litteras
1168 300 1313 334 Petrum
1341 300 1531 346 Schnewly
1559 301 1800 346 praepositum
1828 301 1887 335 fri-

119 356 333 400 burgensem
375 358 630 398 „correctorem
666 358 702 390 et
729 355 972 390 visitatorem“
1004 365 1125 388 eorum
1152 354 1339 388 constituit
1365 365 1518 398 eumque
1544 354 1699 389 monuit:
1736 354 1772 389 Si
1800 355 1888 388 bene

118 420 158 444 se
183 412 360 452 gererent,
396 413 432 443 et
457 420 578 443 eorum
615 409 787 443 beneficia
821 408 1032 452 exiguorum
1059 409 1181 442 essent
1206 407 1395 448 redituum,
1432 418 1537 452 posse
1575 408 1690 452 ipsum
1717 419 1761 441 ex
1788 408 1889 442 bonis

120 462 365 497 marsensibus
391 462 527 507 aliquid
554 463 606 497 eis
625 462 765 497 addere.
808 461 921 496 Simul
939 472 1018 495 eum
1039 460 1081 494 de
1107 460 1222 494 tribus
1240 459 1322 501 illis,
1351 471 1439 504 quos
1457 460 1492 494 in
1511 461 1726 494 monasterio
1745 472 1889 495 manere

118 515 269 556 sinebat,
297 516 434 549 monuit
453 515 550 559 (nam
577 514 701 549 horum
722 526 862 559 quoque
881 513 1071 558 Schnewly
1090 515 1167 547 erat
1185 513 1448 558 praepositus):
1477 512 1638 554 curaret,
1665 516 1705 547 ut
1727 513 1888 557 regulam

120 568 364 608 observarent,
402 568 516 603 sacris
543 571 785 614 operarentur,
821 567 988 602 mulieres
1014 587 1058 592 —
1086 568 1229 611 praeter
1265 566 1424 600 vetulam
1461 566 1571 607 illam,
1607 577 1712 610 quam
1750 566 1889 600 culinae

120 621 238 666 gratia
273 621 316 656 iis
343 621 581 656 concessisset
608 641 651 645 —
678 621 843 665 ingressu
879 620 1085 655 monasterii
1120 619 1360 664 prohiberent,
1397 619 1555 654 contenti
1582 622 1704 653 essent
1732 619 1890 663 pecuniis

120 674 344 718 caeterisque
379 675 496 715 rebus,
532 686 623 719 quas
658 675 747 719 ipsis
782 674 1029 709 sustentandis
1063 674 1288 716 assignasset
1326 673 1588 716 (constituerat,
1625 675 1665 706 ut
1699 671 1891 716 quotannis

121 728 167 764 50
192 728 361 768 coronati,
392 739 541 772 quorum
567 727 699 772 singuli
728 729 748 761 5
774 728 927 762 florenos
963 727 1209 770 friburgenses
1234 729 1442 770 aequarent,
1468 725 1621 769 singulis
1648 725 1829 768 darentur,
1856 726 1891 759 et

121 783 308 827 praeterea
334 780 377 815 25
406 782 564 816 coronati
600 793 662 826 pro
690 780 823 815 famulo
849 784 886 815 et
919 781 1018 825 ligna
1043 780 1247 814 necessaria
1274 781 1316 814 iis
1342 779 1613 823 tribuerentur),
1640 779 1747 813 rebus
1773 789 1890 813 mona-

121 835 221 870 sterii
248 834 299 868 ita
325 836 521 875 uterentur,
548 836 589 868 ut
607 846 668 868 eas
688 833 840 878 collegii,
867 846 934 868 non
953 845 1039 868 suas
1063 845 1141 868 esse
1168 832 1426 867 meminissent.
1463 833 1594 867 Parum
1614 844 1699 866 vero
1718 831 1769 866 illi
1787 831 1890 866 satis-

122 888 304 923 faciebant
331 888 593 933 exspectationi
613 889 820 929 Bo›1hom¹'i;
848 887 907 932 qui
927 887 1101 931 Friburgo
1129 886 1184 921 29.
1205 886 1412 921 Decembris
1435 886 1524 921 1580
1550 886 1594 920 iis
1621 886 1785 930 scripsit:
1813 884 1890 919 Non

122 943 199 977 sine
226 941 346 976 dolore
373 941 493 975 audivi
517 941 578 983 „de
597 941 730 975 vestris
756 941 922 976 inanibus
948 941 1114 985 querelis,
1142 940 1256 984 deque
1282 939 1429 974 nimium
1456 939 1541 974 laxa
1567 939 1710 974 viuendi
1736 938 1891 979 licentia,

123 1007 164 1030 ac
190 995 401 1041 praesertim
421 995 464 1029 de
483 994 669 1029 ebrietatis
688 1005 807 1036 coeno,
835 1005 904 1038 quo
923 1006 987 1029 vos
1006 994 1118 1028 ferme
1137 993 1295 1038 quotidie
1314 994 1570 1038 inquinamini“
1593 993 1655 1036 (ex
1674 991 1893 1038 apographis

123 1049 236 1084 eiusd.
254 1049 327 1083 fere
346 1051 475 1093 temp.;
497 1047 581 1082 cod.
601 1059 686 1082 rom.
708 1047 767 1089 ‚D.
785 1047 815 1081 II
835 1048 898 1082 36⁸
929 1059 961 1093 p.
982 1047 1168 1082 521-527
1195 1047 1284 1088 553;
1313 1048 1355 1089 cf.
1376 1047 1541 1081 Berthser
1567 1046 1588 1080 1.
1608 1058 1637 1081 c.
1658 1045 1828 1089 60—62).
