2062 3443
305 130 406 165 1776.
434 129 472 164 P.
501 129 742 174 Hieronymus
767 128 908 163 Natalis
935 128 1089 163 canisio.
1140 128 1252 163 Roma
1278 129 1334 164 23.
1355 129 1538 164 Februarii
1569 131 1669 165 1:372.
1818 135 1868 175 15

106 247 386 302 interpellari,
429 260 555 300 quem
598 246 717 288 adire
758 260 841 288 non
876 246 932 289 sit
972 245 1112 297 facile,
1153 246 1256 289 licet
1297 247 1464 289 minora
1506 262 1746 302 proponere
1791 250 1869 291 ali-

107 314 276 366 quando
309 326 527 365 cogamur.

223 377 404 431 Agimus
437 376 541 419 loeti
573 376 741 430 gratias
773 376 971 426 Domino,
1006 376 1077 430 qui
1115 376 1156 419 P.
1181 376 1235 419 N.
1263 378 1549 419 Generalem¹
1580 378 1623 419 in
1657 379 1870 433 Hispania

106 457 187 484 non
229 442 355 484 modo
397 455 564 490 sanum,
607 441 683 483 sed
716 444 760 484 et
801 441 970 483 felicem
1012 444 1162 483 seruat
1203 441 1244 483 in
1287 442 1476 497 negotijs
1509 443 1730 485 Ecclesiae
1769 458 1870 486 con-

103 507 304 549 ficiendis.
362 507 532 549 Reddat
563 506 683 548 illum
717 506 914 548 dominus
946 507 1202 548 incolumem
1228 506 1363 548 Gallis
1396 510 1440 549 et
1464 508 1703 555 Germanis,
1737 508 1774 550 si
1797 523 1871 551 eos

102 573 144 614 in
167 572 307 614 reditu
330 572 487 615 statuit
508 572 707 622 inuisere,
732 573 780 614 ut
802 571 971 614 fecerat
994 572 1036 613 P.
1059 572 1231 626 Laynez
1254 572 1352 614 foel.
1378 587 1504 614 mem.
1530 587 1626 614 cum
1649 588 1672 615 e
1694 574 1871 616 Lutetia

102 640 399 680 reuerteretur
412 638 441 680 2.

222 702 458 744 Cathenam
485 702 528 744 Ρ.
555 702 841 752 Emanuelis³,
876 702 1095 744 Summam
1128 702 1172 744 P.
1198 702 1349 744 Toledi
1383 706 1428 745 et
1460 703 1615 744 librum
1650 704 1702 745 (le
1734 704 1870 758 Japo-

101 767 225 809 nibus
258 770 540 821 expectamus
553 768 581 810 3.
628 767 710 809 Hic
743 767 931 808 nondum
964 767 1091 821 plane
1122 767 1357 809 liberamur
1378 771 1524 810 terrae
1547 771 1680 811 motu.
1727 769 1871 822 Roget

101 846 178 887 pro
212 833 334 874 nobis
366 832 417 875 R.
442 833 490 876 T.
527 831 758 882 dominum,
802 834 850 874 ut
883 846 979 874 cum
1021 832 1165 874 fructu
1209 833 1508 875 contionemur
1550 833 1591 874 in
1626 833 1706 875 hac
1740 834 1870 876 Oeni-

100 900 292 952 pontana
309 911 449 940 messe
465 911 543 952 per
560 897 945 951 Quadragesimam
959 898 988 948 ⁴,
1005 899 1048 939 et
1066 898 1229 940 salutet
1246 912 1406 951 quaeso
1426 898 1475 940 R.
1494 899 1538 941 P.
1558 899 1826 942 Assistentes
1840 901 1868 949 ⁵,

101 963 252 1016 quibus
268 976 336 1004 me
354 964 607 1005 reuerenter
622 963 664 1004 in
679 962 848 1004 Christo
864 963 1129 1006 commendo.
1159 962 1390 1017 Oeniponti
1406 963 1502 1006 Kal.
1519 963 1723 1007 Februar.
1744 966 1868 1007 1572.

1402 1093 1516 1135 filius
1548 1094 1751 1148 indignus

1434 1159 1481 1202 P.
1515 1159 1724 1202 Canisius.

217 1229 244 1279 ἦ·
285 1228 527 1271 Admodum
561 1229 817 1271 Reuerendo
859 1230 902 1271 in
943 1229 1112 1272 Christo
1155 1229 1272 1284 patri
1315 1232 1478 1281 nostro,
1524 1230 1569 1273 P.
1600 1230 1868 1285 Hieronymo

99 1293 263 1344 Natali,
287 1294 467 1337 Doctori
490 1294 711 1348 Theologo
734 1298 778 1338 et
797 1293 1014 1350 [Vica]rio
1037 1294 1235 1349 generali
1255 1295 1486 1337 Societatis
1509 1295 1693 1337 nominis
1711 1296 1866 1340 JESU.

1570 1361 1746 1404 Romae.

217 1416 358 1451 Natalis
385 1417 527 1452 Canisio
554 1418 738 1463 respondit
767 1419 820 1453 19.
841 1418 976 1463 Aprilis
1005 1419 1106 1452 1572.

99 1528 250 1565 1776.
350 1529 410 1565 P.
437 1528 895 1566 HIERONYMI'S
931 1528 1233 1566 NATALIS
1275 1530 1432 1565 vicarius
1464 1530 1647 1575 generalis
1678 1531 1869 1565 Societatis

288 1584 368 1618 lesu
396 1583 596 1619 CANISIO.
1284 1584 1394 1618 Roma
1423 1584 1478 1618 23.
1507 1584 1690 1618 Februarii
1719 1584 1820 1619 1572.

218 1653 273 1688 Ex
308 1654 514 1699 apographo
552 1655 663 1690 eiusd.
691 1657 816 1700 temp.;
854 1655 888 1689 in
925 1655 1097 1699 margine,
1133 1655 1258 1690 eadem
1284 1667 1412 1690 manu:
1452 1655 1514 1698 „R
1540 1655 1662 1689 Pietro
1689 1654 1863 1689 Canisio.“

100 1706 217 1742 Germ.
240 1707 306 1743 109
332 1708 357 1742 f.
377 1708 559 1743 58b—59fl.

216 1779 453 1813 Arehirlncmn
489 1782 653 1813 comitari
682 1781 826 1814 Canisio
861 1781 962 1822 lice&
996 1783 1059 1824 qne?
1083 1783 1115 1814 sc*
1142 1782 1178 1813 id
1213 1781 1400 1824 deprecari
1431 1783 1572 1823 poterit,
1608 1781 1866 1823 deprecabitur.

56 1875 57 1878 Ἴ
101 1833 239 1866 Οαηίείί
264 1835 425 1876 scriptio.
473 1835 521 1867 He
548 1834 620 1877 5⁰l0
651 1834 930 1868 Commendonus
955 1839 985 1867 et
1016 1835 1154 1868 Toletns
1179 1835 1356 1876 definient.
1395 1834 1434 1867 P.
1458 1834 1698 1867 Schoriclzirts.

217 1917 284 1958 Ho
317 1917 511 1959 riceuuto
535 1917 678 1971 quella
701 1916 743 1958 di
766 1917 818 1961 V.
841 1918 892 1960 R.
916 1917 1017 1959 delli
1050 1919 1101 1960 10
1135 1918 1174 1959 di
1207 1931 1401 1971 gennaro
1432 1920 1476 1960 et
1498 1931 1583 1971 qua
1614 1930 1867 1959 raccoman-

46 2035 58 2044 ᾗ
100 1981 241 2024 diamo
274 1982 314 2024 al
349 1982 531 2035 Signore
573 1982 702 2036 quelli
734 1983 880 2037 paessi
912 1983 1039 2036 quale
1073 1986 1095 2025 e
1127 1983 1290 2025 seruito
1333 1983 1513 2025 uisitare
1555 1997 1634 2024 con
1666 1982 1696 2024 li
1728 1984 1867 2024 terre-

39 2058 56 2072 ··
97 2047 223 2095 moti;
271 2046 440 2097 Quanto
474 2048 515 2089 al
548 2062 842 2103 acompagnar
873 2048 903 2090 il
934 2048 1158 2103 principe6
1191 2048 1362 2101 quando
1396 2049 1561 2090 andara
1593 2062 1618 2090 a
1651 2047 1805 2090 uisitar
1837 2046 1867 2088 il

39 2118 54 2166 4ξς
97 2125 173 2154 suo
206 2115 323 2155 stato
346 2112 390 2154 in
413 2112 574 2164 sueuia‚
609 2113 665 2155 mi
688 2127 794 2168 pare
821 2114 898 2156 che
922 2114 1268 2156 domandandolo
1292 2113 1350 2155 lui
1373 2127 1458 2155 non
1481 2113 1558 2155 seli
1583 2127 1666 2167 puo
1689 2126 1865 2166 negare,

47 2174 51 2181 “
97 2177 256 2231 perche
290 2180 442 2231 questo
477 2192 561 2220 non
593 2182 616 2221 e
650 2192 770 2221 esser
790 2178 834 2220 in
861 2182 981 2222 corte
1014 2179 1254 2234 predicare,
1288 2181 1333 2221 et
1365 2178 1534 2221 aiutare
1556 2179 1597 2220 le
1620 2177 1761 2220 anime
1784 2180 1866 2221 etc.

217 2259 244 2289 a)
265 2259 404 2290 Sequitur
423 2258 528 2287 Conse.
549 2268 565 2284 a
587 2262 615 2284 (¹.
636 2260 725 2284 oblite.

218 2383 228 2402 ¹
255 2382 289 2416 S.
309 2381 540 2417 Franciscum
566 2383 755 2426 Borgiam;
784 2395 817 2417 v.
838 2394 948 2427 supra
974 2394 1007 2428 p.
1028 2383 1059 2417 6.

216 2435 229 2456 2
255 2435 308 2469 De
326 2435 445 2470 Iacobi
464 2436 578 2470 Lainii
604 2436 800 2481 praepositi
826 2436 1005 2480 generalis
1032 2436 1065 2470 S.
1087 2436 1119 2470 J.
1147 2448 1177 2470 a.
1200 2436 1290 2470 1562
1318 2435 1468 2470 Parisiis
1494 2435 1703 2469 Tridentum
1724 2435 1768 2469 ad
1787 2447 1866 2470 con-

100 2487 217 2523 cilium
239 2489 418 2524 venientis
444 2489 571 2524 itinere
597 2489 727 2534 gallico
754 2493 789 2524 et
815 2490 1020 2532 germanico
1047 2501 1081 2524 v.
1101 2491 1230 2523 Latuit
1255 2489 1490 2524 Monumenta
1511 2489 1570 2531 VI,
1597 2488 1736 2523 Matriti
1765 2489 1866 2531 1915,

100 2541 296 2582 339—354‚
323 2545 360 2577 et
386 2544 430 2578 cf.
458 2545 522 2578 Fr.
553 2545 765 2577 Sacc-hinnul
793 2543 827 2578 S.
847 2544 891 2584 J.‚
926 2543 1108 2577 Historiae
1135 2543 1325 2577 Societatis
1352 2543 1433 2577 lesu
1459 2542 1550 2577 Pars
1575 2542 1743 2582 secunda,
1782 2543 1867 2576 Ant-

99 2596 241 2641 verpiae
269 2596 371 2636 1620,
398 2596 421 2632 l.
439 2598 471 2636 6,
498 2609 531 2631 11.
552 2597 702 2639 70—72‚
730 2601 766 2631 et
788 2599 889 2632 Gens.
909 2598 1024 2631 Boero
1050 2597 1084 2631 S.
1105 2597 1149 2639 J.,
1169 2597 1254 2631 Vita
1281 2596 1338 2630 del
1362 2596 1473 2630 Servo
1500 2596 1535 2630 di
1554 2595 1618 2630 Dio
1639 2596 1676 2630 P.
1698 2596 1867 2630 Giacomo

99 2647 237 2691 Lainez,
265 2649 412 2684 Firenze
439 2650 542 2692 1880,
568 2651 766 2685 247—251.

217 2705 228 2722 ⁸
254 2703 306 2737 De
333 2703 372 2738 P.
400 2703 645 2738 Emmanuelis
672 2704 741 2739 Saa
776 2704 911 2739 Catena
939 2716 971 2738 v,
996 2715 1106 2748 supra
1132 2715 1165 2749 p.
1194 2704 1236 2744 6;
1272 2703 1315 2737 de
1351 2703 1390 2737 P.
1416 2702 1600 2737 Francisci
1635 2702 1752 2737 Toleti
1779 2702 1813 2738 S.
1833 2703 1866 2737 J.

101 2753 243 2791 Summa
277 2768 425 2791 casuum
461 2757 702 2792 conscientiae
737 2758 782 2792 cf.
815 2760 901 2792 Can.
929 2757 977 2791 VI
1004 2757 1117 2795 490³:
1153 2757 1196 2791 de
1232 2757 1378 2791 Litteris
1417 2756 1592 2802 iaponicis
1625 2757 1704 2791 sive
1739 2756 1867 2791 indicis

105 2809 187 2844 Can.
210 2809 259 2844 VI
284 2810 354 2845 420
380 2811 446 2845 491
462 2811 485 2844 ⁹.

216 2864 229 2884 ⁴
259 2863 355 2898 Haec
380 2864 567 2908 inceptura
593 2866 671 2898 erat
697 2864 752 2899 20.
781 2864 914 2897 Martii.

216 2917 229 2936 ⁵
256 2916 294 2951 P.
313 2916 441 2951 Iacobo
460 2917 598 2951 Mirone
623 2918 819 2952 assistente
840 2917 1046 2952 Lusitaniae
1065 2928 1096 2951 a.
1119 2917 1207 2951 1571
1236 2927 1316 2950 cum
1336 2916 1468 2960 Borgia
1493 2916 1529 2950 in
1550 2915 1762 2961 Hispaniam
1788 2927 1866 2960 pro-

101 2966 203 3010 fecto,
229 2969 361 3004 Romae
380 2970 573 3005 manebant
599 2973 740 3016 praeter
758 2970 923 3005 Natalem
945 2969 1140 3015 Hispaniae
1161 2970 1390 3004 assistentem
1411 2970 1450 3004 P.
1470 2970 1688 3004 Benedictus
1706 2968 1866 3003 Palmius

102 3022 271 3057 assistens
297 3023 424 3058 Italiae
450 3029 486 3058 et
513 3023 550 3058 P.
571 3024 778 3058 Everardus
804 3024 1054 3059 Mercurianus
1082 3022 1295 3058 Germaniae
1323 3022 1535 3068 Galliaeque
1562 3023 1738 3057 assistens
1766 3022 1866 3064 (Sac-

102 3073 235 3121 chinus,
261 3077 354 3112 Hist.
381 3077 443 3119 III,
469 3077 491 3111 l.
512 3078 544 3119 7,
569 3089 603 3113 n.
625 3078 698 3121 12).

217 3129 230 3150 ⁸
256 3129 518 3165 Ferdinandum
546 3130 589 3165 ΙΙ.
616 3130 856 3166 archiducem.
