2062 3443
686 138 717 173 8.
738 138 858 172 Martii
887 141 923 172 et
949 139 980 171 5.
1001 137 1136 182 Aprilis
1165 138 1265 172 1578.
1775 141 1854 181 791

91 259 204 302 mitti
238 259 368 301 etiam
412 259 639 313 epistolam
682 258 890 312 scriptam
932 257 972 299 in
1007 257 1088 300 hac
1129 258 1315 300 materia
1349 259 1403 300 ad
1445 271 1591 311 regem
1627 256 1801 299 Suetiae
1834 271 1857 297 a

90 324 299 366 cardinali
335 324 621 366 Varmiensi1.

207 396 272 438 De
305 395 564 437 scholastico
601 394 935 436 Monasteriensi
971 394 1150 436 lx'omam
1185 395 1419 437 evocando.

210 465 361 507 Visum
395 465 491 515 fuit,
527 466 698 507 omnino
732 465 1000 507 evocandum
1035 478 1130 506 esse
1154 465 1336 507 Romam
1371 465 1502 507 istum
1536 462 1856 512 scholasticum,

87 530 140 572 de
173 531 299 572 modo
331 534 479 572 tamen
522 530 605 573 fuit
651 530 910 573 dubitatum,
974 529 1087 571 Nam
1122 529 1296 583 quidam
1331 529 1658 578 existimabant,
1702 528 1858 569 debere

87 595 160 638 via
191 595 372 637 iuridica
405 599 449 638 et
482 595 736 638 subsistenti
778 609 829 637 ac
862 595 1012 650 poenis
1045 595 1257 649 appositis
1290 595 1410 636 illum
1446 594 1594 641 citari:
1639 593 1724 642 alii,
1759 592 1859 646 quia

86 660 166 702 hoc
212 660 401 703 fortasse
449 661 540 702 fieri
591 675 674 702 non
716 660 854 715 possit
898 660 982 703 rite
1024 663 1068 702 et
1108 663 1247 710 recte,
1289 660 1505 715 putabant
1546 658 1768 707 sufficere,
1812 661 1858 699 ut

86 725 127 769 S.
152 725 193 768 S.
218 740 296 780 per
335 726 467 768 breve
500 740 596 767 eum
630 726 684 767 ad
718 726 879 768 Urbem
914 729 1123 776 accersat,
1165 726 1239 767 sed
1274 728 1507 778 antequam
1541 724 1674 766 breve
1706 723 1859 765 redde-

84 793 168 839 tur,
203 794 418 845 oportere,
454 794 500 833 ut
534 792 622 832 dux
664 791 893 845 promittat
925 790 1133 832 auxilium
1167 804 1290 832 suum
1324 791 1379 832 ad
1411 804 1503 832 rem
1536 788 1857 833 conficiendam,

84 855 120 897 si
152 856 340 898 fortasse
372 856 445 898 ille
478 859 703 899 recusaret
736 856 898 899 venire.
966 856 1107 898 Breve
1141 859 1286 898 autem
1321 856 1401 897 hoc
1435 869 1562 909 posse
1597 854 1689 896 dari
1719 854 1856 895 eidem

83 921 267 971 Canisio,
312 921 383 974 qui
416 921 536 976 prius
569 921 720 963 ducem
756 922 1018 974 alloquatur,
1062 923 1107 963 et
1139 921 1241 974 quid
1273 920 1392 962 facto
1425 934 1533 974 opus
1565 919 1634 970 sit,
1678 933 1773 961 cum
1807 932 1857 960 eo

83 989 253 1028 mature
286 987 526 1029 constituat
559 990 643 1030 etc.

204 1059 436 1112 Greqorius
458 1058 590 1102 XIII.
615 1059 902 1100 cardinalium
934 1059 1179 1099 sententiam
1214 1057 1406 1113 probavit
1431 1063 1465 1099 et
1497 1058 1597 1099 llaec
1622 1058 1742 1097 iussit
1764 1070 1856 1097 con-

81 1123 210 1164 scribi
243 1124 424 1165 Brevia:

86 1201 122 1242 1.
378 1188 382 1195 Δ
708 1199 942 1253 Gregorius
977 1200 1022 1242 P.
1047 1200 1091 1242 P.
1117 1200 1230 1252 XIIJ.

200 1276 369 1320 Dilecte
413 1277 473 1318 fili
514 1276 685 1318 Nobilis
730 1277 796 1318 uir
838 1276 1032 1319 Salutem
1074 1281 1118 1319 et
1159 1276 1456 1330 Apostolicam
1499 1274 1854 1322 benedictionem,

81 1341 314 1395 Nunquam
350 1342 433 1385 fuit
455 1342 593 1384 Nobis
627 1343 810 1384 obscura
841 1346 918 1385 tua
950 1342 1104 1396 pietas,
1140 1341 1271 1394 digna
1292 1341 1379 1383 ista
1399 1344 1476 1384 tua
1499 1340 1730 1382 excellenti
1764 1342 1854 1382 tum

80 1407 266 1460 generis,
300 1411 391 1449 tum
426 1407 558 1449 animi
591 1407 832 1457 nobilitate,
868 1411 912 1450 et
943 1410 1155 1461 perpetua
1187 1406 1397 1448 maiorum
1429 1409 1601 1448 tuorum
1634 1405 1774 1455 laude,
1814 1405 1856 1446 in

79 1471 302 1515 Catholica
336 1473 562 1526 Religione
605 1473 658 1515 ab
701 1472 888 1515 hostium
922 1472 1088 1526 iniurijs
1126 1471 1300 1522 tuenda,
1344 1471 1544 1524 sedisque
1578 1470 1856 1525 Apostolicae

80 1537 344 1580 auctoritate
385 1538 580 1581 colenda.
644 1538 769 1579 Hanc
810 1552 914 1580 uero
955 1538 1163 1592 pietatem
1210 1551 1235 1578 a
1275 1539 1320 1578 te
1362 1535 1702 1586 commemorari,
1746 1538 1790 1578 et
1831 1550 1855 1577 a

82 1602 234 1645 Porcia
266 1602 434 1645 Nuncio
468 1606 618 1646 nostro
650 1603 694 1644 in
726 1603 814 1644 suis
847 1602 1013 1645 literis2
1035 1602 1214 1644 summis
1245 1601 1444 1643 laudibus
1467 1601 1689 1652 celebrari,
1724 1604 1855 1654 atque

79 1670 234 1710 extare
266 1668 310 1710 in
339 1668 617 1723 repudiandis
639 1668 868 1722 impiorum
901 1667 1120 1710 hominum
1154 1667 1386 1722 postulatis
1401 1667 1429 1717 3,
1464 1668 1733 1720 quantopere
1766 1667 1855 1708 lae-

78 1733 163 1775 tati
195 1733 342 1784 simus,
386 1734 508 1777 nouit
541 1735 671 1783 Deus,
716 1734 783 1775 cui
825 1748 899 1774 cor
931 1735 1127 1775 nostrum
1170 1735 1316 1786 patet:
1360 1731 1452 1773 Nos
1486 1734 1603 1774 certe
1635 1731 1677 1772 id
1710 1731 1855 1773 uerbis

78 1798 300 1852 explicare
332 1813 418 1841 non
451 1814 704 1853 possumus3
748 1798 861 1852 quod
894 1812 1138 1853 possumus,
1182 1798 1262 1840 hoc
1295 1797 1442 1839 facere
1474 1811 1560 1838 non
1593 1795 1853 1842 desistimus.

79 1866 128 1906 ut
167 1864 441 1918 praeclaram
483 1864 614 1906 istam
657 1864 942 1913 uoluntatem,
989 1866 1033 1906 et
1073 1863 1239 1905 factum
1280 1865 1401 1905 tuum
1444 1861 1629 1903 Diuinae
1670 1861 1854 1905 bonitati

78 1929 323 1979 offeramus,
348 1943 660 1983 precemurque
683 1928 776 1979 tibi,
799 1928 1042 1981 Domuique
1065 1931 1180 1978 tuae,
1206 1930 1476 1980 cunctaeque
1498 1925 1663 1969 Ditioni
1685 1941 1854 1969 omnem

77 1995 169 2036 tum
202 1993 245 2036 in
278 1994 359 2036 hac
391 1994 497 2044 uita,
531 1997 648 2036 tum‘*
680 1994 830 2036 futura
861 1993 1157 2043 foelicitatem,
1191 1993 1244 2048 ijs
1276 2007 1394 2042 uero,
1429 1992 1500 2045 qui
1533 2007 1559 2034 a
1591 1991 1674 2034 fide
1707 1993 1854 2035 ortho—

77 2058 193 2100 doxa
225 2059 356 2101 alieni
383 2063 498 2109 sunt,
533 2059 733 2102 ueritatis
756 2059 1039 2112 agnitionem,
1073 2072 1184 2111 quae
1207 2058 1380 2111 quidem
1402 2060 1569 2107 sancto,
1605 2061 1650 2100 et
1671 2072 1853 2111 syncero

78 2123 202 2165 huius
234 2124 369 2178 ipsius
401 2125 501 2167 fidei
534 2125 653 2166 cultu
686 2125 946 2167 continetur.
1002 2123 1123 2173 Quod
1156 2123 1308 2165 scribis
1340 2123 1392 2164 de
1425 2122 1700 2165 concedenda
1731 2123 1854 2165 laicis

76 2189 467 2232 communicatione
499 2190 578 2231 sub
611 2193 797 2243 utraque
829 2188 986 2243 specie,
1025 2202 1110 2242 qua
1143 2188 1273 2231 etiam
1308 2188 1360 2229 de
1392 2201 1439 2229 re
1471 2187 1668 2230 Nuncius
1702 2188 1854 2230 Porcia

78 2253 215 2296 fusius
256 2254 310 2296 ad
343 2269 422 2296 nos
454 2255 721 2310 perscripsit,
767 2254 867 2308 quia
900 2254 1077 2296 maximi
1111 2253 1320 2295 momenti
1351 2267 1422 2294 res
1455 2255 1535 2302 est,
1578 2253 1853 2307 pertinetque

76 2319 131 2361 ad
172 2322 263 2362 tam
304 2320 540 2362 multarum
574 2320 816 2362 animarum
850 2319 1059 2368 salutem;
1103 2318 1299 2360 Nuncius
1333 2321 1480 2360 autem
1513 2318 1642 2360 istinc
1676 2318 1851 2365 abest4;

75 2385 286 2438 optimum
333 2385 480 2428 factub
521 2385 806 2427 iudicauimus
848 2385 1024 2427 mittere
1065 2384 1119 2426 ad
1152 2383 1440 2426 Nobilitatem
1472 2383 1610 2424 Tuam
1648 2383 1851 2426 dilectum

76 2449 209 2491 filium
229 2450 405 2492 Petrum
424 2450 640 2493 Canisium
659 2451 887 2500 Jesuitam,
912 2449 1051 2491 uirum
1075 2463 1127 2491 ea
1145 2449 1355 2498 doctrina,
1378 2447 1558 2502 pietate,
1582 2448 1850 2502 integritate,

78 2514 300 2568 religione,
348 2529 477 2569 quam
520 2529 670 2557 omnes
711 2517 892 2557 norunt:
939 2515 975 2555 is
1017 2517 1208 2568 exponet
1252 2513 1484 2555 Nobilitati
1528 2513 1647 2555 Tuae
1691 2514 1852 2557 nostris

77 2580 221 2622 uerbis
253 2594 318 2631 ea,
352 2594 463 2634 quae
492 2594 718 2622 censemus
741 2594 836 2622 esse
858 2580 900 2621 in
933 2579 1013 2621 hoc
1035 2579 1214 2632 negocio
1238 2591 1501 2632 magnopere
1524 2578 1850 2621 consideranda.

77 2645 142 2687 De
173 2645 302 2687 rebus
334 2645 558 2687 Ecclesiae
590 2645 962 2694 Monasteriensis,
1004 2645 1047 2686 in
1081 2644 1233 2697 quibus
1266 2643 1440 2698 saepius
1472 2643 1686 2698 scripsisti
1719 2644 1851 2686 Scho-

196 2739 224 2765 31
246 2738 311 2763 tum
332 2739 361 2764 in
386 2740 519 2764 Theiner.
630 2737 662 2769 b)
687 2740 811 2763 'l'heiner
830 2747 1004 2770 perperam:
1024 2737 1147 2763 factum.

199 2873 395 2907 ¹Litterae
429 2873 497 2907 hac
531 2873 573 2906 de
599 2884 637 2907 re
673 2884 764 2907 anno
795 2873 884 2907 1573
919 2884 940 2906 a
975 2871 1148 2906 cardinali
1184 2871 1294 2905 Hosio
1330 2871 1373 2905 ad
1409 2871 1576 2906 Ioannem
1603 2871 1664 2906 111.
1701 2871 1850 2906 Sueciae

77 2937 199 2969 regem
226 2926 331 2960 datae
359 2927 428 2961 iam
448 2938 516 2960 nou
538 2927 705 2960 videntur
731 2929 876 2960 exstare
905 2926 1105 2968 (Eichhorn
1124 2925 1146 2959 l.
1167 2936 1196 2959 c.
1215 2925 1248 2958 II
1274 2925 1344 2959 453
1371 2924 1459 2965 522;
1487 2924 1727 2959 D.·Stanislai
1746 2926 1851 2959 Hosii

75 2978 232 3024 Operum
260 2979 393 3014 Tomus
419 2979 610 3021 secundus,
637 2979 804 3014 Coloniae
832 2980 933 3020 1584,
965 2979 1153 3013 348—349
1181 2978 1278 3019 376).

197 3031 210 3052 ²
236 3032 316 3067 Hae
342 3032 609 3067 Bartholomaei
636 3033 780 3067 Portiae
815 3033 958 3067 litterae
985 3033 1132 3066 exstant
1158 3031 1252 3076 apud
1279 3032 1438 3073 Hmzsen,
1470 3031 1580 3066 Nunt.
1607 3031 1621 3065 1
1649 3031 1849 3066 239—241.

197 3085 210 3104 ³
235 3085 327 3120 Vide
353 3097 463 3130 supra
489 3098 523 3130 p.
544 3086 622 3121 790.

197 3140 209 3158 ⁴
237 3138 369 3180 Portia,
395 3139 643 3173 Vindobonam
670 3142 808 3184 petens,
834 3140 867 3173 4.
886 3138 972 3172 Maii
996 3138 1086 3172 1578
1113 3136 1293 3171 Monachii
1321 3137 1389 3170 fuit
1417 3136 1579 3180 (Hansen
1607 3137 1628 3172 1.
1649 3149 1678 3172 c.
1701 3137 1800 3180 257).
