2051 3433
200 137 253 178 88
391 134 494 170 1815.
523 133 690 169 Canisius
717 133 758 169 P.
777 133 889 168 Paulo
917 133 1075 169 Hoffaeo.
1120 132 1319 178 Oeniponte
1345 132 1402 167 22.
1421 132 1576 177 Augusti
1605 133 1704 168 1572.

482 252 509 305 η’·
542 252 636 295 Pax
670 252 828 295 Christi
861 251 1116 294 Reuerende
1149 250 1377 293 admodum
1412 251 1556 294 Pater.

316 322 527 367 Discessit
567 323 658 366 heri
701 323 885 378 primum
927 322 978 365 D.
1013 322 1194 364 Comesl
1225 321 1462 373 Viennam,
1505 321 1598 364 heri
1639 335 1742 376 ergo
1783 322 1967 377 primurn

196 388 333 431 obtuli
365 390 409 431 et
441 402 522 442 ego
555 389 762 443 scriptum
796 402 937 430 meum
971 388 1017 430 P.
1045 386 1263 438 Rectori2,
1298 401 1477 440 sumque
1508 390 1712 442 precatus
1744 390 1886 438 antea,
1920 390 1971 430 ut

195 453 414 508 patienter
446 468 496 496 ac
535 453 740 496 alacriter
772 453 907 495 ferret
938 452 1049 494 hanc
1087 466 1228 494 meam
1262 452 1612 503 admonitionem,
1655 454 1699 495 et
1730 452 1773 494 in
1805 452 1969 507 scripto

195 518 309 561 idem
341 518 539 573 repetiui,
586 518 844 573 praesertim
878 518 990 570 quod
1024 531 1205 570 cogerer
1237 531 1264 560 a
1295 517 1622 560 Consultoribus
1655 517 1752 572 alijs
1785 517 1968 560 offitium

195 583 341 626 facere
373 583 655 626 admonitoris
669 583 697 626 3.
743 583 807 625 Ac
829 582 1032 625 hesterno
1058 581 1227 635 quidem
1252 582 1319 624 die
1342 581 1630 625 dissimulauit
1653 582 1969 636 aegritudinem

196 648 340 700 animi,
384 651 428 691 et
469 648 651 703 scripto.
673 648 811 690 amice
851 646 1088 702 respondit,
1132 647 1245 689 sicut
1276 647 1441 691 uidebit
1473 648 1522 689 R.
1558 648 1606 690 T.
1641 661 1665 690 e
1697 648 1859 702 scripto
1892 647 1969 690 ad-

194 713 354 757 iuncto.
400 713 512 756 Veni
543 713 676 767 igitur
709 713 763 755 ad
795 712 915 754 illum
948 713 1087 763 hodie,
1122 714 1167 755 et
1199 713 1289 755 dixi
1322 727 1389 755 me
1422 712 1584 767 scripto
1617 712 1892 767 respondisse
1915 713 1970 755 ad

195 792 247 822 ea
290 793 400 833 quae
444 778 720 829 desiderauit,
766 780 811 820 et
841 777 1010 832 rupisse
1042 777 1252 832 scriptum
1285 781 1451 832 postea,
1495 792 1625 831 quum
1657 780 1858 833 putarem
1890 778 1972 820 hoc

195 844 409 887 scribendi
452 843 640 886 officium
682 857 766 886 non
800 857 895 885 esse
928 843 1233 887 necessarium.
1300 844 1414 886 Nam
1457 858 1508 886 ea
1550 857 1660 897 quae
1701 842 1968 898 scripsissem

195 906 338 961 antea,
373 923 458 952 non
492 909 635 951 omnia
669 908 751 951 dici
783 908 1008 960 assertiue,
1043 908 1118 950 sed
1141 911 1186 952 et
1208 909 1442 963 opinatiue‚
1477 911 1522 952 et
1550 908 1803 960 consultiue,
1839 910 1883 951 et
1915 922 1970 951 ex

197 975 377 1017 aliorum
410 974 730 1026 informatione,
766 988 844 1016 nec
866 988 962 1016 esse
991 976 1133 1017 tutum
1166 974 1209 1016 in
1243 975 1387 1029 specie
1420 975 1642 1017 declarare
1675 973 1858 1027 singula,
1894 974 1970 1016 sed

195 1039 390 1082 odiosum
412 1040 556 1095 potius
579 1042 623 1082 et
646 1040 924 1094 superfluum.
968 1040 1038 1081 Me
1062 1039 1234 1093 quidem
1256 1040 1446 1082 uoluisse
1469 1054 1524 1082 ex
1547 1039 1762 1082 charitate
1785 1038 1970 1093 sapienti

195 1104 464 1147 occasionem
489 1105 592 1147 dare
615 1105 803 1160 seipsum
827 1104 1118 1156 examinandi,
1142 1107 1186 1147 et
1210 1105 1367 1160 partim
1391 1111 1489 1160 per¹²
1512 1104 1775 1156 Officiales4,
1808 1103 1969 1159 partim

194 1175 292 1224 per⁸
324 1170 603 1213 Consultores
636 1170 923 1224 cognoscendi
965 1170 1017 1212 de
1050 1170 1292 1213 defectibus
1325 1170 1509 1225 collegij,
1555 1169 1812 1225 praesertim
1856 1169 1970 1222 quod

194 1235 404 1278 hactenus
438 1235 637 1278 executio
660 1235 936 1278 Visitationis
969 1237 1013 1277 et
1046 1236 1226 1278 aliorum
1262 1250 1288 1277 a
1320 1235 1370 1279 R.
1399 1236 1447 1280 T.
1482 1236 1778 1278 ordinatorum
1811 1248 1968 1289 expec-

194 1301 406 1343 taretur5.
471 1300 553 1342 Hic
587 1300 732 1355 coepit
772 1300 951 1354 grauius
994 1303 1038 1343 et
1081 1300 1341 1344 concitatius
1373 1314 1518 1355 agere,
1565 1302 1609 1342 et
1642 1299 1847 1354 conqueri
1878 1302 1968 1342 tam

194 1365 332 1408 multa
364 1365 444 1407 sibi
476 1368 653 1419 tamque
684 1366 811 1409 tarde
844 1365 1028 1408 obtrudi.
1084 1366 1316 1421 Respondi,
1352 1366 1587 1409 discessum
1611 1365 1788 1408 Comitis
1811 1378 1967 1419 expec-

193 1434 333 1473 tatum
357 1431 504 1483 fuisse,
540 1434 585 1474 et
612 1431 765 1474 anteab
798 1445 883 1473 non
914 1431 1087 1474 licuisse
1121 1431 1342 1474 commode
1377 1431 1428 1473 de
1461 1430 1526 1473 his
1562 1444 1706 1484 agere,
1741 1444 1836 1472 cum
1861 1430 1970 1472 adeo

193 1497 255 1538 illi
287 1496 516 1539 familiaris
550 1499 679 1548 esset,
724 1499 769 1539 et
802 1497 917 1539 circa
949 1496 1069 1539 illum
1102 1511 1278 1551 prorsus
1311 1499 1548 1551 occupatus
1580 1495 1814 1547 uideretur,
1856 1496 1970 1538 unde

197 1565 240 1605 et
266 1564 367 1616 post
398 1564 465 1605 tot
488 1562 688 1605 conuiuia
711 1561 848 1617 pridie
871 1562 954 1604 diei
978 1576 1106 1616 quam
1130 1562 1372 1605 discederet
1393 1561 1478 1614 ille,
1513 1564 1613 1616 post
1636 1561 1774 1604 dictas
1797 1561 1970 1615 uesperi

197 1627 403 1670 litanias6
434 1627 565 1683 redijt
597 1628 783 1671 domum.
832 1627 1024 1671 Minatus
1048 1630 1115 1670 est
1136 1630 1378 1682 praeterea,
1413 1641 1459 1670 se
1491 1627 1722 1669 missurum
1756 1626 1811 1669 ad
1842 1626 1893 1668 R.
1918 1626 1966 1668 T.

193 1693 402 1748 scriptum
426 1695 582 1736 meum.
633 1692 766 1735 Oraui
791 1706 871 1746 ego
895 1695 944 1736 ut
970 1693 1137 1736 faceret
1159 1693 1439 1746 mitteretque
1472 1692 1703 1746 integrum,
1739 1694 1784 1734 et
1816 1691 1966 1733 adiun-

196 1761 321 1812 geret
365 1758 528 1813 scripta
573 1772 743 1812 quoque
788 1758 1104 1810 consultorum,
1154 1758 1306 1812 quibus
1351 1758 1607 1812 urgentibus
1652 1756 1966 1800 admonitorem

195 1823 397 1878 egissem,
440 1837 595 1878 meque
635 1823 818 1879 posthac
859 1838 945 1866 non
985 1824 1203 1867 facturum
1247 1823 1451 1878 amplius⁰
1487 1823 1601 1877 quod
1638 1837 1751 1865 nunc
1783 1822 1968 1877 primum

192 1889 407 1941 fecissem,
433 1903 528 1932 cum
551 1891 642 1932 tam
659 1889 774 1933 male
792 1889 1031 1944 acciperet:
1065 1903 1134 1932 me
1156 1903 1241 1932 non
1263 1893 1434 1944 putare,
1459 1889 1572 1942 quod
1596 1891 1749 1931 contra
1770 1888 1967 1942 regulam

193 1954 477 1998 admonitoris
500 1954 685 2008 egissem
700 1955 729 1997 ⁷.
777 1955 899 1997 Haec
922 1969 1090 1997 summa
1123 1955 1299 2010 negotij,
1335 1954 1416 1996 nisi
1449 1954 1563 2008 quod
1595 1953 1638 1995 in
1670 1954 1755 1996 fine
1787 1953 1842 1996 ad
1874 1953 1966 2008 pla·

193 2020 377 2063 candum
411 2020 621 2062 offensum
654 2020 808 2074 rogaui
840 2019 1012 2062 ueniam
1045 2020 1268 2075 supplex&
1303 2020 1415 2074 quia.
1435 2019 1497 2061 sic
1532 2019 1837 2062 conturbatum
1870 2033 1966 2061 eum
2023 2068 2028 2084 ι

195 2085 294 2137 uidi,
329 2100 413 2128 non
447 2086 560 2140 quod
593 2085 707 2129 iuste
738 2085 859 2127 illum
894 2086 1102 2128 offensum
1137 2085 1370 2128 crederem.
1421 2084 1513 2135 Qua
1546 2085 1598 2126 de
1629 2098 1678 2126 re
1709 2084 1967 2126 monendam
2027 2136 2029 2138 q

193 2151 297 2194 duxi
326 2152 376 2194 R.
402 2151 450 2194 T.
486 2164 596 2205 quae
628 2151 741 2194 sciat
773 2165 1006 2204 numquam
1030 2151 1262 2194 Rectorem
1294 2150 1427 2194 toties
1455 2149 1644 2193 exiuisse
1677 2149 1848 2192 domum
1865 2147 1966 2204 [?]⁶‚

194 2217 361 2260 tamdiu
403 2216 608 2267 abfuisse,
650 2215 783 2259 toties
825 2216 1035 2271 conuiuijs
1077 2216 1269 2258 adfuisse
1312 2216 1425 2258 domi
1467 2218 1513 2258 et
1553 2214 1672 2266 foris,
1716 2215 1829 2258 sicut
1868 2218 1970 2269 post

313 2304 342 2335 a)
363 2304 424 2328 Hor:
447 2311 468 2328 r.
490 2311 507 2328 α
529 2306 557 2328 C.
577 2311 672 2335 snpra
692 2310 807 2328 versum
827 2304 970 2335 scriptum
991 2307 1042 2330 esc.
1152 2302 1181 2334 b)
1203 2304 1342 2335 Sequitur
1364 2311 1396 2333 zu,
1423 2303 1498 2334 quod
1518 2311 1554 2328 ea:
1570 2305 1659 2334 parte
1680 2310 1697 2327 cc
1719 2303 1747 2327 C.
1768 2302 1967 2327 oblitteramm

193 2349 233 2371 esc
254 2349 280 2370 et
306 2353 342 2370 ea:
363 2348 452 2376 parte
478 2345 597 2370 evanuit
622 2343 889 2378 (intempestiuum
899 2346 931 2375 If).
1077 2345 1103 2377 c)
1134 2346 1277 2376 Quattuor
1304 2353 1344 2369 rr.
1365 2353 1423 2376 sqq.
1444 2352 1460 2369 (t
1483 2345 1511 2369 C.
1540 2345 1568 2369 in
1598 2344 1730 2376 maryine
1758 2344 1861 2368 addita
1888 2346 1966 2368 sunt.

195 2387 227 2421 d)
249 2388 387 2420 Sequitur
406 2385 442 2419 si,
463 2395 480 2411 α
501 2388 529 2414 C.
551 2387 640 2411 omitt.
750 2387 778 2419 c)
801 2387 1012 2419 Corriyemlum
1034 2394 1095 2412 esse
1119 2387 1234 2412 ridetur
1254 2386 1345 2412 domu
1368 2387 1409 2411 cel
1430 2384 1530 2412 (lomO.

316 2497 563 2532 ¹Svicarduni
601 2498 870 2542 (Schweikard,
910 2498 1186 2543 Schweyckart)
1223 2498 1390 2532 comitem
1427 2498 1470 2532 ab
1507 2496 1734 2531 Helfenstein
1769 2495 1966 2539 significari

193 2553 288 2595 puto,
329 2551 389 2595 qui
429 2551 472 2585 ab
513 2563 544 2586 a,
578 2552 667 2587 1570
706 2552 872 2595 regimini
900 2553 1069 2586 Austriae
1107 2551 1303 2597 superioris
1339 2563 1417 2586 cum
1453 2551 1596 2585 nomine
1632 2549 1758 2584 vicarii
1792 2548 1967 2594 principis

198 2604 495 2647 („Slatthalter“)
525 2608 711 2650 praeerat;
739 2606 781 2640 de
808 2617 877 2650 quo
904 2605 1007 2650 plura
1033 2604 1128 2639 infra
1155 2605 1328 2639 dicentur.

311 2657 324 2678 ²
352 2657 511 2692 Gerar-do
537 2658 706 2694 Pastelio.
853 2659 866 2679 ³
891 2658 981 2694 Vide
1007 2670 1117 2704 supra
1143 2670 1176 2703 p.
1195 2658 1345 2693 54—61.

313 2713 324 2730 ⁴
351 2710 462 2745 Velut
487 2714 750 2756 praeceptores,
776 2711 976 2753 ianitorem,
1003 2711 1243 2746 sacristanum
1271 2713 1338 2745 etc.
1471 2710 1484 2729 ⁵
1511 2709 1600 2744 Vide
1626 2720 1735 2754 supra
1760 2720 1793 2754 p.
1813 2708 1964 2743 56—58.

312 2764 325 2783 ⁶
352 2764 512 2798 Litanias
528 2764 695 2799 Omnium
711 2764 922 2800 Sanctorum
943 2765 1044 2806 dicit;
1065 2776 1156 2809 quae
1174 2776 1236 2809 pro
1251 2763 1424 2799 ecclesiae
1438 2762 1715 2798 necessitatibus
1731 2761 1966 2796 communiter

197 2816 461 2858 recitabantu1·;
489 2817 534 2852 cf.
558 2819 644 2853 Can.
664 2818 696 2853 V
723 2817 929 2859 279—280;
959 2817 1008 2851 VI
1035 2818 1114 2852 214.

312 2870 325 2891 ⁷
355 2870 428 2913 „Ea
462 2871 639 2905 modestia
665 2873 701 2905 et
736 2871 942 2906 humilitate
978 2871 1134 2905 officium
1165 2881 1269 2905 suum
1304 2870 1420 2910 obeat,
1455 2872 1496 2904 ut
1529 2869 1711 2904 subditum
1739 2868 1843 2903 decet
1877 2879 1965 2911 erga,

193 2922 431 2968 Superiorem,
468 2934 573 2968 quem
602 2924 736 2958 Christi
770 2925 848 2959 loco
874 2924 1003 2959 habet:
1038 2924 1104 2958 niti
1131 2923 1222 2958 enim
1250 2923 1355 2958 debet
1380 2935 1424 2957 ne
1450 2922 1556 2958 huius
1582 2922 1740 2956 muneris
1766 2921 1963 2962 occasione,

193 2977 406 3019 reuerentia,
434 2978 542 3021 atque
569 2977 771 3012 obedientia
797 2978 945 3012 interior
971 2977 1029 3012 uel
1056 2976 1213 3012 exterior
1239 2977 1274 3011 in
1300 2977 1378 3022 ipso
1398 2975 1545 3011 debilior
1564 2975 1759 3010 reddatur.
1781 3001 1788 3009 .
1810 3001 1816 3008 .
1837 3001 1844 3009 .
1872 2974 1961 3008 Cum

193 3030 362 3075 Superior
397 3030 593 3064 remedium
629 3031 782 3076 cuipiam
820 3031 871 3076 rej
908 3031 1112 3065 admonitus
1146 3041 1216 3065 non
1251 3030 1464 3071 adhibuerit,
1500 3029 1744 3064 Admonitoris
1779 3027 1846 3062 erit
1880 3038 1962 3062 cum

192 3083 313 3117 debita
348 3082 587 3118 submissione
622 3083 752 3118 iterum
788 3086 825 3119 et
859 3085 1003 3130 saepius
1039 3095 1118 3118 eum
1154 3083 1503 3118 commonefaee1·e“:
1541 3084 1694 3127 Reyulae
1718 3081 1964 3116 Admonitoris

192 3148 225 3170 n.
248 3137 276 3177 1,
304 3137 344 3177 5;
373 3136 417 3171 cf.
436 3147 545 3182 supra
571 3148 603 3182 p.
622 3136 667 3171 58
682 3137 703 3171 ⁸.
