2051 3433
172 166 253 205 152
701 161 803 195 1864.
832 160 998 196 Canisius
1025 160 1207 195 Everardo
1234 160 1470 195 Mercuriano.

290 281 451 335 Scripsi
494 295 631 335 nuper
673 281 728 322 ad
759 280 990 323 Jllustriss.
1027 280 1298 323 Cardinalem
1334 279 1709 322 Constantiensem
1753 280 1863 335 [etc.,
1898 287 1942 323 ut

171 362 300 402 supra
324 361 364 401 p.
394 344 541 398 140Ῐᾶ
586 346 664 395 Qui
689 346 956 388 Cardinalis¹
992 346 1095 388 nihil
1120 346 1226 387 meis
1249 345 1419 398 quidem
1443 345 1666 399 respondit
1682 345 1833 397 literis,
1866 348 1941 389 sed

170 415 217 455 ut
250 426 361 454 nunc
398 411 608 469 intelligo,
655 411 849 453 rationes
891 425 1010 453 meas
1052 425 1147 452 cum
1182 410 1305 454 Pont.
1330 410 1478 452 Μεως.2
1520 410 1716 461 contulit,
1759 424 1810 453 ac
1849 424 1941 453 rem

170 491 337 519 omnem
379 477 421 518 in
465 491 560 518 eum
604 478 766 519 statum
809 476 1004 526 adduxit,
1047 479 1095 518 ut
1136 476 1300 518 scribat
1341 475 1582 517 Cardinalis
1626 475 1846 518 Comensis
1886 476 1941 518 ad

168 543 220 585 D.
250 542 460 585 Nuntium
473 542 500 592 b,
535 541 817 584 Sanctissimo
845 542 1029 583 Domino
1052 541 1215 584 Nostro
1238 554 1357 582 meas
1389 540 1583 583 rationes
1606 541 1793 594 probari,
1827 541 1942 583 eius-

172 621 253 661 que
285 607 404 649 iussu
438 607 714 660 deligendum
747 620 842 648 esse
874 606 1014 648 locum
1039 606 1243 660 erigendo
1266 605 1507 648 huiusmodi
1535 605 1767 647 seminario
1800 606 1941 659 magis

170 676 458 727 opportunum
501 672 545 713 in
586 671 667 714 hac
707 674 833 726 parte
867 671 1188 714 Germaniae⁰³.
1236 671 1427 713 Contulit
1469 670 1622 712 deinde
1664 685 1741 712 sua
1774 685 1941 713 mecum

173 738 352 780 consilia
384 739 436 781 D.
461 737 666 788 Nuntius,
701 741 746 780 et
778 736 950 790 utrique
983 739 1179 779 nostrum
1211 737 1295 779 fuit
1317 736 1456 778 uisum
1481 750 1640 790 operae
1662 736 1861 790 pretium,
1895 739 1944 778 ut

170 803 370 856 Dilingae
412 803 556 857 potius
599 817 726 856 quam
771 802 871 844 alibi
911 802 1025 844 tales
1058 801 1239 845 studiosi
1278 802 1513 852 alerentur,
1556 801 1813 855 praesertim
1847 815 1942 842 cum

170 883 375 923 expresse
407 871 584 911 moneat
616 868 834 917 Pontifex,
877 870 926 910 vt
959 867 1085 909 alicui
1120 867 1301 920 collegio
1345 869 1521 908 nostrae
1558 866 1781 909 societatis
1813 866 1942 921 ijdem

170 933 331 976 alumni
369 933 623 977 instituendi
667 933 1006 976 committantur.
1071 933 1193 975 Haec
1233 935 1464 986 propterea
1506 935 1655 986 repeto
1698 932 1944 974 uenerande

172 999 314 1050 Pater,
360 1002 408 1041 ut
453 999 505 1041 dc
546 1013 593 1040 re
634 1001 730 1041 tota
775 998 936 1041 certius
976 1001 1277 1051 cognoscatur,
1322 1000 1366 1039 ct
1407 1011 1488 1050 ego
1531 999 1765 1039 excusatus
1811 996 1941 1039 etiam

170 1065 345 1114 habear,
380 1064 450 1118 qui
481 1078 537 1106 ex
561 1065 606 1107 P.
632 1063 686 1107 N.
711 1063 993 1106 Prouintialis
1015 1064 1242 1106 uoluntate
1266 1062 1535 1104 occasionem
1560 1062 1729 1115 quidem
1754 1062 1942 1115 aliquam

172 1130 227 1172 ad
258 1130 343 1172 ista
375 1130 555 1172 consilia
586 1129 774 1171 ineunda
807 1129 998 1183 praebui,
1034 1129 1108 1170 sed
1142 1131 1190 1170 ut
1222 1143 1306 1169 non
1340 1130 1537 1182 putarem
1562 1128 1673 1169 hanc
1696 1128 1835 1168 leuem
1869 1127 1943 1168 de-

171 1194 470 1237 liberationem
506 1208 556 1237 eo
590 1208 685 1236 esse
717 1208 1063 1248 progressuram,
1097 1196 1355 1245 tantumque
1388 1193 1501 1246 apud
1535 1193 1657 1235 Pont.
1683 1193 1800 1234 Max.
1835 1192 1943 1233 uali-

172 1264 328 1303 turam.
393 1261 459 1302 De
493 1260 675 1313 collegio
709 1259 1031 1301 Constantiensi
1065 1258 1298 1313 praecipua
1330 1258 1433 1299 mihi
1466 1272 1570 1299 cura
1604 1257 1699 1307 fuit,
1744 1257 1798 1300 ad
1831 1257 1944 1310 quod

171 1326 312 1368 locum
345 1325 552 1380 Princeps
593 1328 742 1368 noster
774 1325 990 1367 Cardinali
1033 1325 1197 1379 petenti
1233 1325 1550 1373 concesserat4‚
1595 1336 1730 1376 eoque
1772 1322 1944 1364 nomine

173 1392 226 1432 ad
258 1391 370 1433 hunc
402 1391 592 1433 scribere
625 1391 827 1444 cogebar.
891 1390 986 1432 Scio
1018 1389 1190 1432 interim
1224 1403 1319 1431 meo
1354 1389 1583 1430 conuenire
1617 1387 1795 1438 muneri,
1839 1388 1944 1429 nihil

172 1460 219 1499 ut
253 1470 333 1510 ego
366 1457 544 1510 grauius
575 1457 618 1498 in
642 1457 788 1498 urbem
814 1455 1092 1510 perscribam,
1127 1454 1208 1496 nisi
1247 1469 1293 1496 re
1325 1454 1508 1508 primum
1543 1454 1596 1495 ad
1630 1455 1675 1496 P.
1700 1454 1747 1496 T.
1783 1453 1942 1503 delata,

174 1522 286 1575 quod
325 1522 454 1565 etiam
498 1522 642 1564 facere
685 1522 873 1564 conabor
914 1524 1136 1575 perpetuo.
1201 1520 1406 1562 Judicent
1446 1519 1618 1561 interim
1654 1519 1807 1561 Patres
1845 1518 1942 1568 mei,

174 1601 228 1629 an
261 1587 598 1630 confirmandam
632 1589 787 1642 putent
818 1587 929 1628 hanc
951 1585 1226 1637 sententiam,
1263 1599 1390 1638 quam
1425 1584 1526 1635 dixi,
1562 1584 1614 1626 de
1639 1584 1944 1638 promouendis

172 1652 412 1696 rationibus
444 1652 664 1706 Dilingani
697 1652 865 1706 collegij
901 1666 978 1706 per
1009 1651 1120 1693 hanc
1153 1650 1420 1693 occasionem
1433 1650 1461 1692 d.
1507 1649 1712 1703 Alioquin
1745 1649 1865 1691 nulla
1896 1663 1944 1690 se

174 1719 300 1761 offert
341 1732 440 1772 spes
480 1718 609 1760 illud⁰
648 1717 719 1759 diu
758 1716 1055 1768 conseruandi,
1098 1716 1134 1758 si
1175 1715 1371 1769 legitima
1413 1715 1576 1757 dotatio
1620 1715 1855 1768 quaeritur,
1900 1716 1945 1756 et

173 1783 383 1838 paulatim
417 1797 621 1826 numerus
652 1786 898 1826 nostrorum
931 1782 1019 1824 illic
1042 1782 1413 1831 commorantium,
1448 1782 1496 1823 ut
1518 1780 1602 1823 iam
1626 1780 1719 1822 fieri
1743 1782 1942 1834 coeptum

174 1851 254 1900 est,
287 1849 579 1891 imminuetur.
643 1848 820 1890 Nullum
863 1862 968 1890 sane
1009 1847 1051 1889 in
1086 1846 1318 1889 Germania
1360 1848 1428 1888 est
1459 1844 1734 1900 gymnasium
1777 1845 1869 1886 siue
1900 1845 1943 1885 in

175 1915 341 1969 studijs,
377 1914 469 1956 siue
501 1914 543 1955 in
577 1913 804 1968 disciplina
836 1913 962 1955 hodie
994 1913 1233 1963 florentius,
1277 1911 1477 1965 quodque
1509 1910 1718 1953 maiorem
1755 1909 1944 1952 fructum

174 1982 372 2034 praestat
402 1980 501 2022 huic
533 1980 712 2023 nationi.
777 1979 918 2029 Quare
951 1978 985 2020 si
1020 1992 1212 2020 summus
1244 1977 1450 2020 Pontifex
1482 1976 1615 2031 probe
1648 1978 1945 2029 cognosceret,

176 2046 325 2099 quanti
358 2045 415 2088 sit
442 2045 649 2088 momenti
682 2045 737 2088 ad
759 2044 1014 2098 religionem
1038 2043 1374 2097 promouendam
1408 2042 1489 2084 hoc
1518 2040 1761 2094 collegium,
1796 2054 1944 2094 quam-

175 2125 258 2165 que
291 2111 501 2153 debilibus
522 2109 817 2153 fundamentis
839 2110 1019 2159 nitatur,
1053 2109 1182 2150 facile
1204 2108 1447 2162 applicaret
1469 2107 1671 2157 animum,
1706 2109 1753 2148 ut
1781 2105 1945 2160 opinor,

175 2177 230 2219 ad
262 2176 454 2219 rationes
495 2176 609 2217 illius
640 2175 954 2231 prouehendas‚
988 2188 1127 2228 neque
1170 2173 1310 2215 minus
1343 2173 1395 2215 de
1428 2171 1784 2227 praeceptoribus
1817 2184 1945 2224 quam

176 2243 228 2284 de
261 2241 482 2296 discipulis
525 2241 690 2283 alendis
731 2240 919 2282 fortasse
957 2239 1170 2282 sollicitus
1203 2239 1330 2282 foret.
1395 2237 1490 2280 Nisi
1529 2239 1700 2291 tempus
1731 2250 1816 2278 non
1849 2249 1946 2290 per-

176 2307 310 2350 mittit
351 2306 489 2358 modo,
536 2309 585 2349 ut
624 2306 676 2347 de
717 2305 798 2348 hac
839 2304 1082 2360 praesentis
1124 2303 1293 2358 collegij
1337 2303 1600 2345 necessitate
1643 2301 1848 2352 dicamus,
1892 2300 1947 2342 ad

175 2375 324 2416 notam
355 2372 521 2415 scilicet
553 2371 803 2426 cupiditatis
836 2370 1139 2424 effugiendam,
1173 2369 1271 2411 dum
1306 2372 1456 2411 nostra
1488 2367 1663 2409 nimium
1699 2380 1850 2408 curare
1882 2365 1946 2408 ui-

176 2439 328 2481 demur
369 2438 479 2487 istis‚
523 2437 594 2491 qui
639 2437 777 2479 solum
823 2436 966 2479 aliena
1010 2438 1055 2478 et
1098 2436 1270 2490 publica
1311 2437 1512 2489 spectant
1560 2433 1798 2475 commoda.
1864 2431 1946 2474 Sed

176 2504 328 2558 scripsi
373 2504 493 2546 Patri
535 2506 684 2546 nostro
733 2502 1010 2553 Prouiutiali‚
1056 2503 1102 2544 ut
1143 2515 1220 2556 pro
1261 2515 1340 2543 sua
1383 2498 1612 2554 prudentia
1653 2498 1854 2553 dispiciat
1897 2511 1948 2539 ac

176 2570 348 2621 iudicet,
383 2569 495 2622 quod
529 2569 584 2611 ad
616 2568 822 2611 maiorem
857 2568 936 2610 Dei
969 2567 1154 2622 gloriam
1187 2566 1406 2621 pertinere
1439 2564 1605 2620 putarit
1619 2565 1647 2607 5.

296 2664 324 2694 a)
347 2664 376 2687 1·.
400 2663 426 2686 In
450 2662 598 2693 aemyliae:
625 2660 701 2693 Quid
722 2660 820 2692 egerit
841 2659 878 2686 (le
898 2659 1028 2685 alumnis
1048 2666 1115 2685 cum
1137 2657 1289 2684 Cardinali
1310 2655 1548 2682 Constantiensi.
1622 2655 1653 2687 b)
1674 2656 1814 2687 Sequitur
1834 2654 1948 2680 iubere.

178 2714 193 2729 ιι
211 2709 238 2729 (¹.
254 2705 342 2729 omitt.
418 2704 444 2733 c)
466 2704 500 2727 In
522 2704 654 2735 viaiyine
677 2711 717 2728 rr.
732 2702 865 2728 Nuntius
886 2701 923 2727 de
942 2701 1050 2727 Portia
1063 2710 1079 2726 α
1096 2702 1126 2726 1'.
1141 2701 1262 2731 scripta,
1281 2700 1330 2724 sed
1351 2699 1455 2724 deinde
1476 2699 1645 2723 oblitterata
1664 2701 1741 2722 sunt.
1816 2696 1848 2728 d)
1869 2697 1899 2722 Ρ.
1919 2697 1946 2720 in

180 2755 286 2777 marga,
314 2749 343 2770 ut
369 2753 479 2776 supra:
504 2744 545 2769 Vt
572 2744 725 2777 cogitetur
751 2751 788 2769 an
814 2742 1042 2776 promouendae
1070 2742 1116 2767 hic
1143 2741 1207 2767 sint
1232 2740 1369 2766 rationes
1396 2739 1521 2772 collegij
1549 2738 1700 2771 Dilingani
1726 2745 1780 2771 pro
1809 2737 1948 2763 alumnis.

179 2789 204 2818 e)
226 2787 364 2818 Sequitur
384 2793 467 2817 cons,
488 2787 577 2811 ohlict.

302 2910 310 2929 ¹
336 2909 481 2943 Marcus
508 2909 657 2944 Sitticus
683 2909 727 2943 ab
756 2908 994 2942 Hohenembs.
1093 2906 1107 2928 ⁹
1133 2906 1306 2950 Gregorio
1334 2905 1430 2939 XIII.
1530 2906 1543 2925 ³
1571 2903 1660 2938 Vide
1686 2913 1795 2947 supra
1814 2913 1846 2946 p.
1868 2901 1946 2935 140.

299 2965 311 2983 ⁴
338 2962 583 2996 Ferdinandus
610 2962 652 2996 11.
681 2961 867 3002 archidux,
901 2960 959 2995 cui
991 2960 1077 2995 urbs
1103 2959 1383 2994 constantiensis
1418 2958 1628 3002 reliquaque
1655 2956 1803 2990 Austria
1829 2954 1947 2988 antica

181 3015 597 3059 („V0rderosterreich“)
626 3015 785 3059 parebat,
818 3013 989 3048 cardinali
1016 3013 1142 3048 Sittico
1168 3012 1449 3056 significaverat,
1475 3011 1616 3056 probari
1643 3009 1721 3050 sibi,
1758 3007 1849 3052 quod
1875 3018 1946 3040 mo-

179 3070 375 3105 nasterium
403 3069 488 3103 illud
516 3069 715 3109 mulierum,
742 3068 835 3112 quod
859 3068 989 3109 „Sanct
1008 3067 1114 3101 Peter
1140 3078 1183 3100 an
1211 3067 1273 3100 der
1293 3065 1406 3100 Falir⁴⁴
1430 3065 1637 3104 vocabatur,
1664 3062 1777 3097 Sociis
1802 3061 1949 3095 daretur

182 3124 314 3167 (Koma
338 3124 486 3166 Grober,
513 3121 730 3156 Gescliichte
756 3122 819 3155 des
844 3120 1153 3163 Jesuitenkollegs
1179 3119 1251 3153 und
1276 3119 1548 3164 —Gymnasiums
1574 3117 1607 3151 in
1638 3116 1827 3156 KonstanZ,
1855 3113 1947 3147 Kon-

180 3180 281 3211 stanz
312 3176 410 3217 1904,
437 3176 488 3219 4).
634 3176 646 3194 ⁵
674 3174 839 3209 Ceterum
859 3174 951 3215 vide,
980 3185 1071 3218 quae
1097 3173 1164 3207 sub
1190 3173 1288 3218 ipsas
1310 3172 1376 3206 has
1403 3172 1544 3205 litteras
1570 3169 1788 3204 notabunt-ur
1814 3179 1847 3202 n.
1869 3167 1898 3201 1.
