2062 3443
847 144 948 178 1575.
990 143 1091 178 1578.
1768 149 1851 188 749

83 262 244 303 volebat,
290 264 542 307 praeceperat;
588 272 678 305 quas
717 261 966 295 Institutiones
1011 272 1042 294 a.
1079 260 1313 295 1572—1573
1359 262 1580 306 conscriptas
1625 272 1704 295 csse
1748 262 1854 296 valde

82 315 277 350 verisimile
304 318 369 355 est,
404 318 445 349 ut
480 327 524 349 ex
552 315 592 349 R.
619 314 658 349 P.
686 316 883 348 Francisco
915 326 982 347 van
1014 316 1145 357 Ortroys
1172 314 1204 348 S.
1233 314 1265 348 J.
1294 326 1412 348 rerum
1439 316 1473 349 S.
1494 314 1610 348 Caroli
1638 315 1854 358 peritissimo

81 369 215 414 accepi.
265 369 320 402 lta
347 368 458 411 igitur
484 369 518 402 S.
538 368 688 402 Carolus
715 368 757 402 de
788 367 924 410 „classe
951 367 1218 401 Humanitatis“
1249 368 1438 402 coustituit
1467 367 1556 409 (l'.I
1583 379 1611 401 c.
1632 368 1681 409 2).
1731 368 1855 410 „Feria

80 424 185 458 sexta
220 433 304 466 pars
330 422 452 466 aliqua
479 421 694 455 Catechismi
723 421 857 455 Gauisii
894 420 1094 465 explicetur
1130 432 1171 454 ac
1197 422 1403 454 memoriter
1438 421 1734 465 pronuncietur'‘:
1762 421 1854 455 Acta

34 499 36 502 -
82 475 267 510 Ecclesiae
304 475 584 509 Mediolanensis
627 487 647 509 a
690 476 818 509 Carolo
860 475 1054 508 Cardinali
1096 475 1131 508 S.
1169 475 1345 507 prr-[seclis
1383 474 1661 518 Archiepiscopo
1700 475 1853 514 condita,

80 529 271 563 Mediolani
302 529 402 569 1599,
429 529 509 563 949.

198 581 364 615 Ceterum
391 582 426 615 in
452 581 643 615 seminario
670 581 926 615 mediolanensi
954 580 1196 615 catechismus
1223 580 1356 614 Canisii
1384 581 1452 614 iam
1481 579 1725 624 compluribus
1752 580 1854 613 aunis

77 637 161 670 ante
180 638 328 680 coeptus
347 637 424 669 erat
442 635 635 679 explicari:
655 646 735 668 nam
756 634 957 668 Mediolano
975 634 1032 668 29.
1048 634 1134 667 Maii
1152 634 1240 668 1567
1262 634 1298 667 S.
1317 634 1469 667 Carolus
1487 633 1671 667 Leonardo
1690 633 1853 669 Marinio.

78 688 244 733 episcopo
263 688 391 723 albano
412 688 520 730 (Alba
540 688 721 733 Pompeia,
741 688 861 730 Alba),
889 687 1055 731 scripsit:
1086 687 1236 729 „Mando
1255 698 1274 720 a
1295 687 1427 720 Vostra
1447 686 1611 729 Signoria
1630 686 1653 719 li
1674 686 1716 719 25
1733 686 1852 720 Sinodi

78 741 307 776 Prouinciali.
328 769 335 776 .
355 768 362 775 .
385 768 392 775 .
430 741 575 775 Hauera
602 741 777 775 anch‘ora
804 743 858 775 tre
885 743 998 775 forme
1024 741 1057 774 di
1086 740 1252 774 Dottrina
1272 740 1477 774 Christiana
1504 742 1596 773 tutte
1623 739 1679 772 del
1700 738 1852 776 Canisio.

77 795 130 829 de'
152 795 248 839 quali
274 795 305 829 si
330 806 434 828 seruc
461 795 485 827 il
505 795 701 828 Seminario
728 795 788 838 qui
816 795 849 828 di
870 794 1022 828 Milano:
1051 794 1128 827 anzi
1156 805 1222 838 pur
1249 793 1283 826 di
1310 793 1378 827 due
1404 793 1615 833 solamente,
1641 792 1707 826 che
1734 792 1854 835 quella

77 848 139 894 piu
165 849 272 882 breue
298 848 319 882 l'
332 848 449 882 hanno
476 848 698 882 tralasciata.
742 847 821 881 Ella
848 849 953 892 sapra
980 859 1037 881 mo
1064 847 1195 890 meglio
1219 846 1250 880 d‘
1263 847 1347 889 ogni
1366 858 1435 880 uno
1454 846 1601 889 elegger
1627 845 1660 878 la
1679 845 1852 889 migliore.

76 904 115 936 et
148 901 281 936 hauero
308 913 390 936 caro
418 901 483 935 che
510 913 566 934 me
593 913 636 934 ne
663 902 721 935 dia
748 902 803 945 poi
832 901 1000 935 auuiso“:
1037 902 1198 935 Aristide
1224 901 1324 941 Sala,
1355 899 1568 933 Documenti
1597 899 1691 932 circa
1717 899 1750 932 la
1778 900 1852 932 vita

80 967 99 989 e
125 955 158 989 le
184 959 286 999 geste
313 955 347 988 di
374 954 408 989 S.
429 954 533 989 Carlo
560 955 751 988 Borromeo
779 955 821 994 II,
849 954 982 988 Milano
1012 955 1112 993 1858,
1140 954 1220 988 258.

195 1010 225 1042 4.
254 1007 437 1042 Bruxellis
472 1008 506 1041 in
543 1008 759 1042 bibliotheca
795 1008 894 1051 regia
932 1009 981 1051 (n.
1011 1008 1152 1050 20956)
1190 1009 1312 1040 exstat
1347 1006 1497 1040 *Codex
1533 1017 1640 1039 manu
1676 1005 1852 1050 scriptus:

81 1061 208 1104 „Parui
249 1061 468 1095 Catechismi
504 1060 571 1095 Dni
612 1061 707 1095 Petri
736 1061 868 1095 Canisii
909 1061 1111 1102 elucidatio,
1150 1072 1213 1104 per
1252 1059 1483 1103 quaestiones
1518 1062 1553 1093 et
1588 1059 1853 1103 Responsiones

75 1115 234 1149 eiusdem
262 1114 480 1149 Catechismi
507 1127 632 1148 verum
668 1118 704 1148 et
739 1126 950 1158 germanum
977 1125 1122 1148 sensum
1150 1114 1393 1158 inquirentes:
1430 1113 1592 1146 Authore
1619 1111 1659 1146 D.
1689 1111 1852 1146 Cornelio

77 1167 247 1202 Gaudano
287 1168 478 1202 Societatis
517 1168 624 1202 lhesu
662 1167 847 1210 Theologo
876 1186 883 1192 ·
913 1167 1061 1212 Lovanij
1098 1169 1202 1201 Anno
1241 1168 1341 1201 1575.
1394 1166 1424 1201 3.
1459 1166 1580 1200 Ualen.
1608 1165 1851 1199 Decembris“.

78 1221 130 1263 (8ο
155 1222 259 1262 min.;
288 1222 322 1255 ff.
342 1233 412 1255 non
438 1222 530 1264 sign.
551 1221 649 1264 235).
691 1222 743 1255 lta
765 1222 1018 1263 Somnierroyel
1044 1222 1065 1255 1.
1085 1233 1114 1255 c.
1134 1221 1184 1254 111
1213 1222 1316 1254 1265.
1353 1222 1471 1264 Atque
1493 1220 1684 1260 Cataloyus
1709 1218 1851 1262 quidem

75 1275 216 1319 collegii
249 1275 469 1309 lovaniensis
505 1275 587 1308 anni
628 1276 717 1308 1574
753 1274 862 1308 habet
901 1275 1097 1316 ⁷..loannem
1135 1274 1384 1308 Gerbrandum
1417 1272 1664 1313 Goudanum“‚
1700 1284 1730 1306 a.
1763 1273 1853 1306 1554

74 1331 207 1369 natum,
228 1329 320 1363 1568
338 1329 373 1362 in
393 1329 608 1363 Societatem
630 1330 851 1372 ingressum3
879 1330 939 1372 qui
959 1340 990 1362 a.
1013 1328 1102 1362 1579
1121 1327 1285 1361 Atrebati
1306 1327 1448 1370 (Arras)
1470 1326 1670 1361 sacerdotio
1689 1326 1853 1359 initiatus

75 1385 131 1417 est
156 1385 192 1416 et
217 1394 247 1416 a.
271 1382 372 1423 1613,
409 1394 488 1416 cum
517 1393 622 1416 casus
650 1381 890 1416 conscientiae
929 1382 1164 1426 explicuisset
1199 1383 1233 1415 et
1269 1381 1401 1414 latinas
1436 1380 1620 1414 contiones
1656 1379 1851 1419 habuisset,

75 1436 299 1482 Antverpiae
334 1439 498 1469 mortuus
534 1439 589 1469 est
627 1436 898 1478 (Sommervoqel
933 1435 956 1469 1.
989 1436 1053 1478 c.);
1094 1446 1210 1478 neque
1246 1446 1332 1468 vero
1368 1434 1557 1478 quisquam
1598 1434 1631 1466 in
1669 1433 1851 1467 Sociorum

76 1501 223 1523 numero
250 1489 398 1534 reperiri
432 1492 551 1534 potest
578 1489 764 1523 Cornelius
790 1489 868 1522 sive
896 1489 1090 1523 Goudanus
1117 1489 1195 1522 sive
1223 1487 1431 1522 Gaudanus.
1476 1487 1593 1528 Quare
1619 1487 1670 1520 sic
1698 1487 1851 1520 conicio:

74 1541 144 1576 Pro
167 1542 353 1584 „Cornelio
381 1542 574 1576 Gaudano“
606 1541 797 1585 legendum
825 1541 882 1575 vel
909 1541 1136 1576 scribendum
1164 1542 1233 1575 fuit
1263 1541 1428 1583 „Nicolao
1456 1540 1671 1580 Goudano“;
1700 1545 1736 1573 et
1762 1540 1852 1574 haec-

81 1595 322 1638 „Elucidatio‘
345 1608 365 1629 a
383 1596 568 1640 praeclaro
588 1595 649 1629 illo
664 1595 810 1629 Nicolao
829 1596 943 1630 Floris
964 1595 1168 1638 (Florentii)
1190 1595 1362 1629 Goudano
1380 1594 1577 1639 composita
1595 1596 1661 1631 est.
1681 1594 1751 1638 qui,
1771 1605 1851 1627 cuni

76 1649 225 1683 Lovanii
252 1649 384 1684 litteris
410 1661 554 1694 operam
583 1649 750 1687 dedisset,
779 1648 991 1683 Societatem
1020 1649 1180 1689 intravit,
1209 1648 1421 1692 ingolstadii
1448 1653 1483 1682 et
1502 1647 1734 1681 Vindobonae
1752 1647 1850 1681 theo-

74 1702 207 1746 logiam
226 1715 306 1737 cum
323 1702 466 1737 Canisio
485 1703 615 1743 docuit,
635 1714 655 1736 a
674 1703 843 1746 pontifice
861 1703 897 1735 in
917 1703 1072 1737 Scotiam
1092 1703 1224 1736 missus
1239 1704 1304 1743 est,
1324 1714 1355 1735 a.
1374 1702 1463 1735 1565
1480 1701 1629 1735 Lovanii
1644 1712 1851 1745 supremum

74 1756 166 1790 diem
193 1756 290 1798 obiit,
327 1768 406 1791 cum
434 1757 565 1790 ibidem
592 1756 730 1790 ultimis
758 1756 853 1789 vitae
890 1756 993 1790 annis
1020 1756 1277 1791 catechismum
1304 1756 1340 1789 in
1366 1755 1478 1789 variis
1503 1755 1755 1788 universitatis
1782 1754 1850 1788 col-

73 1806 180 1854 legiis
205 1809 498 1844 adulescentibus
524 1811 680 1843 omnium
708 1809 976 1853 disciplinarum
996 1809 1166 1844 studiosis
1193 1809 1413 1853 explicasset
1433 1808 1658 1851 (Sacc-hinne,
1688 1808 1781 1841 Hist.
1802 1807 1851 1841 ΙΙΙ

74 1863 97 1898 1.
118 1864 134 1897 1
162 1875 196 1898 11.
216 1863 376 1904 88—95;
407 1864 528 1898 Can.I
555 1864 624 1898 3:39
651 1864 758 1905 729);
787 1874 852 1897 nec
877 1863 1006 1896 mirum
1034 1865 1099 1903 est,
1132 1874 1211 1896 eum
1240 1862 1373 1896 Canisii
1402 1862 1671 1896 Catechismum
1698 1872 1849 1906 parvum

74 1916 295 1961 explicasse;
323 1917 367 1951 ad
393 1916 488 1951 hunc
515 1917 607 1950 enim
637 1916 919 1961 componendum
946 1916 1022 1961 ipse
1042 1928 1184 1961 operam
1213 1916 1414 1950 contulerat
1435 1915 1710 1957 (Can.11207).
1749 1915 1852 1949 Hanc

72 1970 195 2014 itaque
222 1970 498 2014 explicationem
526 1982 547 2004 a
574 1970 747 2005 Goudano
774 1969 933 2010 Lovanii,
970 1973 1011 2003 ut
1038 1970 1191 2010 videtur,
1228 1969 1390 2003 relictam
1417 1969 1546 2003 ibidem
1574 1969 1650 2002 fere
1679 1968 1722 2002 10
1749 1969 1852 2002 annis

73 2029 155 2068 post
173 2023 304 2068 aliquis
321 2025 482 2068 suscepit
500 2024 808 2058 transcribendam
829 2026 864 2057 et
883 2035 972 2067 opus
992 2023 1046 2057 30.
1067 2022 1276 2057 Decembris
1297 2023 1386 2057 1575
1407 2022 1582 2062 absolvit;
1610 2022 1670 2066 qui
1697 2022 1852 2056 fortasse

74 2077 142 2111 fuit
168 2077 442 2118 Benedictinus;
479 2089 573 2117 nam,
610 2080 649 2110 ut
675 2089 718 2110 ex
748 2077 787 2110 R.
817 2077 856 2110 1³.
885 2077 1037 2119 Alfi-edo
1064 2077 1222 2110 P0›1‹·elet
1249 2076 1282 2110 S.
1311 2077 1343 2110 J.
1373 2077 1505 2120 accepi.
1541 2076 1608 2109 sub
1644 2075 1776 2109 codicis
1803 2076 1852 2108 in-

74 2130 268 2175 scriptione
293 2134 459 2165 notatum
480 2134 555 2165 est:
587 2131 713 2172 ,Liber
739 2131 947 2164 monasterii
968 2130 1090 2164 Sancti
1111 2130 1289 2164 Trudonis
1309 2130 1345 2163 F.
1365 2130 1385 2164 8
1413 2128 1605 2172 (St-Trond
1634 2129 1668 2162 in
1698 2128 1851 2172 Belgio).

80 2183 282 2229 Explicatio
321 2187 453 2225 autem,
493 2188 533 2218 ut
572 2184 665 2217 idem
704 2184 742 2217 P.
774 2183 946 2218 Poncelet
981 2183 1066 2217 milii
1103 2183 1260 2228 scripsit,
1300 2184 1350 2216 ita
1385 2183 1482 2217 facta
1518 2186 1584 2222 est,
1623 2184 1663 2215 ut
1699 2181 1853 2226 singulis

75 2237 284 2271 catechismi
314 2237 486 2272 canisiani
505 2237 796 2281 quaestionibus
823 2237 1186 2281 responsionibusque
1213 2236 1438 2270 subiciantur
1464 2236 1712 2270 commentarii
1739 2235 1854 2269 instar

79 2290 171 2324 aliae
207 2292 436 2335 quaestiones
472 2294 508 2325 et
543 2290 859 2335 quaestiunculae,
896 2290 1026 2334 quibus
1054 2289 1187 2324 Canisii
1213 2289 1393 2323 sententia
1428 2289 1570 2334 planius
1606 2292 1642 2323 et
1673 2289 1853 2333 copiosius

79 2348 291 2389 exponatur.

195 2398 226 2432 5.
263 2398 396 2442 Brugis
434 2398 600 2442 (Bruges
638 2397 794 2441 Brfigge‚
831 2398 865 2431 in
899 2397 1041 2440 Belgio)
1078 2397 1112 2430 in
1149 2395 1366 2430 bibliotheca
1402 2395 1545 2441 publica
1581 2398 1702 2430 exstat
1732 2395 1852 2430 Codex

79 2449 292 2485 chartaceus
318 2452 354 2485 in
382 2453 420 2485 4ο
449 2451 555 2495 (sign.
581 2451 710 2494 ‚248“)
737 2463 781 2484 ex
809 2451 952 2485 abbatia
973 2451 1050 2484 Dun
1078 2451 1293 2494 proveniens
1317 2453 1353 2484 et
1370 2450 1471 2484 varia
1489 2450 1624 2494 scripta
1652 2449 1854 2492 theologica

70 2504 210 2539 'saeculi
245 2504 341 2539 XVI.
371 2505 634 2549 complectens;
673 2516 717 2538 ex
753 2515 904 2548 quorum
938 2515 1086 2538 numero
1123 2506 1178 2537 est
1213 2503 1431 2546 „Luculenta
1466 2503 1619 2547 quedam
1656 2514 1697 2537 ac
1732 2502 1854 2537 brevis

77 2558 290 2592 exercitatio
326 2559 538 2592 catechismi
573 2557 614 2591 R.
644 2558 683 2591 P.
712 2561 804 2602 petri
840 2558 1047 2592 canisii...
1076 2568 1096 2590 a
1132 2558 1306 2600 magistro
1341 2556 1479 2591 alberto
1514 2556 1730 2590 herlemensi
1757 2556 1792 2591 S.
1820 2557 1852 2590 J.

75 2610 242 2655 theologo
280 2611 384 2646 nobis
422 2611 557 2646 tradita
595 2623 687 2645 anno
729 2612 819 2645 1578
847 2610 943 2644 XIX.
968 2610 1105 2655 junij“:
1146 2609 1344 2653 Catalogue
1383 2610 1445 2644 des
1480 2609 1700 2644 Manuscrits
1739 2610 1781 2644 de
1819 2609 1854 2644 la

74 2663 318 2709 bibliotheque
351 2665 522 2710 publique
550 2665 592 2698 de
619 2664 770 2708 Bruges,
798 2675 863 2708 par
892 2665 929 2698 P.
948 2666 978 2697 1.
999 2665 1135 2703 Laude,
1162 2662 1450 2703 Bibliothecaire,
1477 2663 1617 2706 Bruges
1645 2663 1745 2704 1859,
1773 2663 1853 2697 227.

76 2716 129 2751 Cf.
149 2717 256 2751 etiam
284 2719 337 2752 De
359 2719 510 2761 Bac-ker,
538 2717 630 2751 Bibl.
650 2717 699 2751 111
727 2717 831 2752 2055.
876 2718 1131 2759 Sommerroyel
1157 2716 1351 2756 existimat,
1378 2716 1592 2759 magistrum
1619 2715 1715 2750 hunc
1742 2716 1854 2750 fuisse

80 2770 289 2813 „Albertum
326 2770 534 2805 Erenburch
572 2770 880 2811 Harlemensem“,
916 2773 1039 2803 natum
1077 2781 1108 2803 a.
1140 2769 1241 2809 1553,
1276 2769 1478 2803 tirocinium
1515 2769 1722 2814 provinciae
1757 2769 1791 2804 S.
1820 2770 1852 2804 J.

75 2822 269 2858 flandricae
296 2824 500 2867 ingressum
527 2824 560 2857 8.
580 2823 666 2857 Maii
689 2823 790 2864 1572,
816 2826 995 2856 mortuum
1016 2822 1285 2856 Mosaetraiecti
1311 2821 1367 2856 28.
1388 2822 1554 2856 Octobris
1575 2822 1663 2857 1581
1697 2822 1735 2866 (1.
1754 2834 1783 2857 c.
1802 2822 1853 2856 IV

77 2876 292 2921 112—113).
340 2876 406 2918 Qui
433 2877 469 2911 in
496 2888 565 2910 uno
592 2888 637 2910 ex
663 2877 770 2910 huius
796 2876 1003 2921 provinciae
1031 2876 1194 2918 collegiis
1222 2875 1386 2909 docuisse
1413 2875 1567 2910 videtur.

195 2931 226 2965 6.
267 2931 350 2965 Chr.
377 2931 545 2964 d'Elvert
580 2929 758 2965 affirmat:
799 2929 1051 2964 Sebastianum
1090 2929 1247 2972 Freytag
1283 2928 1474 2973 (Freitag),
1511 2930 1684 2964 canoniae
1719 2929 1854 2963 ordinis

76 2984 439 3028 praemonstratensis
474 2985 653 3028 pontanae
693 2983 845 3026 (Bruck)
882 2994 992 3027 prope
1028 2982 1221 3027 Znoymam
1255 2981 1408 3025 (Znaim)
1446 2982 1631 3017 Moraviae
1666 2983 1850 3017 civitatem

77 3035 167 3070 sitae
205 3036 373 3071 abbatem
412 3038 536 3080 (quem
577 3036 788 3081 disciplinae
826 3036 1017 3079 religiosae
1056 3035 1311 3068 instaurandae
1353 3038 1390 3069 et
1431 3035 1615 3079 religionis
1653 3036 1852 3070 catholicae

63 3090 230 3124 -tuendae
268 3090 573 3124 studiosissimum
612 3089 726 3123 fuisse
765 3090 944 3131 constat),
984 3089 1017 3122 5.
1048 3087 1232 3121 Februarii
1274 3088 1364 3123 1578
1401 3089 1533 3123 rectori
1575 3089 1716 3132 collegii
1752 3094 1785 3123 S.
1819 3090 1852 3124 J.

79 3141 266 3177 brunensis
286 3142 341 3185 (P.
361 3143 568 3177 Alexandro
587 3142 727 3187 Holler)
757 3154 900 3188 operam
928 3141 1102 3176 obtulisse
1129 3141 1172 3176 ad
1193 3141 1326 3175 Canisii
1348 3141 1565 3184 „doctrinam
1595 3143 1848 3178 christianam‘
