2062 3443
650 213 744 247 Mon.
773 213 875 247 1163.
920 212 968 246 Μ.
990 212 1079 246 Iulio
1106 224 1136 246 a.
1161 213 1262 247 1574.
1759 216 1843 257 705

69 344 115 374 se,
143 332 246 374 quod,
273 335 459 373 (antequam
488 331 599 363 Roma
627 331 751 371 abiret,
780 330 1051 362 Morem-fanum
1077 330 1237 362 salutare
1263 341 1334 363 non
1356 330 1537 372 poluerit,·
1562 342 1596 363 se
1618 334 1672 363 25.
1693 331 1845 373 Septem-

71 386 146 418 bris
183 384 403 426 llerhipoltm
440 385 580 417 redisse.
633 383 742 417 l'orro
775 393 882 416 vnum
919 385 984 422 est,
1021 382 1113 424 quod
1151 385 1187 415 et
1222 382 1325 415 vnice
1363 382 1698 417 Reuerendissimae
1736 384 1773 418 P.
1802 384 1843 418 V.

71 437 276 480 significare
304 437 337 470 in
374 437 531 470 maxima
566 437 674 470 etiam
711 436 889 470 scribendi
927 435 1198 478 importunitate
1230 435 1338 479 uoluj.
1393 436 1450 469 Me
1477 436 1610 470 Romae.
1645 449 1666 470 a
1692 437 1846 480 quodam

71 489 273 526 Coloniensi
301 489 412 523 fratre
441 489 586 524 Ordinis
614 489 653 523 D.
683 489 864 523 Francisci
893 488 1122 522 familiariter
1147 500 1189 524 ac
1216 488 1351 532 liquide
1377 489 1566 523 admodum
1595 490 1818 525 intellexisse
1837 509 1844 516 ·

72 543 165 588 quod
193 542 227 577 S.
252 544 288 577 D.
308 542 376 577 N.¹
403 543 438 576 in
465 543 584 577 animo
609 543 740 577 habeat
769 542 1018 576 Reuerendum
1046 541 1146 576 P.‘D.
1168 542 1351 576 Canisium
1380 542 1528 577 Romam
1556 543 1599 577 ad
1628 543 1845 578 Concionan-

71 598 154 631 dum
174 597 210 629 in
232 595 392 630 Ecclesia
409 595 685 630 Teutonicorum
701 596 712 616 ²
738 607 801 641 per
823 594 1143 638 Quadi-agesimam
1157 595 1170 615 ³
1196 598 1231 629 et
1257 595 1350 629 forte
1377 599 1492 629 totum
1513 607 1644 630 annum
1664 597 1846 631 Jubilaei⁴

74 661 236 685 euocare.

192 704 326 738 Romae
352 703 388 738 in
415 702 649 737 cardinalium
686 702 965 746 congregatione
995 702 1202 745 germanica
1229 702 1260 737 7.
1288 701 1367 736 Iulii
1396 702 1488 737 1574
1514 703 1708 737 cardinalis
1734 702 1846 738 Ludo-

72 759 175 792 vicus
202 757 414 796 Madrutffls,
451 757 606 790 nationis
633 756 870 791 Germanicae
905 756 997 800 apud
1034 758 1198 790 sanctam
1232 755 1353 790 sedem
1390 758 1425 790 et
1451 756 1625 790 ecclesiae
1651 757 1690 791 B.
1711 757 1848 792 Mariae

73 811 115 845 de
134 810 263 844 Anima
290 812 480 854 protector,
511 811 726 855 „pi-oposuit,
754 810 883 844 bonum
903 809 1027 850 videri,
1054 812 1094 843 ut
1115 821 1177 854 pro
1196 821 1288 843 anno
1308 809 1456 843 lubilaei
1484 810 1717 854 conquiratur
1735 811 1848 845 bonus

72 864 300 899 concionator
335 863 479 905 linguae
507 862 753 904 Germanicae,
790 863 850 907 qui
886 862 1016 908 populo
1052 863 1096 897 ad
1132 862 1256 897 urbem
1283 863 1442 897 venienti
1479 866 1515 897 et
1550 864 1584 897 in
1612 875 1654 897 ea
1689 864 1848 899 manenti

71 917 284 952 satisfacere
319 916 443 961 possit.
502 916 646 950 Placuit
681 917 952 960 congregationi
992 919 1028 950 et
1064 916 1329 950 consideratum
1365 916 1453 956 fuit,
1496 916 1589 951 hanc
1622 918 1847 951 occasionem

72 974 194 1016 aptam
220 981 299 1004 esse
335 970 379 1003 ad
415 972 637 1004 evocandum
673 970 742 1004 huc
780 977 920 1014 patrem
956 969 1057 1004 illum
1083 969 1265 1011 Nassium,
1301 970 1361 1014 qui
1392 970 1486 1014 apud
1512 970 1741 1005 archiducem
1768 971 1844 1005 est“

75 1024 275 1068 (Sclnearz,
305 1022 388 1057 Gut.
416 1023 492 1067 92).

192 1077 269 1111 Hoc
295 1079 415 1110 tamen
442 1076 629 1110 consilium
658 1077 763 1121 paulo
798 1080 880 1122 post
905 1079 1085 1111 mutatum
1111 1088 1191 1111 esse
1217 1076 1408 1121 collegeris
1435 1089 1480 1111 ex
1506 1077 1665 1112 Fischeri
1692 1078 1849 1123 epistula

72 1142 178 1175 quam
206 1130 308 1164 modo
336 1129 457 1174 posui;
486 1129 632 1164 Fischer
651 1134 748 1164 certe
776 1131 961 1175 aliquanto
987 1134 1070 1175 post
1095 1130 1188 1165 hanc
1214 1131 1531 1175 congregationem
1551 1131 1663 1166 Roma
1680 1132 1849 1166 discessit

75 1185 137 1228 (cf.
158 1185 339 1227 Schwam,
366 1183 476 1217 Nunt.
500 1183 595 1226 168).
638 1184 797 1218 Tandem
826 1195 941 1228 neque
969 1184 1145 1225 Canisius‚
1172 1195 1288 1229 neque
1308 1185 1346 1219 P.
1365 1185 1518 1218 Ioannes
1544 1185 1665 1220 Nasus
1690 1186 1848 1220 officium

74 1238 161 1272 illud
190 1236 477 1276 administravit;
505 1237 566 1271 sed
587 1237 813 1271 contionator
832 1237 1052 1281 (germanus,
1080 1238 1181 1283 puto)
1209 1238 1293 1272 anni
1320 1237 1483 1272 iubilaris
1512 1239 1601 1273 1575
1628 1251 1649 1273 a
1675 1238 1848 1273 cardinali

73 1291 254 1326 Madrutio
289 1294 491 1336 protectore
529 1293 748 1325 constitutus
787 1294 843 1325 est
877 1292 1046 1325 sacerdos
1085 1291 1217 1335 aliquis
1252 1291 1386 1326 ordinis
1424 1292 1717 1326 praedicatorum
1757 1292 1847 1336 (Jos.

75 1346 284 1386 Schmidlin‚
320 1343 539 1378 Geschichte
574 1344 637 1378 der
672 1344 870 1378 deutschen
906 1344 1201 1379 Nationalkirche
1228 1345 1263 1379 in
1290 1344 1380 1379 Rom
1417 1344 1450 1379 S.
1470 1345 1585 1380 Maria
1612 1345 1847 1388 dell'Anima,

72 1399 248 1443 Freiburg
274 1400 295 1432 i.
316 1397 374 1433 ΒΓ.
402 1397 473 1430 und
493 1397 600 1431 VVien
630 1398 730 1439 1906,
757 1398 975 1441 403-404).

74 1491 219 1528 1163.
295 1490 338 1527 Μ.
364 1490 457 1527 Iulio
484 1501 517 1527 a.
544 1490 638 1527 1574.

195 1552 247 1586 Ex
274 1552 517 1596 autograph0;
546 1551 668 1588 Germ.
690 1552 756 1587 135
785 1552 810 1587 f.
833 1552 911 1587 106.

196 1613 409 1654 Maydalena
444 1613 569 1654 reye'na.
606 1613 746 1645 Canisie'
782 1624 891 1656 opera
926 1613 1103 1646 sacellano
1137 1613 1302 1646 destituta
1338 1625 1359 1646 α
1389 1614 1504 1647 Sociis
1539 1615 1717 1647 (auxilium
1749 1615 1847 1657 petit.

75 1666 211 1699 Eadem
238 1666 276 1699 P.
298 1666 463 1699 Natalem
489 1667 596 1699 timet.

195 1732 233 1765 P.
263 1732 437 1774 Hoffaeus
468 1732 703 1774 provincialis
737 1732 954 1773 12190l.‹ta‹li0
989 1734 1046 1765 22.
1077 1733 1164 1765 Inlt'c'
1192 1735 1282 1766 1574
1318 1734 1465 1765 Romam
1503 1734 1551 1766 ad
1577 1734 1849 1766 Mercurianum

71 1787 318 1829 praepositum
342 1786 538 1827 yeneralem
557 1784 643 1817 haee
669 1786 802 1818 redidit
821 1786 862 1817 de
881 1786 1096 1827 Maydalena
1118 1787 1255 1828 reyina,
1283 1798 1373 1829 qnae
1392 1787 1509 1819 Halae
1535 1787 1715 1829 colleyium
1736 1787 1850 1820 Socie-

75 1840 159 1872 tatis
193 1839 397 1871 instituerat
430 1842 460 1871 et
485 1840 649 1881 templum
686 1850 750 1872 suo
787 1840 963 1882 rt'rffl'nmn
992 1839 1133 1882 colleyio
1170 1841 1226 1879 (in
1255 1851 1322 1883 quo
1351 1842 1428 1883 ipsa
1465 1840 1614 1881 vivebat)
1641 1842 1850 1873 adiunctum

77 1893 268 1939 Sociorum·
288 1903 425 1935 quoque
449 1893 532 1925 usui
557 1893 823 1934 assc‘ynaverat:
849 1892 895 1926 dn
925 1892 1132 1926 visitatione
1159 1904 1254 1926 nunc
1282 1905 1418 1927 versor.
1463 1893 1614 1938 Scripsit
1639 1893 1683 1926 ad
1711 1904 1767 1927 me
1794 1893 1850 1928 his

73 1945 199 1979 diebus
218 1944 455 1979 Serenissima
473 1943 612 1988 Regina
639 1945 764 1979 literas
783 1945 890 1979 valde
908 1945 1119 1986 submissas,
1147 1946 1276 1990 quibus
1296 1947 1474 1980 instanter
1491 1946 1606 1992 petijt,
1630 1950 1671 1980 vt
1689 1946 1850 1981 Societas

74 2011 142 2033 non
170 2001 343 2042 grauetur
360 1998 396 2032 in
414 1998 528 2043 ipsius
547 1999 702 2042 gratiam
727 2002 762 2032 et
781 1999 1004 2043 obsequium,
1031 1999 1066 2032 in
1093 2005 1215 2033 nostro
1236 1999 1385 2034 Halensi
1411 2000 1546 2045 templo
1573 2000 1693 2034 diuina
1719 2000 1849 2042 officia,

73 2052 108 2086 id
135 2057 190 2086 est
209 2052 359 2086 Missam
386 2054 422 2085 et
440 2063 611 2097 vesperas
637 2052 763 2086 diebus
789 2053 905 2093 festis,
933 2056 969 2087 et
996 2053 1103 2086 etiam
1125 2064 1297 2098 vesperas
1325 2054 1540 2098 quibusdam
1567 2054 1692 2088 diebus
1718 2054 1849 2088 feriali-

74 2105 140 2140 bus
167 2116 296 2139 canere
323 2117 386 2150 per
406 2105 550 2139 vnicum
577 2106 812 2147 sacerdotem,
839 2106 948 2150 idque
974 2109 1113 2140 tantum
1142 2108 1185 2140 ad
1213 2119 1314 2142 suam
1343 2107 1469 2148 vitam,
1496 2118 1603 2151 quam
1629 2108 1681 2142 ait
1706 2119 1745 2142 se
1771 2120 1849 2142 sen—

74 2159 153 2200 tire,
180 2161 289 2203 atque
316 2159 424 2192 etiam
451 2170 516 2193 nos
542 2159 747 2201 metuimus,
775 2160 922 2195 breuem
951 2160 1045 2194 fore:
1072 2172 1110 2194 se
1129 2161 1221 2195 enim
1251 2172 1443 2206 pauperem
1463 2172 1543 2196 esse
1569 2164 1605 2195 et
1627 2172 1722 2195 nuno
1748 2174 1850 2196 occu-

75 2217 195 2257 patam
222 2212 257 2245 in
284 2212 444 2246 emendis
470 2213 604 2246 nostris
631 2213 817 2253 reditibus,
844 2225 910 2248 nec
938 2213 1043 2248 fac-ile
1069 2225 1174 2258 posse
1200 2214 1383 2259 proprium
1411 2214 1644 2259 Capellanum
1672 2215 1786 2255 alere;
1815 2219 1851 2249 et

73 2277 292 2310 quamquam
319 2265 362 2299 ad
391 2267 591 2310 proximum
620 2266 801 2300 biennium
821 2267 980 2301 Caesar⁵
1006 2267 1072 2301 sibi
1100 2267 1211 2302 bonas
1234 2270 1329 2301 ferat
1354 2268 1552 2313 suppetias,
1579 2271 1705 2313 postea
1731 2272 1850 2303 tamen

74 2319 141 2353 sibi
167 2318 234 2353 soli
261 2319 454 2363 quotannis
481 2330 672 2364 perparum
699 2320 970 2365 suppeditatum
999 2321 1060 2354 iri:
1096 2321 1256 2361 Accedit,
1290 2321 1417 2365 inquit,
1445 2322 1537 2365 quod
1565 2321 1743 2356 Sacellani
1770 2334 1849 2356 con-

74 2372 229 2407 ditiones
255 2383 363 2416 saepe
388 2375 539 2410 mutent.
566 2372 661 2407 sicut
687 2373 796 2408 etiam
824 2386 918 2408 nunc
945 2374 1081 2408 nullum
1110 2374 1228 2416 habet,
1254 2375 1395 2418 sibique
1422 2375 1567 2409 difficile
1594 2387 1673 2409 esse
1699 2375 1850 2409 subinde

73 2437 185 2461 nouos
210 2426 368 2471 reperire
404 2426 465 2470 qui
500 2426 661 2461 modeste
697 2428 884 2462 nobiscum
912 2431 948 2461 et
974 2429 1009 2461 in
1036 2431 1160 2461 nostra
1187 2427 1359 2462 Sacristia
1387 2431 1590 2463 versentur.
1640 2428 1850 2464 Reuerende

77 2479 194 2520 Pater,
221 2480 468 2513 existimarem
488 2480 530 2513 ad
551 2480 663 2514 vitam
690 2480 758 2515 hoc
777 2492 857 2516 esse
875 2481 990 2515 bonae
1008 2480 1169 2525 Reginae
1196 2481 1466 2525 indulgendum,
1494 2493 1586 2526 quae
1612 2486 1693 2527 post
1718 2483 1851 2517 sororis

74 2533 208 2567 obitum
237 2536 278 2567 vt
303 2533 379 2567 sola
407 2536 462 2567 est
474 2534 497 2574 ⁶,
523 2533 573 2567 ita
599 2534 750 2568 subinde
777 2535 950 2578 languida
976 2538 1012 2569 et
1037 2536 1163 2576 tristis,
1191 2547 1320 2579 resque
1337 2535 1372 2569 in
1391 2547 1430 2569 se
1457 2535 1595 2570 modica
1618 2536 1763 2569 videtur
1788 2548 1851 2581 pro

74 2589 177 2621 tanta
205 2597 366 2630 persona.
392 2597 459 2620 nec
485 2587 651 2621 existimo
670 2589 764 2632 quod
792 2588 898 2622 facile
925 2589 1116 2632 quicquam
1145 2588 1300 2633 amplius
1319 2600 1339 2622 a
1358 2589 1538 2623 Societate
1564 2591 1664 2634 petet
1682 2600 1851 2633 vnquam,

75 2640 121 2674 Et
151 2640 256 2674 audio
291 2651 338 2673 ex
366 2640 404 2674 P.
423 2640 566 2674 Canisio
599 2644 635 2675 et
662 2641 842 2676 Rectore⁷
878 2641 992 2686 ipsam
1020 2642 1063 2676 ob
1094 2641 1289 2676 aduentum
1317 2642 1356 2677 P.
1383 2642 1551 2676 Natalis⁸
1586 2654 1728 2687 quoque
1763 2642 1852 2677 nihil

19 2707 21 2710 ·
74 2696 290 2731 contentam,
317 2705 361 2727 ne
387 2693 502 2727 dicam
530 2696 707 2728 tentatam
726 2712 734 2720 ·
755 2706 836 2729 nam
857 2696 925 2730 sibi
944 2694 1051 2730 valde
1077 2696 1121 2729 ab
1148 2695 1352 2741 huiusmodj
1380 2695 1536 2741 ingenijs
1563 2697 1615 2730 ait
1631 2707 1670 2730 se
1691 2698 1851 2731 metuere

76 2747 200 2780 turbas
227 2748 264 2780 et
290 2746 456 2790 querelas
483 2749 518 2780 et
545 2747 665 2781 nescio
692 2747 790 2791 quid.
830 2748 907 2793 Ego
934 2749 1048 2784 bonae
1066 2749 1226 2792 Reginae
1255 2750 1297 2783 de
1324 2752 1431 2783 cantu
1462 2749 1550 2783 nihil
1576 2749 1755 2794 respondj,
1782 2749 1851 2784 nisi

75 2799 167 2843 quod
195 2798 239 2832 ad
267 2798 305 2833 P.
326 2799 369 2833 V.
396 2811 470 2833 rem
498 2799 606 2834 velim
633 2799 837 2836 deuoluere.
889 2802 1044 2836 Jnterim
1072 2802 1156 2836 dum
1182 2814 1291 2847 opera
1317 2805 1353 2836 et
1379 2802 1528 2836 consilio
1555 2802 1594 2837 P.
1615 2802 1760 2848 Canisij,
1787 2814 1852 2837 suo

75 2852 207 2896 optimo
234 2852 416 2886 sacellano
442 2852 556 2886 inuita
582 2852 726 2898 priuata
753 2866 833 2888 esse
860 2855 1000 2897 dicitur,
1027 2867 1093 2889 nos
1118 2855 1340 2901 supplemus.

202 2941 209 2960 ¹
237 2938 435 2983 Gregorius
460 2940 554 2975 XIII.
679 2944 692 2962 ²
719 2943 882 2978 Ecclesia
910 2943 949 2978 B.
969 2943 1105 2977 Mariae
1132 2943 1175 2977 de
1202 2944 1342 2978 Anima.

197 2993 209 3012 ³
236 2993 335 3027 Haec
361 2993 484 3027 futura
510 2998 588 3029 erat
614 3006 635 3029 a
661 2995 717 3030 die
747 2997 799 3031 16.
820 2996 1006 3031 Februarii
1033 2996 1076 3030 ad
1104 2997 1134 3030 2.
1156 2996 1292 3042 Aprilis
1323 2998 1423 3031 1575.

196 3048 208 3066 ⁴
236 3045 288 3079 De
314 3046 382 3080 hoc
406 3046 562 3081 iubilaeo
588 3060 621 3082 v.
649 3060 759 3093 supra
786 3061 818 3094 p.
843 3050 948 3084 231³.

197 3099 210 3118 ⁵
236 3098 507 3142 Maximilianus
534 3100 577 3134 11.
597 3101 839 3144 Magdalenae
866 3104 988 3137 frater.

197 3152 210 3172 ⁶
237 3152 376 3186 Helena
401 3153 526 3197 regina
552 3154 667 3189 Halae
692 3159 833 3190 mortua
861 3159 938 3190 erat
964 3157 997 3190 4.
1016 3155 1138 3190 Martii
1168 3156 1259 3190 1574
1289 3156 1515 3201 (Schellhass‚
1542 3156 1650 3191 Nunt.
1676 3157 1726 3191 ΙΙΙ
1753 3158 1851 3200 375).

200 3205 212 3224 “·
241 3205 279 3239 P.
300 3205 455 3240 Matthia
481 3206 656 3242 Lackner.
780 3210 793 3229 ⁸
819 3209 911 3243 Vide
937 3221 1046 3253 supra
1074 3221 1106 3254 p.
1128 3209 1207 3243 227.

149 3268 461 3302 Braunsberger,
481 3269 593 3296 Canisii
612 3270 768 3305 Epistulae
789 3273 820 3298 et
839 3274 924 3300 Aeta.
955 3273 1018 3299 Vll.
1521 3270 1566 3303 45
