<?xml version="1.0" encoding="UTF-8"?>
<!DOCTYPE html PUBLIC "-//W3C//DTD XHTML 1.0 Transitional//EN"
    "http://www.w3.org/TR/xhtml1/DTD/xhtml1-transitional.dtd">
<html xmlns="http://www.w3.org/1999/xhtml" xml:lang="en" lang="en">
 <head>
  <title>
</title>
<meta http-equiv="Content-Type" content="text/html;charset=utf-8" />
  <meta name='ocr-system' content='tesseract 3.04.00' />
  <meta name='ocr-capabilities' content='ocr_page ocr_carea ocr_par ocr_line ocrx_word'/>
</head>
<body>
  <div class='ocr_page' id='page_1' title='image "beatipetricanisi07cani_1001.png"; bbox 0 0 2062 3443; ppageno 0'>
   <div class='ocr_carea' id='block_1_1' title="bbox 141 174 1901 270">
    <p class='ocr_par' dir='ltr' id='par_1_1' title="bbox 141 174 1901 270">
     <span class='ocr_line' id='line_1_1' title="bbox 210 174 1901 221; baseline 0.003 -16"><span class='ocrx_word' id='word_1_1' title='bbox 210 174 405 216; x_wconf 73' lang='lat' dir='ltr'>Sumptibus</span> <span class='ocrx_word' id='word_1_2' title='bbox 431 186 469 206; x_wconf 88' lang='lat' dir='ltr'>ac</span> <span class='ocrx_word' id='word_1_3' title='bbox 497 176 582 216; x_wconf 83' lang='lat' dir='ltr'>typis</span> <span class='ocrx_word' id='word_1_4' title='bbox 608 175 769 206; x_wconf 78' lang='lat' dir='ltr'>IIERDER</span> <span class='ocrx_word' id='word_1_5' title='bbox 797 180 823 206; x_wconf 55' lang='grc' dir='ltr'>ὸε</span> <span class='ocrx_word' id='word_1_6' title='bbox 850 177 924 213; x_wconf 76' lang='lat' dir='ltr'>Co.,</span> <span class='ocrx_word' id='word_1_7' title='bbox 954 176 1239 218; x_wconf 80' lang='lat' dir='ltr'>typographorum</span> <span class='ocrx_word' id='word_1_8' title='bbox 1266 177 1430 208; x_wconf 71' lang='lat' dir='ltr'>editorum</span> <span class='ocrx_word' id='word_1_9' title='bbox 1457 177 1711 219; x_wconf 82' lang='lat' dir='ltr'>pontificiorum,</span> <span class='ocrx_word' id='word_1_10' title='bbox 1748 180 1901 221; x_wconf 73' lang='lat' dir='ltr'>l·&#39;ril›urgi</span> 
     </span>
     <span class='ocr_line' id='line_1_2' title="bbox 141 225 1243 270; baseline 0.001 -12"><span class='ocrx_word' id='word_1_11' title='bbox 141 227 338 269; x_wconf 86' lang='lat' dir='ltr'>Brisgoviae</span> <span class='ocrx_word' id='word_1_12' title='bbox 366 225 613 269; x_wconf 76' lang='lat' dir='ltr'>(Germaniae),</span> <span class='ocrx_word' id='word_1_13' title='bbox 642 229 870 270; x_wconf 85' lang='lat' dir='ltr'>gravissimum</span> <span class='ocrx_word' id='word_1_14' title='bbox 899 229 962 260; x_wconf 94' lang='lat' dir='ltr'>hoc</span> <span class='ocrx_word' id='word_1_15' title='bbox 989 239 1074 270; x_wconf 84' lang='lat' dir='ltr'>opus</span> <span class='ocrx_word' id='word_1_16' title='bbox 1101 229 1243 270; x_wconf 83' lang='lat' dir='ltr'>prodiit:</span> 
     </span>
    </p>
   </div>
   <div class='ocr_carea' id='block_1_2' title="bbox 143 363 1901 457">
    <p class='ocr_par' dir='ltr' id='par_1_2' title="bbox 143 363 1901 457">
     <span class='ocr_line' id='line_1_3' title="bbox 143 363 1901 457; baseline 0.002 -6"><span class='ocrx_word' id='word_1_17' title='bbox 143 364 904 452; x_wconf 87' lang='lat' dir='ltr'>CONCILIUNI</span> <span class='ocrx_word' id='word_1_18' title='bbox 968 363 1901 457; x_wconf 87' lang='lat' dir='ltr'>TRIDENTINUM</span> 
     </span>
    </p>
   </div>
   <div class='ocr_carea' id='block_1_3' title="bbox 250 525 1785 675">
    <p class='ocr_par' dir='ltr' id='par_1_3' title="bbox 250 525 1785 675">
     <span class='ocr_line' id='line_1_4' title="bbox 250 525 1785 590; baseline 0.003 -13"><span class='ocrx_word' id='word_1_19' title='bbox 250 525 685 578; x_wconf 85' lang='lat' dir='ltr'>DIARIORUM</span> <span class='ocrx_word' id='word_1_20' title='bbox 722 529 742 588; x_wconf 68' lang='lat' dir='ltr'><em>s</em></span> <span class='ocrx_word' id='word_1_21' title='bbox 776 525 1166 578; x_wconf 80' lang='lat' dir='ltr'>ACTORUM</span> <span class='ocrx_word' id='word_1_22' title='bbox 1202 530 1222 590; x_wconf 71' lang='lat' dir='ltr'><em>s</em></span> <span class='ocrx_word' id='word_1_23' title='bbox 1258 527 1785 581; x_wconf 81' lang='lat' dir='ltr'>EPISTULARUM</span> 
     </span>
     <span class='ocr_line' id='line_1_5' title="bbox 385 619 1650 675; baseline 0.002 -3"><span class='ocrx_word' id='word_1_24' title='bbox 385 619 911 673; x_wconf 83' lang='lat' dir='ltr'>TRACTATUUM</span> <span class='ocrx_word' id='word_1_25' title='bbox 956 621 1174 674; x_wconf 87' lang='lat' dir='ltr'>NOVA</span> <span class='ocrx_word' id='word_1_26' title='bbox 1216 621 1650 675; x_wconf 88' lang='lat' dir='ltr'>COLLECTIO</span> 
     </span>
    </p>
   </div>
   <div class='ocr_carea' id='block_1_4' title="bbox 383 740 1652 977">
    <p class='ocr_par' dir='ltr' id='par_1_4' title="bbox 383 740 1652 977">
     <span class='ocr_line' id='line_1_6' title="bbox 383 740 1652 782; baseline 0.002 -2"><span class='ocrx_word' id='word_1_27' title='bbox 383 741 650 780; x_wconf 88' lang='lat' dir='ltr'>EDIDIT</span> <span class='ocrx_word' id='word_1_28' title='bbox 699 740 1067 782; x_wconf 81' lang='lat' dir='ltr'>SOCIETAS</span> <span class='ocrx_word' id='word_1_29' title='bbox 1112 740 1652 782; x_wconf 85' lang='lat' dir='ltr'>GOERRESIANA</span> 
     </span>
     <span class='ocr_line' id='line_1_7' title="bbox 383 804 1651 848; baseline 0.003 -4"><span class='ocrx_word' id='word_1_30' title='bbox 383 804 927 846; x_wconf 86' lang='lat' dir='ltr'>PROMOVENDIS</span> <span class='ocrx_word' id='word_1_31' title='bbox 973 806 1198 845; x_wconf 88' lang='lat' dir='ltr'>INTER</span> <span class='ocrx_word' id='word_1_32' title='bbox 1241 806 1651 848; x_wconf 83' lang='lat' dir='ltr'><strong>GERMANOS</strong></span> 
     </span>
     <span class='ocr_line' id='line_1_8' title="bbox 526 869 1510 912; baseline 0 -2"><span class='ocrx_word' id='word_1_33' title='bbox 526 869 990 912; x_wconf 86' lang='lat' dir='ltr'>CATHOLICOS</span> <span class='ocrx_word' id='word_1_34' title='bbox 1035 870 1510 912; x_wconf 83' lang='lat' dir='ltr'>LITTERARUM</span> 
     </span>
     <span class='ocr_line' id='line_1_9' title="bbox 868 935 1162 977; baseline 0 -1"><span class='ocrx_word' id='word_1_35' title='bbox 868 935 1162 977; x_wconf 85' lang='lat' dir='ltr'>STUDIIS</span> 
     </span>
    </p>
   </div>
   <div class='ocr_carea' id='block_1_5' title="bbox 954 1037 1081 1086">
    <p class='ocr_par' dir='ltr' id='par_1_5' title="bbox 954 1037 1081 1086">
     <span class='ocr_line' id='line_1_10' title="bbox 954 1037 1081 1086; baseline 0.008 -11"><span class='ocrx_word' id='word_1_36' title='bbox 954 1037 999 1076; x_wconf 92' lang='lat' dir='ltr'>In</span> <span class='ocrx_word' id='word_1_37' title='bbox 1033 1037 1081 1086; x_wconf 83' lang='lat'>40</span> 
     </span>
    </p>
   </div>
   <div class='ocr_carea' id='block_1_6' title="bbox 133 1150 1894 1199">
    <p class='ocr_par' dir='ltr' id='par_1_6' title="bbox 133 1150 1894 1199">
     <span class='ocr_line' id='line_1_11' title="bbox 133 1150 1894 1199; baseline 0.001 -10"><span class='ocrx_word' id='word_1_38' title='bbox 133 1151 271 1199; x_wconf 91' lang='lat' dir='ltr'>Opus</span> <span class='ocrx_word' id='word_1_39' title='bbox 306 1150 451 1187; x_wconf 89' lang='lat' dir='ltr'>brevi</span> <span class='ocrx_word' id='word_1_40' title='bbox 489 1150 694 1198; x_wconf 83' lang='lat' dir='ltr'>privato</span> <span class='ocrx_word' id='word_1_41' title='bbox 732 1150 922 1188; x_wconf 88' lang='lat' dir='ltr'>Leonis</span> <span class='ocrx_word' id='word_1_42' title='bbox 958 1151 997 1187; x_wconf 89' lang='lat' dir='ltr'>P.</span> <span class='ocrx_word' id='word_1_43' title='bbox 1027 1152 1066 1187; x_wconf 86' lang='lat' dir='ltr'>P.</span> <span class='ocrx_word' id='word_1_44' title='bbox 1094 1152 1200 1188; x_wconf 86' lang='lat' dir='ltr'>XIII.</span> <span class='ocrx_word' id='word_1_45' title='bbox 1239 1158 1284 1188; x_wconf 93' lang='lat' dir='ltr'>et</span> <span class='ocrx_word' id='word_1_46' title='bbox 1321 1151 1393 1187; x_wconf 88' lang='lat' dir='ltr'>Pii</span> <span class='ocrx_word' id='word_1_47' title='bbox 1434 1152 1470 1189; x_wconf 89' lang='lat' dir='ltr'>P.</span> <span class='ocrx_word' id='word_1_48' title='bbox 1501 1152 1539 1189; x_wconf 87' lang='lat' dir='ltr'>P.</span> <span class='ocrx_word' id='word_1_49' title='bbox 1567 1152 1615 1190; x_wconf 87' lang='lat' dir='ltr'>X.</span> <span class='ocrx_word' id='word_1_50' title='bbox 1648 1160 1894 1191; x_wconf 86' lang='lat' dir='ltr'>ornatum.</span> 
     </span>
    </p>
   </div>
   <div class='ocr_carea' id='block_1_7' title="bbox 131 1225 1896 1513">
    <p class='ocr_par' dir='ltr' id='par_1_7' title="bbox 131 1225 1896 1513">
     <span class='ocr_line' id='line_1_12' title="bbox 132 1225 1893 1277; baseline 0.001 -13"><span class='ocrx_word' id='word_1_51' title='bbox 132 1228 344 1265; x_wconf 89' lang='lat' dir='ltr'>Divisimus</span> <span class='ocrx_word' id='word_1_52' title='bbox 360 1227 489 1265; x_wconf 91' lang='lat' dir='ltr'>fontes</span> <span class='ocrx_word' id='word_1_53' title='bbox 505 1239 645 1265; x_wconf 90' lang='lat' dir='ltr'>omnes</span> <span class='ocrx_word' id='word_1_54' title='bbox 659 1227 699 1264; x_wconf 89' lang='lat' dir='ltr'>in</span> <span class='ocrx_word' id='word_1_55' title='bbox 713 1238 863 1275; x_wconf 87' lang='lat' dir='ltr'>genera</span> <span class='ocrx_word' id='word_1_56' title='bbox 878 1235 1077 1276; x_wconf 88' lang='lat' dir='ltr'>quattuor:</span> <span class='ocrx_word' id='word_1_57' title='bbox 1101 1227 1224 1265; x_wconf 86' lang='lat' dir='ltr'>diaria</span> <span class='ocrx_word' id='word_1_58' title='bbox 1241 1225 1370 1275; x_wconf 88' lang='lat' dir='ltr'>(totius</span> <span class='ocrx_word' id='word_1_59' title='bbox 1385 1228 1630 1266; x_wconf 83' lang='lat' dir='ltr'>collectionis</span> <span class='ocrx_word' id='word_1_60' title='bbox 1645 1236 1739 1267; x_wconf 87' lang='lat' dir='ltr'>tom.</span> <span class='ocrx_word' id='word_1_61' title='bbox 1757 1226 1893 1277; x_wconf 81' lang='lat'>1—111),</span> 
     </span>
     <span class='ocr_line' id='line_1_13' title="bbox 133 1282 1896 1335; baseline 0.001 -12"><span class='ocrx_word' id='word_1_62' title='bbox 133 1293 221 1324; x_wconf 89' lang='lat' dir='ltr'>acta</span> <span class='ocrx_word' id='word_1_63' title='bbox 251 1298 366 1324; x_wconf 89' lang='lat' dir='ltr'>sensu</span> <span class='ocrx_word' id='word_1_64' title='bbox 396 1286 590 1324; x_wconf 86' lang='lat' dir='ltr'>strictiore</span> <span class='ocrx_word' id='word_1_65' title='bbox 621 1282 729 1334; x_wconf 93' lang='lat' dir='ltr'>(tom.</span> <span class='ocrx_word' id='word_1_66' title='bbox 754 1283 931 1334; x_wconf 88' lang='lat' dir='ltr'>IV—IX),</span> <span class='ocrx_word' id='word_1_67' title='bbox 964 1287 1148 1334; x_wconf 81' lang='lat' dir='ltr'>epistulas</span> <span class='ocrx_word' id='word_1_68' title='bbox 1179 1284 1286 1333; x_wconf 91' lang='lat' dir='ltr'>(tom.</span> <span class='ocrx_word' id='word_1_69' title='bbox 1312 1288 1347 1323; x_wconf 78' lang='lat' dir='ltr'>X</span> <span class='ocrx_word' id='word_1_70' title='bbox 1377 1295 1415 1324; x_wconf 87' lang='lat' dir='ltr'>et</span> <span class='ocrx_word' id='word_1_71' title='bbox 1444 1284 1679 1335; x_wconf 81' lang='lat' dir='ltr'>sequentes),</span> <span class='ocrx_word' id='word_1_72' title='bbox 1711 1294 1896 1325; x_wconf 86' lang='lat' dir='ltr'>tractatus</span> 
     </span>
     <span class='ocr_line' id='line_1_14' title="bbox 131 1341 1893 1394; baseline 0.001 -11"><span class='ocrx_word' id='word_1_73' title='bbox 131 1342 273 1393; x_wconf 93' lang='lat' dir='ltr'>(tomus</span> <span class='ocrx_word' id='word_1_74' title='bbox 292 1341 456 1393; x_wconf 90' lang='lat' dir='ltr'>unicus),</span> <span class='ocrx_word' id='word_1_75' title='bbox 480 1353 518 1382; x_wconf 89' lang='lat' dir='ltr'>et</span> <span class='ocrx_word' id='word_1_76' title='bbox 537 1354 746 1394; x_wconf 79' lang='lat' dir='ltr'>postquam</span> <span class='ocrx_word' id='word_1_77' title='bbox 768 1346 861 1382; x_wconf 92' lang='lat' dir='ltr'>inde</span> <span class='ocrx_word' id='word_1_78' title='bbox 883 1347 932 1382; x_wconf 86' lang='lat' dir='ltr'>ab</span> <span class='ocrx_word' id='word_1_79' title='bbox 954 1358 1059 1382; x_wconf 88' lang='lat' dir='ltr'>anno</span> <span class='ocrx_word' id='word_1_80' title='bbox 1080 1348 1179 1393; x_wconf 78' lang='lat'>1894</span> <span class='ocrx_word' id='word_1_81' title='bbox 1193 1346 1232 1382; x_wconf 90' lang='lat' dir='ltr'>in</span> <span class='ocrx_word' id='word_1_82' title='bbox 1254 1347 1330 1383; x_wconf 91' lang='lat' dir='ltr'>hoc</span> <span class='ocrx_word' id='word_1_83' title='bbox 1352 1358 1473 1394; x_wconf 91' lang='lat' dir='ltr'>opere</span> <span class='ocrx_word' id='word_1_84' title='bbox 1494 1347 1711 1383; x_wconf 89' lang='lat' dir='ltr'>laboratum</span> <span class='ocrx_word' id='word_1_85' title='bbox 1727 1355 1795 1393; x_wconf 89' lang='lat' dir='ltr'>est,</span> <span class='ocrx_word' id='word_1_86' title='bbox 1818 1347 1893 1384; x_wconf 87' lang='lat' dir='ltr'>iam</span> 
     </span>
     <span class='ocr_line' id='line_1_15' title="bbox 131 1404 1894 1454; baseline 0.001 -12"><span class='ocrx_word' id='word_1_87' title='bbox 131 1416 179 1442; x_wconf 90' lang='lat' dir='ltr'>eo</span> <span class='ocrx_word' id='word_1_88' title='bbox 207 1411 264 1442; x_wconf 91' lang='lat' dir='ltr'>est</span> <span class='ocrx_word' id='word_1_89' title='bbox 291 1404 524 1453; x_wconf 89' lang='lat' dir='ltr'>profectum,</span> <span class='ocrx_word' id='word_1_90' title='bbox 552 1412 593 1442; x_wconf 89' lang='lat' dir='ltr'>ut</span> <span class='ocrx_word' id='word_1_91' title='bbox 619 1405 771 1452; x_wconf 88' lang='lat' dir='ltr'>singula</span> <span class='ocrx_word' id='word_1_92' title='bbox 797 1405 995 1441; x_wconf 81' lang='lat' dir='ltr'>volumina</span> <span class='ocrx_word' id='word_1_93' title='bbox 1022 1406 1082 1442; x_wconf 81' lang='lat' dir='ltr'>vel</span> <span class='ocrx_word' id='word_1_94' title='bbox 1111 1405 1321 1442; x_wconf 86' lang='lat' dir='ltr'>diariorum</span> <span class='ocrx_word' id='word_1_95' title='bbox 1344 1406 1404 1442; x_wconf 80' lang='lat' dir='ltr'>vel</span> <span class='ocrx_word' id='word_1_96' title='bbox 1432 1413 1607 1442; x_wconf 87' lang='lat' dir='ltr'>actorum</span> <span class='ocrx_word' id='word_1_97' title='bbox 1629 1406 1689 1443; x_wconf 87' lang='lat' dir='ltr'>vel</span> <span class='ocrx_word' id='word_1_98' title='bbox 1717 1405 1894 1454; x_wconf 86' lang='lat' dir='ltr'>epistula-</span> 
     </span>
     <span class='ocr_line' id='line_1_16' title="bbox 132 1463 1891 1513; baseline 0.001 -13"><span class='ocrx_word' id='word_1_99' title='bbox 132 1476 215 1501; x_wconf 87' lang='lat' dir='ltr'>rum</span> <span class='ocrx_word' id='word_1_100' title='bbox 237 1463 399 1513; x_wconf 89' lang='lat' dir='ltr'>singulis</span> <span class='ocrx_word' id='word_1_101' title='bbox 421 1465 534 1501; x_wconf 88' lang='lat' dir='ltr'>annis</span> <span class='ocrx_word' id='word_1_102' title='bbox 554 1464 715 1512; x_wconf 88' lang='lat' dir='ltr'>prodire</span> <span class='ocrx_word' id='word_1_103' title='bbox 736 1464 897 1512; x_wconf 86' lang='lat' dir='ltr'>possint.</span> <span class='ocrx_word' id='word_1_104' title='bbox 929 1465 1074 1501; x_wconf 87' lang='lat' dir='ltr'>Totum</span> <span class='ocrx_word' id='word_1_105' title='bbox 1095 1476 1193 1512; x_wconf 88' lang='lat' dir='ltr'>opus</span> <span class='ocrx_word' id='word_1_106' title='bbox 1219 1477 1351 1511; x_wconf 85' lang='lat'>12—13</span> <span class='ocrx_word' id='word_1_107' title='bbox 1374 1464 1636 1501; x_wconf 76' lang='lat' dir='ltr'>voluminibus</span> <span class='ocrx_word' id='word_1_108' title='bbox 1657 1465 1891 1503; x_wconf 86' lang='lat' dir='ltr'>absolvetur.</span> 
     </span>
    </p>
   </div>
   <div class='ocr_carea' id='block_1_8' title="bbox 201 1552 745 1591">
    <p class='ocr_par' dir='ltr' id='par_1_8' title="bbox 201 1552 745 1591">
     <span class='ocr_line' id='line_1_17' title="bbox 201 1552 745 1591; baseline -0.002 -1"><span class='ocrx_word' id='word_1_109' title='bbox 201 1553 307 1591; x_wconf 90' lang='lat' dir='ltr'>Editi</span> <span class='ocrx_word' id='word_1_110' title='bbox 336 1554 413 1591; x_wconf 91' lang='lat' dir='ltr'>iam</span> <span class='ocrx_word' id='word_1_111' title='bbox 443 1560 531 1590; x_wconf 87' lang='lat' dir='ltr'>sunt</span> <span class='ocrx_word' id='word_1_112' title='bbox 559 1553 598 1590; x_wconf 85' lang='lat' dir='ltr'>hi</span> <span class='ocrx_word' id='word_1_113' title='bbox 628 1552 745 1590; x_wconf 87' lang='lat' dir='ltr'>tomi:</span> 
     </span>
    </p>
   </div>
   <div class='ocr_carea' id='block_1_9' title="bbox 130 1629 1892 1797">
    <p class='ocr_par' dir='ltr' id='par_1_9' title="bbox 130 1629 1892 1797">
     <span class='ocr_line' id='line_1_18' title="bbox 130 1629 1892 1678; baseline 0 -10"><span class='ocrx_word' id='word_1_114' title='bbox 130 1631 278 1668; x_wconf 90' lang='lat' dir='ltr'>Tomus</span> <span class='ocrx_word' id='word_1_115' title='bbox 307 1631 341 1667; x_wconf 88' lang='lat'>1:</span> <span class='ocrx_word' id='word_1_116' title='bbox 374 1630 544 1668; x_wconf 90' lang='lat' dir='ltr'>Concilii</span> <span class='ocrx_word' id='word_1_117' title='bbox 574 1630 796 1668; x_wconf 85' lang='lat' dir='ltr'>Tridentini</span> <span class='ocrx_word' id='word_1_118' title='bbox 827 1629 1051 1667; x_wconf 90' lang='lat' dir='ltr'>Diariorum</span> <span class='ocrx_word' id='word_1_119' title='bbox 1082 1643 1172 1678; x_wconf 88' lang='lat' dir='ltr'>pars</span> <span class='ocrx_word' id='word_1_120' title='bbox 1202 1631 1347 1678; x_wconf 88' lang='lat' dir='ltr'>prima:</span> <span class='ocrx_word' id='word_1_121' title='bbox 1382 1631 1563 1668; x_wconf 87' lang='lat' dir='ltr'>Herculis</span> <span class='ocrx_word' id='word_1_122' title='bbox 1584 1631 1758 1668; x_wconf 85' lang='lat' dir='ltr'>Severoli</span> <span class='ocrx_word' id='word_1_123' title='bbox 1789 1643 1892 1668; x_wconf 90' lang='lat' dir='ltr'>com-</span> 
     </span>
     <span class='ocr_line' id='line_1_19' title="bbox 200 1689 1892 1738; baseline 0.001 -11"><span class='ocrx_word' id='word_1_124' title='bbox 200 1690 426 1728; x_wconf 90' lang='lat' dir='ltr'>mentarius.</span> <span class='ocrx_word' id='word_1_125' title='bbox 486 1689 630 1737; x_wconf 85' lang='lat' dir='ltr'>Angeli</span> <span class='ocrx_word' id='word_1_126' title='bbox 670 1689 887 1727; x_wconf 84' lang='lat' dir='ltr'>Massarelli</span> <span class='ocrx_word' id='word_1_127' title='bbox 928 1689 1062 1727; x_wconf 86' lang='lat' dir='ltr'>Diaria</span> <span class='ocrx_word' id='word_1_128' title='bbox 1094 1691 1234 1726; x_wconf 86' lang='lat' dir='ltr'>I-IV.</span> <span class='ocrx_word' id='word_1_129' title='bbox 1295 1689 1475 1738; x_wconf 87' lang='lat' dir='ltr'>Collegit,</span> <span class='ocrx_word' id='word_1_130' title='bbox 1517 1689 1650 1735; x_wconf 87' lang='lat' dir='ltr'>edidit,</span> <span class='ocrx_word' id='word_1_131' title='bbox 1691 1690 1892 1728; x_wconf 90' lang='lat' dir='ltr'>illustravit</span> 
     </span>
     <span class='ocr_line' id='line_1_20' title="bbox 201 1748 1891 1797; baseline 0.001 -11"><span class='ocrx_word' id='word_1_132' title='bbox 201 1748 543 1786; x_wconf 85' lang='lat' dir='ltr'>Sebastianus</span> <span class='ocrx_word' id='word_1_133' title='bbox 583 1748 794 1786; x_wconf 89' lang='lat' dir='ltr'>Merkle.</span> <span class='ocrx_word' id='word_1_134' title='bbox 853 1748 953 1786; x_wconf 93' lang='lat' dir='ltr'>Cum</span> <span class='ocrx_word' id='word_1_135' title='bbox 989 1749 1121 1786; x_wconf 85' lang='lat' dir='ltr'>tabula</span> <span class='ocrx_word' id='word_1_136' title='bbox 1151 1749 1409 1797; x_wconf 80' lang='lat' dir='ltr'>phototypica</span> <span class='ocrx_word' id='word_1_137' title='bbox 1439 1749 1604 1786; x_wconf 85' lang='lat' dir='ltr'>civitatis</span> <span class='ocrx_word' id='word_1_138' title='bbox 1633 1748 1891 1787; x_wconf 85' lang='lat' dir='ltr'>Tridentinae</span> 
     </span>
    </p>
   </div>
   <div class='ocr_carea' id='block_1_10' title="bbox 200 1804 1005 1855">
    <p class='ocr_par' dir='ltr' id='par_1_10' title="bbox 200 1804 1005 1855">
     <span class='ocr_line' id='line_1_21' title="bbox 200 1804 1005 1855; baseline -0.002 -10"><span class='ocrx_word' id='word_1_139' title='bbox 200 1808 357 1846; x_wconf 90' lang='lat' dir='ltr'>saeculo</span> <span class='ocrx_word' id='word_1_140' title='bbox 386 1809 494 1846; x_wconf 90' lang='lat' dir='ltr'>XVI.</span> <span class='ocrx_word' id='word_1_141' title='bbox 544 1804 747 1855; x_wconf 81' lang='lat' dir='ltr'>(CXXXII</span> <span class='ocrx_word' id='word_1_142' title='bbox 779 1815 816 1845; x_wconf 92' lang='lat' dir='ltr'>et</span> <span class='ocrx_word' id='word_1_143' title='bbox 847 1819 920 1855; x_wconf 81' lang='lat'>932</span> <span class='ocrx_word' id='word_1_144' title='bbox 954 1804 1005 1855; x_wconf 87' lang='lat' dir='ltr'>p.)</span> 
     </span>
    </p>
   </div>
   <div class='ocr_carea' id='block_1_11' title="bbox 128 1890 1891 2116">
    <p class='ocr_par' dir='ltr' id='par_1_11' title="bbox 128 1890 1891 2116">
     <span class='ocr_line' id='line_1_22' title="bbox 128 1890 1891 1938; baseline 0 -10"><span class='ocrx_word' id='word_1_145' title='bbox 128 1891 277 1928; x_wconf 91' lang='lat' dir='ltr'>Tomus</span> <span class='ocrx_word' id='word_1_146' title='bbox 307 1892 363 1928; x_wconf 89' lang='lat'>11:</span> <span class='ocrx_word' id='word_1_147' title='bbox 404 1890 575 1928; x_wconf 89' lang='lat' dir='ltr'>Concilii</span> <span class='ocrx_word' id='word_1_148' title='bbox 605 1890 829 1928; x_wconf 89' lang='lat' dir='ltr'>Tridentini</span> <span class='ocrx_word' id='word_1_149' title='bbox 870 1890 1093 1927; x_wconf 86' lang='lat' dir='ltr'>Diariorum</span> <span class='ocrx_word' id='word_1_150' title='bbox 1134 1903 1223 1938; x_wconf 87' lang='lat' dir='ltr'>pars</span> <span class='ocrx_word' id='word_1_151' title='bbox 1262 1890 1456 1927; x_wconf 80' lang='lat' dir='ltr'>secunda:</span> <span class='ocrx_word' id='word_1_152' title='bbox 1498 1891 1715 1928; x_wconf 84' lang='lat' dir='ltr'>Massarelli</span> <span class='ocrx_word' id='word_1_153' title='bbox 1757 1891 1891 1928; x_wconf 84' lang='lat' dir='ltr'>Diaria</span> 
     </span>
     <span class='ocr_line' id='line_1_23' title="bbox 198 1949 1888 1997; baseline -0.001 -9"><span class='ocrx_word' id='word_1_154' title='bbox 198 1951 379 1988; x_wconf 90' lang='lat' dir='ltr'>V—V11.</span> <span class='ocrx_word' id='word_1_155' title='bbox 437 1951 482 1988; x_wconf 93' lang='lat' dir='ltr'>L.</span> <span class='ocrx_word' id='word_1_156' title='bbox 511 1950 684 1993; x_wconf 87' lang='lat' dir='ltr'>Pratani‚</span> <span class='ocrx_word' id='word_1_157' title='bbox 723 1951 774 1986; x_wconf 92' lang='lat' dir='ltr'>H.</span> <span class='ocrx_word' id='word_1_158' title='bbox 804 1949 1031 1997; x_wconf 89' lang='lat' dir='ltr'>Seripandi,</span> <span class='ocrx_word' id='word_1_159' title='bbox 1069 1950 1112 1986; x_wconf 93' lang='lat' dir='ltr'>L.</span> <span class='ocrx_word' id='word_1_160' title='bbox 1142 1950 1332 1994; x_wconf 87' lang='lat' dir='ltr'>Firmani,</span> <span class='ocrx_word' id='word_1_161' title='bbox 1371 1949 1417 1986; x_wconf 88' lang='lat' dir='ltr'>O.</span> <span class='ocrx_word' id='word_1_162' title='bbox 1450 1949 1642 1996; x_wconf 87' lang='lat' dir='ltr'>Panvinii,</span> <span class='ocrx_word' id='word_1_163' title='bbox 1682 1952 1727 1987; x_wconf 91' lang='lat' dir='ltr'>A.</span> <span class='ocrx_word' id='word_1_164' title='bbox 1757 1949 1888 1996; x_wconf 90' lang='lat' dir='ltr'>Guidi,</span> 
     </span>
     <span class='ocr_line' id='line_1_24' title="bbox 198 2008 1890 2055; baseline 0 -9"><span class='ocrx_word' id='word_1_165' title='bbox 198 2010 238 2047; x_wconf 92' lang='lat' dir='ltr'>P.</span> <span class='ocrx_word' id='word_1_166' title='bbox 263 2009 312 2047; x_wconf 93' lang='lat' dir='ltr'>G.</span> <span class='ocrx_word' id='word_1_167' title='bbox 335 2010 385 2048; x_wconf 88' lang='lat' dir='ltr'>de</span> <span class='ocrx_word' id='word_1_168' title='bbox 415 2010 628 2055; x_wconf 89' lang='lat' dir='ltr'>Mendoza,</span> <span class='ocrx_word' id='word_1_169' title='bbox 661 2009 709 2046; x_wconf 92' lang='lat' dir='ltr'>N.</span> <span class='ocrx_word' id='word_1_170' title='bbox 731 2009 922 2054; x_wconf 84' lang='lat' dir='ltr'>Psalmaei</span> <span class='ocrx_word' id='word_1_171' title='bbox 955 2009 1252 2046; x_wconf 87' lang='lat' dir='ltr'>Commentarii.</span> <span class='ocrx_word' id='word_1_172' title='bbox 1311 2008 1492 2055; x_wconf 86' lang='lat' dir='ltr'>Collegit,</span> <span class='ocrx_word' id='word_1_173' title='bbox 1524 2009 1658 2054; x_wconf 83' lang='lat' dir='ltr'>edidit,</span> <span class='ocrx_word' id='word_1_174' title='bbox 1689 2009 1890 2047; x_wconf 81' lang='lat' dir='ltr'>illustravit</span> 
     </span>
     <span class='ocr_line' id='line_1_25' title="bbox 199 2064 1888 2116; baseline -0.001 -10"><span class='ocrx_word' id='word_1_175' title='bbox 199 2069 543 2106; x_wconf 83' lang='lat' dir='ltr'>Sebastianus</span> <span class='ocrx_word' id='word_1_176' title='bbox 565 2068 775 2106; x_wconf 87' lang='lat' dir='ltr'>Merkle.</span> <span class='ocrx_word' id='word_1_177' title='bbox 817 2067 916 2105; x_wconf 90' lang='lat' dir='ltr'>Cum</span> <span class='ocrx_word' id='word_1_178' title='bbox 938 2068 1070 2105; x_wconf 86' lang='lat' dir='ltr'>tabula</span> <span class='ocrx_word' id='word_1_179' title='bbox 1090 2068 1359 2115; x_wconf 82' lang='lat' dir='ltr'>phototypica.</span> <span class='ocrx_word' id='word_1_180' title='bbox 1402 2064 1658 2114; x_wconf 86' lang='lat' dir='ltr'>(CLXXVIII</span> <span class='ocrx_word' id='word_1_181' title='bbox 1679 2075 1716 2105; x_wconf 90' lang='lat' dir='ltr'>et</span> <span class='ocrx_word' id='word_1_182' title='bbox 1737 2070 1814 2116; x_wconf 84' lang='grc'>964</span> <span class='ocrx_word' id='word_1_183' title='bbox 1835 2065 1888 2116; x_wconf 89' lang='lat' dir='ltr'>p.)</span> 
     </span>
    </p>
   </div>
   <div class='ocr_carea' id='block_1_12' title="bbox 126 2150 1889 2260">
    <p class='ocr_par' dir='ltr' id='par_1_12' title="bbox 126 2150 1889 2260">
     <span class='ocr_line' id='line_1_26' title="bbox 126 2150 1887 2198; baseline -0.001 -9"><span class='ocrx_word' id='word_1_184' title='bbox 126 2153 275 2189; x_wconf 91' lang='lat' dir='ltr'>Tomus</span> <span class='ocrx_word' id='word_1_185' title='bbox 307 2153 380 2188; x_wconf 86' lang='lat' dir='ltr'>IV:</span> <span class='ocrx_word' id='word_1_186' title='bbox 415 2151 585 2188; x_wconf 90' lang='lat' dir='ltr'>Concilii</span> <span class='ocrx_word' id='word_1_187' title='bbox 614 2150 838 2188; x_wconf 87' lang='lat' dir='ltr'>Tridentini</span> <span class='ocrx_word' id='word_1_188' title='bbox 870 2151 1058 2187; x_wconf 86' lang='lat' dir='ltr'>Actorum</span> <span class='ocrx_word' id='word_1_189' title='bbox 1091 2163 1180 2198; x_wconf 85' lang='lat' dir='ltr'>pars</span> <span class='ocrx_word' id='word_1_190' title='bbox 1211 2150 1356 2198; x_wconf 87' lang='lat' dir='ltr'>prima:</span> <span class='ocrx_word' id='word_1_191' title='bbox 1389 2151 1647 2187; x_wconf 83' lang='lat' dir='ltr'>Monumenta</span> <span class='ocrx_word' id='word_1_192' title='bbox 1678 2151 1887 2188; x_wconf 87' lang='lat' dir='ltr'>concilium</span> 
     </span>
     <span class='ocr_line' id='line_1_27' title="bbox 197 2209 1889 2260; baseline -0.001 -11"><span class='ocrx_word' id='word_1_193' title='bbox 197 2211 491 2260; x_wconf 88' lang='lat' dir='ltr'>praecedentia,</span> <span class='ocrx_word' id='word_1_194' title='bbox 531 2211 645 2247; x_wconf 89' lang='lat' dir='ltr'>trium</span> <span class='ocrx_word' id='word_1_195' title='bbox 683 2210 854 2258; x_wconf 81' lang='lat' dir='ltr'>priorum</span> <span class='ocrx_word' id='word_1_196' title='bbox 887 2209 1103 2246; x_wconf 84' lang='lat' dir='ltr'>sessionum</span> <span class='ocrx_word' id='word_1_197' title='bbox 1135 2217 1232 2246; x_wconf 80' lang='lat' dir='ltr'>acta.</span> <span class='ocrx_word' id='word_1_198' title='bbox 1291 2209 1472 2257; x_wconf 82' lang='lat' dir='ltr'>Collegit,</span> <span class='ocrx_word' id='word_1_199' title='bbox 1514 2209 1647 2253; x_wconf 89' lang='lat' dir='ltr'>edidit,</span> <span class='ocrx_word' id='word_1_200' title='bbox 1689 2209 1889 2247; x_wconf 86' lang='lat' dir='ltr'>illustravit</span> 
     </span>
    </p>
   </div>
   <div class='ocr_carea' id='block_1_13' title="bbox 198 2264 1181 2319">
    <p class='ocr_par' dir='ltr' id='par_1_13' title="bbox 198 2264 1181 2319">
     <span class='ocr_line' id='line_1_28' title="bbox 198 2264 1181 2319; baseline -0.003 -11"><span class='ocrx_word' id='word_1_201' title='bbox 198 2271 490 2319; x_wconf 88' lang='lat' dir='ltr'>Stephanus</span> <span class='ocrx_word' id='word_1_202' title='bbox 520 2270 692 2306; x_wconf 91' lang='lat' dir='ltr'>Ehses.</span> <span class='ocrx_word' id='word_1_203' title='bbox 743 2265 923 2316; x_wconf 82' lang='lat' dir='ltr'>(CXLIV</span> <span class='ocrx_word' id='word_1_204' title='bbox 954 2276 990 2306; x_wconf 94' lang='lat' dir='ltr'>et</span> <span class='ocrx_word' id='word_1_205' title='bbox 1022 2270 1097 2305; x_wconf 83' lang='lat'>620</span> <span class='ocrx_word' id='word_1_206' title='bbox 1128 2264 1181 2316; x_wconf 93' lang='lat' dir='ltr'>p.)</span> 
     </span>
    </p>
   </div>
   <div class='ocr_carea' id='block_1_14' title="bbox 125 2338 1887 2460">
    <p class='ocr_par' dir='ltr' id='par_1_14' title="bbox 125 2338 1887 2460">
     <span class='ocr_line' id='line_1_29' title="bbox 125 2338 1887 2399; baseline -0.001 -8"><span class='ocrx_word' id='word_1_207' title='bbox 125 2355 274 2391; x_wconf 87' lang='lat' dir='ltr'>Tomus</span> <span class='ocrx_word' id='word_1_208' title='bbox 305 2355 360 2390; x_wconf 88' lang='lat' dir='ltr'>V:</span> <span class='ocrx_word' id='word_1_209' title='bbox 402 2352 572 2390; x_wconf 90' lang='lat' dir='ltr'>Concilii</span> <span class='ocrx_word' id='word_1_210' title='bbox 610 2352 832 2389; x_wconf 89' lang='lat' dir='ltr'>Tridentini</span> <span class='ocrx_word' id='word_1_211' title='bbox 866 2353 1055 2388; x_wconf 89' lang='lat' dir='ltr'>Actorum</span> <span class='ocrx_word' id='word_1_212' title='bbox 1096 2363 1186 2399; x_wconf 82' lang='lat' dir='ltr'>pars</span> <span class='ocrx_word' id='word_1_213' title='bbox 1224 2351 1364 2388; x_wconf 85' lang='lat' dir='ltr'>altera:</span> <span class='ocrx_word' id='word_1_214' title='bbox 1406 2352 1507 2387; x_wconf 78' lang='lat' dir='ltr'>Acta</span> <span class='ocrx_word' id='word_1_215' title='bbox 1546 2359 1633 2398; x_wconf 91' lang='lat' dir='ltr'>post</span> <span class='ocrx_word' id='word_1_216' title='bbox 1665 2338 1887 2389; x_wconf 32' lang='lat' dir='ltr'>&#39;sessionem</span> 
     </span>
     <span class='ocr_line' id='line_1_30' title="bbox 197 2410 1886 2460; baseline -0.002 -10"><span class='ocrx_word' id='word_1_217' title='bbox 197 2413 351 2451; x_wconf 86' lang='lat' dir='ltr'>tertiam</span> <span class='ocrx_word' id='word_1_218' title='bbox 389 2424 512 2460; x_wconf 87' lang='lat' dir='ltr'>usque</span> <span class='ocrx_word' id='word_1_219' title='bbox 552 2412 602 2448; x_wconf 91' lang='lat' dir='ltr'>ad</span> <span class='ocrx_word' id='word_1_220' title='bbox 639 2411 861 2449; x_wconf 88' lang='lat' dir='ltr'>Concilium</span> <span class='ocrx_word' id='word_1_221' title='bbox 898 2410 1117 2447; x_wconf 80' lang='lat' dir='ltr'>Bononiam</span> <span class='ocrx_word' id='word_1_222' title='bbox 1157 2411 1395 2446; x_wconf 83' lang='lat' dir='ltr'>translatum.</span> <span class='ocrx_word' id='word_1_223' title='bbox 1454 2410 1634 2457; x_wconf 87' lang='lat' dir='ltr'>Collegit,</span> <span class='ocrx_word' id='word_1_224' title='bbox 1675 2410 1809 2455; x_wconf 88' lang='lat' dir='ltr'>edidit,</span> <span class='ocrx_word' id='word_1_225' title='bbox 1849 2411 1886 2447; x_wconf 94' lang='lat' dir='ltr'>il-</span> 
     </span>
    </p>
   </div>
   <div class='ocr_carea' id='block_1_15' title="bbox 197 2466 1309 2519">
    <p class='ocr_par' dir='ltr' id='par_1_15' title="bbox 197 2466 1309 2519">
     <span class='ocr_line' id='line_1_31' title="bbox 197 2466 1309 2519; baseline -0.004 -11"><span class='ocrx_word' id='word_1_226' title='bbox 197 2472 371 2510; x_wconf 86' lang='lat' dir='ltr'>lustravit</span> <span class='ocrx_word' id='word_1_227' title='bbox 400 2472 692 2519; x_wconf 89' lang='lat' dir='ltr'>Stephanus</span> <span class='ocrx_word' id='word_1_228' title='bbox 722 2470 891 2506; x_wconf 89' lang='lat' dir='ltr'>Ehses.</span> <span class='ocrx_word' id='word_1_229' title='bbox 942 2467 1027 2516; x_wconf 91' lang='lat' dir='ltr'>(LX</span> <span class='ocrx_word' id='word_1_230' title='bbox 1057 2477 1094 2506; x_wconf 89' lang='lat' dir='ltr'>et</span> <span class='ocrx_word' id='word_1_231' title='bbox 1128 2470 1226 2505; x_wconf 81' lang='lat'>1080</span> <span class='ocrx_word' id='word_1_232' title='bbox 1257 2466 1309 2517; x_wconf 90' lang='lat' dir='ltr'>p.)</span> 
     </span>
    </p>
   </div>
   <div class='ocr_carea' id='block_1_16' title="bbox 125 2550 1886 2720">
    <p class='ocr_par' dir='ltr' id='par_1_16' title="bbox 125 2550 1886 2720">
     <span class='ocr_line' id='line_1_32' title="bbox 125 2550 1886 2598; baseline -0.002 -6"><span class='ocrx_word' id='word_1_233' title='bbox 125 2555 274 2592; x_wconf 91' lang='lat' dir='ltr'>Tomus</span> <span class='ocrx_word' id='word_1_234' title='bbox 293 2555 409 2591; x_wconf 88' lang='lat' dir='ltr'>VIII:</span> <span class='ocrx_word' id='word_1_235' title='bbox 443 2552 611 2591; x_wconf 92' lang='lat' dir='ltr'>Concilii</span> <span class='ocrx_word' id='word_1_236' title='bbox 632 2551 855 2589; x_wconf 86' lang='lat' dir='ltr'>Tridentini</span> <span class='ocrx_word' id='word_1_237' title='bbox 879 2552 1068 2588; x_wconf 82' lang='lat' dir='ltr'>Actorum</span> <span class='ocrx_word' id='word_1_238' title='bbox 1099 2562 1188 2598; x_wconf 83' lang='lat' dir='ltr'>pars</span> <span class='ocrx_word' id='word_1_239' title='bbox 1219 2550 1354 2598; x_wconf 87' lang='lat' dir='ltr'>quinta</span> <span class='ocrx_word' id='word_1_240' title='bbox 1384 2550 1673 2597; x_wconf 86' lang='lat' dir='ltr'>complectens:</span> <span class='ocrx_word' id='word_1_241' title='bbox 1706 2552 1807 2588; x_wconf 85' lang='lat' dir='ltr'>Acta</span> <span class='ocrx_word' id='word_1_242' title='bbox 1836 2552 1886 2589; x_wconf 90' lang='lat' dir='ltr'>ad</span> 
     </span>
     <span class='ocr_line' id='line_1_33' title="bbox 196 2607 1884 2662; baseline -0.002 -11"><span class='ocrx_word' id='word_1_243' title='bbox 196 2613 514 2662; x_wconf 89' lang='lat' dir='ltr'>praeparandum</span> <span class='ocrx_word' id='word_1_244' title='bbox 537 2611 759 2650; x_wconf 88' lang='lat' dir='ltr'>Concilium</span> <span class='ocrx_word' id='word_1_245' title='bbox 790 2618 827 2647; x_wconf 87' lang='lat' dir='ltr'>et</span> <span class='ocrx_word' id='word_1_246' title='bbox 851 2610 1045 2647; x_wconf 86' lang='lat' dir='ltr'>sessiones</span> <span class='ocrx_word' id='word_1_247' title='bbox 1075 2609 1166 2645; x_wconf 89' lang='lat' dir='ltr'>anni</span> <span class='ocrx_word' id='word_1_248' title='bbox 1195 2611 1288 2657; x_wconf 84' lang='lat'>1562</span> <span class='ocrx_word' id='word_1_249' title='bbox 1314 2622 1334 2645; x_wconf 86' lang='lat' dir='ltr'>a</span> <span class='ocrx_word' id='word_1_250' title='bbox 1356 2609 1480 2656; x_wconf 84' lang='lat' dir='ltr'>prima</span> <span class='ocrx_word' id='word_1_251' title='bbox 1502 2607 1644 2656; x_wconf 80' lang='lat' dir='ltr'>(XVII)</span> <span class='ocrx_word' id='word_1_252' title='bbox 1667 2609 1716 2646; x_wconf 90' lang='lat' dir='ltr'>ad</span> <span class='ocrx_word' id='word_1_253' title='bbox 1737 2617 1884 2647; x_wconf 81' lang='lat' dir='ltr'>sextam</span> 
     </span>
     <span class='ocr_line' id='line_1_34' title="bbox 197 2665 1884 2720; baseline -0.002 -10"><span class='ocrx_word' id='word_1_254' title='bbox 197 2670 355 2720; x_wconf 91' lang='lat' dir='ltr'>(XXII).</span> <span class='ocrx_word' id='word_1_255' title='bbox 397 2672 578 2720; x_wconf 85' lang='lat' dir='ltr'>Collegit,</span> <span class='ocrx_word' id='word_1_256' title='bbox 605 2670 740 2714; x_wconf 86' lang='lat' dir='ltr'>edidit,</span> <span class='ocrx_word' id='word_1_257' title='bbox 764 2669 966 2706; x_wconf 69' lang='lat' dir='ltr'>illustravit</span> <span class='ocrx_word' id='word_1_258' title='bbox 991 2668 1284 2716; x_wconf 86' lang='lat' dir='ltr'>Stephanus</span> <span class='ocrx_word' id='word_1_259' title='bbox 1308 2668 1478 2704; x_wconf 86' lang='lat' dir='ltr'>Ehses.</span> <span class='ocrx_word' id='word_1_260' title='bbox 1519 2665 1627 2714; x_wconf 81' lang='lat' dir='ltr'>(XIV</span> <span class='ocrx_word' id='word_1_261' title='bbox 1649 2676 1686 2706; x_wconf 89' lang='lat' dir='ltr'>et</span> <span class='ocrx_word' id='word_1_262' title='bbox 1711 2681 1810 2714; x_wconf 89' lang='lat'>1024</span> <span class='ocrx_word' id='word_1_263' title='bbox 1831 2666 1884 2717; x_wconf 89' lang='lat' dir='ltr'>p.)</span> 
     </span>
    </p>
   </div>
   <div class='ocr_carea' id='block_1_17' title="bbox 125 2751 1884 2922">
    <p class='ocr_par' dir='ltr' id='par_1_17' title="bbox 125 2751 1884 2922">
     <span class='ocr_line' id='line_1_35' title="bbox 125 2751 1884 2800; baseline -0.002 -7"><span class='ocrx_word' id='word_1_264' title='bbox 125 2757 272 2794; x_wconf 88' lang='lat' dir='ltr'>Tomus</span> <span class='ocrx_word' id='word_1_265' title='bbox 292 2756 347 2792; x_wconf 88' lang='lat' dir='ltr'>X:</span> <span class='ocrx_word' id='word_1_266' title='bbox 381 2754 549 2793; x_wconf 89' lang='lat' dir='ltr'>Concilii</span> <span class='ocrx_word' id='word_1_267' title='bbox 570 2753 792 2791; x_wconf 89' lang='lat' dir='ltr'>Tridentini</span> <span class='ocrx_word' id='word_1_268' title='bbox 814 2753 1074 2800; x_wconf 87' lang='lat' dir='ltr'>Epistularum</span> <span class='ocrx_word' id='word_1_269' title='bbox 1107 2763 1196 2799; x_wconf 86' lang='lat' dir='ltr'>pars</span> <span class='ocrx_word' id='word_1_270' title='bbox 1220 2751 1345 2799; x_wconf 87' lang='lat' dir='ltr'>prima</span> <span class='ocrx_word' id='word_1_271' title='bbox 1376 2751 1665 2798; x_wconf 86' lang='lat' dir='ltr'>complectens:</span> <span class='ocrx_word' id='word_1_272' title='bbox 1691 2752 1884 2799; x_wconf 88' lang='lat' dir='ltr'>Epistulas</span> 
     </span>
     <span class='ocr_line' id='line_1_36' title="bbox 197 2809 1882 2862; baseline -0.002 -10"><span class='ocrx_word' id='word_1_273' title='bbox 197 2828 220 2852; x_wconf 89' lang='lat' dir='ltr'>a</span> <span class='ocrx_word' id='word_1_274' title='bbox 257 2814 321 2853; x_wconf 88' lang='lat' dir='ltr'>die</span> <span class='ocrx_word' id='word_1_275' title='bbox 363 2826 381 2862; x_wconf 90' lang='lat'><strong>5</strong></span> <span class='ocrx_word' id='word_1_276' title='bbox 414 2813 540 2851; x_wconf 87' lang='lat' dir='ltr'>martii</span> <span class='ocrx_word' id='word_1_277' title='bbox 576 2824 672 2862; x_wconf 82' lang='lat'>1545</span> <span class='ocrx_word' id='word_1_278' title='bbox 714 2813 763 2849; x_wconf 90' lang='lat' dir='ltr'>ad</span> <span class='ocrx_word' id='word_1_279' title='bbox 795 2811 964 2849; x_wconf 90' lang='lat' dir='ltr'>Concilii</span> <span class='ocrx_word' id='word_1_280' title='bbox 1003 2810 1297 2847; x_wconf 83' lang='lat' dir='ltr'>translationem</span> <span class='ocrx_word' id='word_1_281' title='bbox 1343 2823 1380 2845; x_wconf 85' lang='lat'>11</span> <span class='ocrx_word' id='word_1_282' title='bbox 1418 2809 1543 2846; x_wconf 88' lang='lat' dir='ltr'>martii</span> <span class='ocrx_word' id='word_1_283' title='bbox 1578 2821 1673 2858; x_wconf 77' lang='lat'>1547</span> <span class='ocrx_word' id='word_1_284' title='bbox 1707 2811 1882 2859; x_wconf 90' lang='lat' dir='ltr'>scriptas.</span> 
     </span>
     <span class='ocr_line' id='line_1_37' title="bbox 197 2866 1882 2922; baseline -0.003 -11"><span class='ocrx_word' id='word_1_285' title='bbox 197 2873 378 2922; x_wconf 86' lang='lat' dir='ltr'>Collegit,</span> <span class='ocrx_word' id='word_1_286' title='bbox 401 2873 536 2918; x_wconf 89' lang='lat' dir='ltr'>edidit,</span> <span class='ocrx_word' id='word_1_287' title='bbox 559 2872 760 2909; x_wconf 76' lang='lat' dir='ltr'>illustravit</span> <span class='ocrx_word' id='word_1_288' title='bbox 783 2871 817 2907; x_wconf 85' lang='lat' dir='ltr'>G</span> <span class='ocrx_word' id='word_1_289' title='bbox 832 2869 928 2907; x_wconf 92' lang='lat' dir='ltr'>odo</span> <span class='ocrx_word' id='word_1_290' title='bbox 943 2869 1118 2906; x_wconf 85' lang='lat' dir='ltr'>fredus</span> <span class='ocrx_word' id='word_1_291' title='bbox 1141 2869 1395 2905; x_wconf 89' lang='lat' dir='ltr'>Buschbel</span> <span class='ocrx_word' id='word_1_292' title='bbox 1412 2869 1432 2905; x_wconf 90' lang='lat' dir='ltr'>l.</span> <span class='ocrx_word' id='word_1_293' title='bbox 1468 2866 1650 2914; x_wconf 82' lang='lat' dir='ltr'>(LXXVI</span> <span class='ocrx_word' id='word_1_294' title='bbox 1673 2876 1710 2906; x_wconf 90' lang='lat' dir='ltr'>et</span> <span class='ocrx_word' id='word_1_295' title='bbox 1731 2872 1806 2917; x_wconf 90' lang='grc'>996</span> <span class='ocrx_word' id='word_1_296' title='bbox 1829 2867 1882 2919; x_wconf 88' lang='lat' dir='ltr'>p.)</span> 
     </span>
    </p>
   </div>
   <div class='ocr_carea' id='block_1_18' title="bbox 197 2962 550 3010">
    <p class='ocr_par' dir='ltr' id='par_1_18' title="bbox 197 2962 550 3010">
     <span class='ocr_line' id='line_1_38' title="bbox 197 2962 550 3010; baseline -0.003 -11"><span class='ocrx_word' id='word_1_297' title='bbox 197 2962 276 2999; x_wconf 90' lang='lat' dir='ltr'>Sub</span> <span class='ocrx_word' id='word_1_298' title='bbox 305 2962 444 3010; x_wconf 91' lang='lat' dir='ltr'>proelo</span> <span class='ocrx_word' id='word_1_299' title='bbox 475 2968 550 2999; x_wconf 90' lang='lat' dir='ltr'>est:</span> 
     </span>
    </p>
   </div>
   <div class='ocr_carea' id='block_1_19' title="bbox 125 3034 1881 3204">
    <p class='ocr_par' dir='ltr' id='par_1_19' title="bbox 125 3034 1881 3204">
     <span class='ocr_line' id='line_1_39' title="bbox 125 3034 1881 3082; baseline -0.002 -7"><span class='ocrx_word' id='word_1_300' title='bbox 125 3039 273 3076; x_wconf 90' lang='lat' dir='ltr'>Tomus</span> <span class='ocrx_word' id='word_1_301' title='bbox 301 3039 376 3076; x_wconf 88' lang='lat' dir='ltr'>IX:</span> <span class='ocrx_word' id='word_1_302' title='bbox 408 3037 579 3076; x_wconf 90' lang='lat' dir='ltr'>Concilii</span> <span class='ocrx_word' id='word_1_303' title='bbox 609 3035 831 3074; x_wconf 91' lang='lat' dir='ltr'>Tridentini</span> <span class='ocrx_word' id='word_1_304' title='bbox 864 3036 1052 3071; x_wconf 86' lang='lat' dir='ltr'>Actorum</span> <span class='ocrx_word' id='word_1_305' title='bbox 1083 3045 1172 3081; x_wconf 85' lang='lat' dir='ltr'>pars</span> <span class='ocrx_word' id='word_1_306' title='bbox 1202 3040 1308 3070; x_wconf 85' lang='lat' dir='ltr'>sexta</span> <span class='ocrx_word' id='word_1_307' title='bbox 1338 3034 1629 3080; x_wconf 85' lang='lat' dir='ltr'>complectens:</span> <span class='ocrx_word' id='word_1_308' title='bbox 1665 3035 1765 3070; x_wconf 91' lang='lat' dir='ltr'>Acta</span> <span class='ocrx_word' id='word_1_309' title='bbox 1795 3041 1881 3082; x_wconf 90' lang='lat' dir='ltr'>post</span> 
     </span>
     <span class='ocr_line' id='line_1_40' title="bbox 197 3088 1879 3144; baseline -0.002 -10"><span class='ocrx_word' id='word_1_310' title='bbox 197 3096 412 3134; x_wconf 88' lang='lat' dir='ltr'>sessionem</span> <span class='ocrx_word' id='word_1_311' title='bbox 433 3104 579 3134; x_wconf 87' lang='lat' dir='ltr'>sextam</span> <span class='ocrx_word' id='word_1_312' title='bbox 603 3092 746 3144; x_wconf 82' lang='lat' dir='ltr'>(XXII)</span> <span class='ocrx_word' id='word_1_313' title='bbox 768 3105 890 3142; x_wconf 82' lang='lat' dir='ltr'>usque</span> <span class='ocrx_word' id='word_1_314' title='bbox 912 3093 960 3130; x_wconf 87' lang='lat' dir='ltr'>ad</span> <span class='ocrx_word' id='word_1_315' title='bbox 982 3093 1099 3129; x_wconf 87' lang='lat' dir='ltr'>finem</span> <span class='ocrx_word' id='word_1_316' title='bbox 1121 3091 1290 3129; x_wconf 90' lang='lat' dir='ltr'>Concilii</span> <span class='ocrx_word' id='word_1_317' title='bbox 1313 3088 1388 3137; x_wconf 88' lang='lat'>(17.</span> <span class='ocrx_word' id='word_1_318' title='bbox 1407 3091 1511 3139; x_wconf 86' lang='lat' dir='ltr'>Sept.</span> <span class='ocrx_word' id='word_1_319' title='bbox 1534 3093 1629 3140; x_wconf 89' lang='lat'>1562</span> <span class='ocrx_word' id='word_1_320' title='bbox 1653 3111 1702 3117; x_wconf 88' lang='lat'>-</span> <span class='ocrx_word' id='word_1_321' title='bbox 1723 3105 1758 3138; x_wconf 90' lang='lat'>4.</span> <span class='ocrx_word' id='word_1_322' title='bbox 1783 3093 1879 3131; x_wconf 88' lang='lat' dir='ltr'>Dec.</span> 
     </span>
     <span class='ocr_line' id='line_1_41' title="bbox 202 3150 1484 3204; baseline -0.004 -13"><span class='ocrx_word' id='word_1_323' title='bbox 202 3152 329 3203; x_wconf 85' lang='lat'>1563).</span> <span class='ocrx_word' id='word_1_324' title='bbox 378 3156 560 3204; x_wconf 90' lang='lat' dir='ltr'>Collegit,</span> <span class='ocrx_word' id='word_1_325' title='bbox 592 3154 726 3198; x_wconf 90' lang='lat' dir='ltr'>edidit,</span> <span class='ocrx_word' id='word_1_326' title='bbox 758 3151 959 3190; x_wconf 79' lang='lat' dir='ltr'>illustravit</span> <span class='ocrx_word' id='word_1_327' title='bbox 989 3150 1280 3198; x_wconf 88' lang='lat' dir='ltr'>Stephanus</span> <span class='ocrx_word' id='word_1_328' title='bbox 1311 3150 1484 3186; x_wconf 88' lang='lat' dir='ltr'>Ehses.</span> 
     </span>
    </p>
   </div>
  </div>
 </body>
</html>
