2062 3513
625 169 663 203 ll.
693 168 914 202 Prooemium
943 167 1135 201 voluminis
1161 166 1317 211 septimi.
1786 179 1851 202 xxr

87 289 293 325 absolvendi
333 288 493 323 homines
519 287 563 321 ab
594 286 732 321 haeresi
761 288 794 319 et
822 284 963 328 legendi
999 284 1109 319 libros
1143 284 1341 329 prohibitos
1379 285 1462 325 (675
1490 285 1588 327 676).
1641 285 1857 330 Magnopere

88 343 284 387 Gregorius
319 341 486 386 cupiebat
512 340 716 383 Augustum
744 338 920 373 Saxoniae
956 338 1151 382 principem
1179 338 1369 372 electorem
1398 338 1571 372 ecclesiae
1603 339 1856 377 reconciliat-ez

87 396 188 430 cuius
215 398 334 430 tamen
360 395 410 429 rei
437 405 536 439 spem
564 394 730 437 exiguam
759 404 837 426 esse
865 403 884 425 a
911 391 1087 425 Bavariae
1114 393 1149 424 et
1175 391 1304 425 Tirolis
1331 391 1551 436 principibus
1587 403 1649 436 per
1676 392 1856 427 Canisium

87 449 217 484 certior
251 449 370 483 factus
396 450 452 481 est
490 447 572 490 (117
610 447 715 487 246);
754 458 794 480 ac
830 457 909 479 cum
937 456 957 478 a
985 444 1128 478 Canisio
1158 444 1303 478 Romam
1339 445 1492 479 relatum
1525 448 1631 485 esset,
1669 446 1858 481 Centurias

86 502 419 545 Magdeburgenses
442 500 583 542 „avide“
607 500 676 543 legi
697 499 845 543 ideoque
864 497 1059 532 catholicos
1079 497 1183 531 valde
1202 501 1335 542 optare,
1358 503 1398 531 ut
1416 511 1503 542 opus
1524 497 1609 532 illud
1629 499 1857 541 refutaretur,

87 555 316 599 congregatio
352 554 586 589 cardinalium
617 553 861 595 „germanica“
892 552 1063 590 decrevit,
1099 555 1138 585 ut
1174 563 1215 585 ea
1251 552 1420 586 refutatio
1448 551 1581 586 Romae
1610 553 1859 588 institueretur

89 609 188 651 (683)
205 622 211 649 ;
238 608 272 642 id
291 608 384 653 quod
404 611 527 652 postea
546 619 608 651 per
627 607 817 641 Caesarem
839 605 1027 639 Baronium
1049 605 1213 639 effectum
1233 617 1312 639 esse
1331 607 1484 640 constat.
1516 606 1639 640 Libros
1659 610 1858 651 protestan-

86 662 174 696 tium
194 661 359 697 Canisius
377 661 475 695 iussu
495 660 673 705 pontificis
695 661 879 702 Augustae
898 660 1037 703 emptos
1056 658 1203 692 Romam
1223 659 1321 693 misit
1338 659 1423 701 (108
1444 660 1540 702 110).
1570 660 1712 694 Canisio
1727 661 1794 705 ipsi
1814 662 1856 696 ad

86 715 214 750 librum
242 715 284 749 de
311 715 423 749 Beata
450 714 564 748 Maria
588 713 737 757 Virgine
763 712 1057 747 conscribendum
1085 712 1277 746 cardinalis
1297 712 1461 753 Sir-letus,
1489 714 1592 747 homo
1619 714 1858 755 doctissimus,

86 769 186 803 varia
224 768 426 803 litterarum
455 769 685 801 monumenta
712 766 865 800 nondum
904 765 1001 810 typis
1028 766 1221 810 exscripta,
1262 767 1423 811 inprimis
1460 767 1671 802 Sanctorum
1712 768 1857 802 Patrum

86 822 284 856 sententias
311 833 471 865 graecas,
498 820 789 855 subministravit
819 819 932 861 (488).
979 819 1031 852 Ad
1059 819 1208 853 eundem
1235 820 1362 854 librum
1392 823 1427 854 et
1454 821 1524 854 alia
1551 821 1725 865 quaedam
1751 833 1859 866 opera

87 875 295 909 excudenda
330 875 502 920 pontifex,
539 885 559 908 a
587 873 729 907 Canisio
765 875 923 916 rogatus
958 872 1088 906 Davidi
1126 872 1284 907 Sal-torio
1321 874 1593 917 ingolstadiensi
1629 874 1857 919 privilegium

85 928 386 974 typographicum
425 927 551 961 tribuit
584 927 696 970 (354).
748 925 901 960 Nuntios
936 926 1150 969 apostolicos
1178 926 1374 970 Gregorius
1410 928 1506 962 misit
1542 928 1754 973 complures.
1807 928 1859 963 De

87 981 249 1026 Gasparo
285 981 470 1026 Groppero
508 982 541 1014 in
569 980 796 1014 Germaniam
834 979 1037 1012 inferiorem
1074 979 1182 1013 misso
1218 983 1255 1014 et
1284 980 1556 1015 Bartholomaco
1595 981 1638 1015 de
1668 981 1787 1016 Portia
1822 982 1858 1016 in

86 1035 279 1070 Germania
304 1034 487 1080 superiore
515 1033 646 1068 morari
674 1034 769 1067 iusso
798 1032 962 1067 Canisius
984 1033 1037 1067 10.
1058 1033 1141 1066 Maii
1164 1034 1254 1067 1574
1281 1034 1311 1067 ei
1338 1035 1504 1079 scripsit:
1536 1035 1628 1077 „Res
1649 1035 1725 1080 ipsa
1752 1036 1857 1069 fateri

86 1088 191 1129 cogit,
226 1099 347 1122 eorum
375 1088 569 1122 adventum
597 1087 729 1121 nostris
756 1086 958 1120 hominibus
985 1086 1136 1120 multum
1170 1087 1368 1130 profuisse3
1397 1088 1458 1132 qui
1486 1100 1525 1122 eo
1553 1091 1589 1122 et
1615 1088 1796 1123 chariores
1823 1093 1858 1123 et

87 1141 249 1176 utiliores
276 1142 309 1175 in
346 1141 400 1175 his
428 1140 633 1184 regionibus
660 1152 738 1174 esse
765 1142 925 1184 pergent,
962 1150 1031 1183 quo
1057 1140 1192 1173 diutius
1219 1140 1252 1173 in
1290 1139 1356 1175 hoc
1391 1141 1575 1186 praeclaro
1605 1154 1751 1176 munere
1778 1154 1857 1176 con-

87 1195 341 1229 firmabuntur-‘⁴
367 1195 480 1237 (213).
524 1189 790 1228 Institutionem
818 1193 1049 1236 collegiorum
1069 1193 1259 1228 Societatis
1279 1195 1359 1228 lesu
1385 1195 1547 1239 pontifex
1573 1201 1608 1229 et
1634 1208 1696 1240 per
1715 1197 1858 1231 nuntios

87 1248 302 1294 apostolicos
329 1252 364 1283 et
391 1248 470 1282 aliis
496 1248 694 1282 rationibus
720 1247 934 1287 adiuvabat;
964 1247 1013 1281 ita
1039 1247 1082 1280 ad
1110 1247 1300 1291 collegium
1329 1248 1461 1282 Fuldae
1488 1250 1709 1283 condendum
1737 1250 1857 1284 abbati

90 1302 244 1336 fuldensi
281 1302 536 1336 monasterium
574 1300 892 1335 Franciscanorum
929 1312 949 1334 a
985 1301 1114 1343 viginti
1150 1303 1253 1335 annis
1288 1302 1468 1336 desertum
1507 1303 1605 1337 dedit
1642 1303 1702 1345 (90
1719 1304 1766 1346 ⁸);
1808 1303 1858 1337 ita

86 1357 214 1399 rogatu
243 1355 436 1390 cardinalis
463 1354 686 1389 Truchsessii
715 1361 751 1388 et
777 1355 1023 1398 Fuggerorum
1051 1354 1202 1398 collegio
1228 1356 1416 1398 Augustae
1436 1356 1701 1390 Vindelicorum
1728 1357 1857 1391 consti-

86 1409 217 1443 tuendo
245 1410 498 1443 monasterium
528 1408 562 1444 S.
583 1408 718 1449 Crucis,
754 1408 847 1452 quod
875 1408 1124 1442 canonicorum
1152 1408 1286 1443 ordinis
1312 1410 1556 1454 augustiniani
1593 1422 1785 1455 paucorum
1822 1413 1860 1445 et

87 1462 180 1496 male
215 1462 414 1497 viventium
450 1465 537 1503 erat,
574 1462 789 1506 designavit,
828 1465 968 1496 etcum
1004 1461 1088 1496 huic
1115 1462 1261 1496 consilio
1297 1462 1552 1508 impedimenta
1589 1463 1699 1498 allata
1726 1467 1857 1505 essent,

88 1516 209 1550 Portia
244 1515 426 1561 pontificis
459 1516 607 1550 nuntius
637 1518 836 1558 Augustam
864 1515 965 1549 venit
991 1518 1027 1549 et
1053 1516 1103 1550 rei
1131 1517 1397 1550 exsecutionem
1435 1517 1606 1560 urgebat;
1642 1529 1859 1563 magnopere

87 1570 180 1604 enim
206 1570 351 1611 referre,
378 1574 418 1604 ut
443 1569 603 1604 Societas
630 1569 818 1613 Augustae
844 1569 1036 1613 collegium
1068 1569 1216 1603 haberet
1245 1570 1330 1613 (100
1359 1571 1425 1604 125
1453 1572 1559 1613 279);
1597 1573 1632 1605 et
1658 1583 1738 1605 cum
1764 1571 1856 1605 Mar-

87 1622 245 1667 quardus
271 1623 460 1667 episcopus
486 1626 710 1666 augustanus
736 1634 784 1663 se,
820 1623 912 1666 quod
941 1623 1168 1668 episcopatus
1194 1634 1277 1657 aere
1303 1624 1419 1658 alieno
1446 1636 1559 1669 paene
1585 1624 1857 1669 opprimeretur,

88 1675 236 1719 collegio
275 1676 455 1719 dilingano
493 1677 562 1712 600
599 1676 752 1712 florenos
790 1687 946 1716 annuos,
995 1687 1084 1720 quos
1123 1677 1300 1711 aerarium
1340 1678 1543 1723 episcopale
1582 1679 1668 1712 dare
1706 1678 1857 1719 solebat,

87 1730 172 1764 dare
207 1741 312 1775 posse
338 1732 518 1773 negasset,
554 1730 747 1764 cardinalis
774 1730 944 1764 Moronus
978 1741 1041 1775 per
1072 1732 1236 1764 nuntium
1271 1731 1507 1775 apostolicum
1535 1732 1567 1766 ei
1593 1732 1782 1777 persuasit,
1818 1734 1858 1766 ut

86 1783 214 1818 saltem
251 1783 320 1819 300
355 1783 474 1824 daret;
510 1783 667 1827 reliquos
703 1783 771 1818 300
808 1783 976 1817 Moronus
1012 1783 1088 1828 ipse
1125 1784 1221 1818 dedit
1258 1785 1381 1828 (354);
1422 1785 1657 1819 Bonhomium
1693 1786 1856 1820 nuntium

86 1836 320 1881 apostolicum
353 1837 493 1880 collegii
521 1836 711 1871 Societatis
739 1836 903 1880 Friburgi
930 1836 1177 1871 Helvetiorum
1209 1838 1402 1880 „fundandi
1432 1840 1661 1884 praecipuam
1688 1841 1853 1874 causam*

86 1889 198 1924 fuisse
234 1892 270 1924 et
303 1891 417 1924 eidem
448 1890 688 1933 „singularem
723 1891 866 1924 curam‘
897 1890 1114 1935 impendisse
1141 1890 1307 1925 Canisius
1342 1895 1499 1926 testatus
1533 1895 1609 1935 est;
1646 1893 1739 1927 idem
1766 1893 1856 1927 Bon-

85 1942 228 1978 homius
256 1955 325 1978 una
351 1956 431 1978 cum
451 1948 579 1979 senatu
606 1944 824 1988 friburgensi
844 1944 973 1985 effecit,
1001 1947 1039 1978 ut
1059 1943 1254 1988 Gregorius
1273 1945 1367 1979 Xlll.
1388 1947 1643 1981 monasterium
1662 1958 1858 1988 marsense,

85 1996 120 2031 in
147 2008 217 2041 quo
252 1997 355 2042 pauci
382 1998 543 2032 canoniCi
579 2000 951 2043 praemonstratenses
981 1997 1204 2041 „licentiose“
1236 1998 1418 2041 vivebant,
1453 1999 1604 2044 collegio
1639 2000 1858 2045 friburgensi

86 2050 299 2085 attribueret
327 2050 413 2093 (598
439 2052 540 2094 866).

205 2103 389 2139 Pontificis
417 2105 619 2150 exemplum
646 2105 776 2139 imitati
803 2107 887 2139 sunt
913 2104 1114 2150 complures
1141 2105 1298 2151 episcopi
1318 2106 1542 2141 Germaniae.
1586 2107 1696 2141 Iulius
1724 2107 1858 2142 Echter

86 2158 275 2203 episcopus
314 2157 575 2203 herbipolensis
617 2158 705 2193 loeis
743 2158 892 2204 imperio
929 2170 994 2193 suo
1033 2159 1131 2193 civili
1169 2159 1340 2194 subiectis
1379 2160 1587 2204 religionem
1631 2160 1856 2203 catholicam,

85 2211 258 2246 ministris
276 2211 487 2247 acatholicis
502 2212 673 2258 expulsis,
693 2212 863 2253 restituit,
882 2212 1157 2246 universitatem
1171 2214 1339 2255 condidit,
1357 2215 1590 2248 seminarium
1609 2215 1855 2260 amplificavit,

85 2264 226 2300 clericis
260 2265 506 2300 recitationem
543 2267 654 2301 divini
694 2266 803 2300 officii
837 2266 1035 2301 inculcavit
1070 2266 1184 2310 (335).
1236 2268 1416 2302 Martinus
1451 2280 1471 2302 a
1504 2268 1749 2313 Schaumberg
1785 2269 1856 2313 epi-

84 2329 215 2364 scopus
241 2321 478 2364 eystettensis
504 2331 524 2354 a
544 2320 686 2355 Canisio
714 2321 770 2354 vir
792 2332 915 2363 „rarae
941 2320 1108 2366 pietatis*
1132 2324 1281 2355 vocatur
1301 2321 1415 2365 (401).
1459 2322 1616 2356 Litteras
1642 2322 1855 2367 pastorales,

85 2373 214 2416 quibus
235 2373 269 2407 S.
290 2372 439 2408 Carolus
459 2373 694 2409 Borromaeus
720 2373 1013 2419 archiepiscopus
1039 2374 1317 2409 mediolanensis
1336 2378 1418 2409 ante
1437 2375 1628 2410 iubilaeum
1649 2376 1732 2410 anni
1753 2377 1855 2418 1575,

86 2437 192 2470 quam
228 2426 414 2472 praeclara
449 2431 546 2462 esset
582 2428 666 2462 urbs
701 2439 848 2462 romana
883 2430 919 2462 et
953 2431 1173 2473 quantopere
1208 2429 1332 2462 eadem
1368 2428 1456 2463 locis
1482 2429 1716 2475 reliquiisque
1742 2430 1856 2465 sacris

85 2479 291 2520 abundaret,
317 2479 482 2515 fidelibus
508 2480 724 2521 declarabat,
753 2481 927 2521 Canisius,
955 2481 1011 2516 cui
1030 2481 1142 2515 Roma
1168 2481 1300 2516 missae
1319 2484 1432 2524 erant,
1460 2483 1581 2516 Ioanni
1604 2483 1764 2528 Egolpho
1784 2483 1854 2529 epi-

85 2543 190 2578 scopo
217 2535 420 2577 augustano
447 2535 687 2569 ostendendas
706 2534 867 2575 curavit;
895 2535 956 2579 qui
983 2546 1043 2569 eas
1070 2546 1114 2568 ex
1143 2535 1262 2569 italico
1289 2547 1452 2570 sermone
1478 2536 1512 2570 in
1539 2536 1689 2570 latinum
1717 2539 1753 2571 et
1778 2549 1855 2581 ger-

85 2586 262 2621 manicum
297 2587 495 2623 translatas
521 2588 688 2632 Dilingae
722 2589 827 2623 iussit
860 2588 958 2634 typis
986 2589 1140 2623 exscribi
1170 2589 1284 2631 (247).
1336 2590 1487 2624 Ioannes
1512 2589 1668 2625 Thomas
1694 2602 1714 2625 a
1740 2591 1856 2636 Spaur

85 2639 270 2674 coadiutor
295 2640 513 2676 brixinensis
530 2653 596 2676 sua
616 2646 742 2687 sponte
768 2642 863 2676 clero
886 2642 1063 2684 „ordinem
1091 2642 1258 2677 audiendi
1284 2644 1546 2678 confessiones“
1569 2645 1685 2686 misit;
1713 2647 1749 2679 et
1774 2656 1855 2679 cum

87 2692 252 2728 Canisius
279 2705 357 2728 eum
384 2706 448 2739 per
472 2695 613 2730 litteras
630 2696 840 2734 monuisset,
868 2696 902 2729 in
922 2697 1026 2730 sacra
1045 2695 1262 2730 eucharistia
1281 2697 1396 2731 danda
1416 2700 1452 2731 et
1468 2698 1642 2732 sumenda
1668 2710 1855 2743 perperam

86 2746 159 2781 fieri
186 2747 316 2792 aliqua,
344 2749 538 2793 respondit,
573 2760 612 2783 se
638 2750 784 2784 remedii
813 2749 916 2784 malis
943 2749 1014 2784 illis
1041 2750 1210 2784 afferendi
1237 2751 1380 2785 modum
1407 2761 1428 2784 a
1455 2750 1598 2786 Canisio
1633 2753 1854 2797 propositum

86 2801 250 2846 parochis
268 2803 432 2837 omnibus
450 2803 755 2848 praescripturum
777 2815 856 2838 esse
877 2805 967 2848 (21).
994 2804 1296 2849 Archiepiscopus
1313 2805 1594 2849 salisburgensis
1612 2806 1853 2847 seminarium,

86 2855 176 2898 quod
203 2859 281 2890 erat
307 2856 549 2895 instituturus,
578 2856 748 2892 Societati
776 2857 906 2891 obtulit
932 2858 1127 2901 regendum
1155 2858 1270 2901 (394).
1315 2858 1515 2894 Cardinalis
1533 2859 1679 2894 Marcus
1705 2859 1855 2895 Sitticus

85 2908 129 2942 ab
148 2908 377 2944 Hohenembs
404 2910 593 2955 episcopus
620 2911 898 2945 constantiensis
925 2911 1135 2946 catechismi
1161 2912 1334 2946 canisiani
1362 2912 1462 2947 iussu
1490 2925 1555 2947 suo
1581 2914 1709 2947 iterum
1730 2914 1854 2948 excusi

86 2961 198 2996 multa
216 2963 381 3008 exempla
400 2975 462 3008 per
480 2965 725 3009 episcopatum
747 2965 998 2999 disseminavit
1016 2968 1052 2998 et
1071 2965 1235 3010 parochis
1253 2966 1456 3011 imperavit,
1480 2970 1656 3007 curarent,
1676 2967 1852 3008 invocata,

85 3013 115 3048 si
141 3026 230 3060 opus
257 3019 363 3055 esset,
390 3018 497 3051 etiam
523 3019 801 3061 magistratuum
821 3017 978 3052 civilium
1005 3030 1080 3064 ope,
1111 3023 1150 3053 ut
1169 3019 1302 3054 Canisii
1321 3020 1563 3055 catechismus
1582 3021 1683 3065 isque
1702 3020 1799 3055 solus
1818 3021 1853 3055 in

85 3068 248 3103 omnibus
282 3069 416 3105 scholis
449 3070 691 3115 explicaretur
720 3072 833 3114 (765).
885 3071 1057 3106 Similiter
1082 3073 1321 3117 Marquardus
1348 3085 1368 3108 a
1394 3074 1489 3118 Berg
1523 3074 1711 3119 episcopus
1742 3085 1853 3118 augu-

85 3124 211 3156 stanus
237 3123 407 3165 decrevit,
442 3126 483 3158 ut
509 3124 642 3159 Canisii
677 3125 919 3160 catechismus
954 3126 1055 3160 iussu
1081 3137 1146 3160 suo
1172 3126 1282 3161 latine
1309 3130 1345 3161 et
1369 3129 1574 3172 germanice
1601 3139 1757 3163 excusus
1783 3139 1851 3163 non

85 3174 198 3210 solum
226 3176 260 3210 in
287 3176 420 3212 scholis
454 3189 474 3212 a
499 3178 696 3222 magistris,
731 3179 793 3213 sed
829 3179 936 3213 etiam
964 3179 998 3213 in
1026 3178 1187 3214 ecclesiis
1213 3191 1233 3214 a
1259 3181 1425 3225 parochis
1460 3181 1702 3226 explicaretur
1738 3181 1851 3224 (821).
