2062 3443
341 147 442 183 1806.
471 146 509 181 P.
529 146 680 180 Ioannes
706 144 858 179 Rethius
886 144 1038 179 Canisio.
1083 143 1229 178 Colonia
1260 144 1311 178 16.
1334 144 1413 177 lulii
1445 144 1543 178 1572.
1765 148 1820 188 53

59 263 213 302 1806.
312 262 372 298 P.
394 260 691 297 IOANNES
720 258 1027 296 [RETHIUS
1056 259 1109 295 S.
1130 259 1184 295 J.
1213 272 1342 304 regens
1369 260 1549 306 gymnasii
1568 260 1690 294 Trium
1719 260 1822 295 Coro-

243 328 367 351 narum
397 316 610 350 coloniensis
638 313 839 349 GANlSlO.
1312 314 1458 348 Colonia
1487 315 1540 348 16.
1562 314 1641 348 Iulii
1672 315 1774 349 1572.

174 388 226 422 Ex
248 387 514 426 commentario,
541 386 633 430 quod
654 385 806 420 Rethius
831 396 897 419 sua
924 396 1031 418 manu
1050 385 1207 428 scripsit,
1227 387 1262 418 et
1280 385 1332 419 sic
1353 385 1402 427 (in
1423 386 1540 430 capite
1558 386 1821 428 commentarii)

58 441 260 486 inscripsit:
292 440 453 483 „Doctori
482 439 589 473 Petro
617 438 770 473 Canisio.
815 437 1088 482 Oenipontum.“
1136 438 1218 472 Cod.
1239 438 1351 472 colon.
1375 439 1464 480 „L'm
1484 439 1586 473 602‘.
1617 438 1702 483 Epp.
1723 439 1745 473 f.
1766 439 1823 473 43.

58 494 240 542 Epistulae
267 496 389 538 partes
415 494 556 537 aliquas
583 504 627 526 ex
655 492 776 526 eodem
805 492 1060 526 commentario
1089 491 1255 534 vulgavit
1286 494 1429 525 Ilansvn
1460 492 1478 525 1,
1501 504 1528 526 c.
1549 492 1644 526 (525⁴.

174 555 227 588 De
252 554 421 587 Patribus
444 553 581 596 yraecis
615 553 727 585 latine
754 553 953 585 reddendas.
1008 554 1058 585 De
1084 552 1292 585 tumultibus
1322 553 1545 585 Geusiorum.

175 637 415 680 Admodum
458 636 711 679 Reuerende
753 636 795 677 in
838 635 1007 678 Christo
1051 635 1195 685 Pater,
1238 635 1390 678 literas
1432 635 1481 677 R.
1513 635 1558 678 P.
1583 635 1631 677 Τ.
1667 635 1823 689 recepi,

58 706 102 747 et
141 716 216 758 pro
249 701 425 744 consilio
467 700 635 754 gratias
669 715 766 754 ago.
830 701 939 743 Sunt
972 703 1118 744 autem
1152 700 1325 754 quidam
1358 699 1441 742 uiri
1474 700 1587 742 docti
1622 702 1667 742 et
1710 699 1824 745 boni,

58 768 126 823 qui
170 768 212 810 in
257 767 444 810 animum
488 767 764 816 induxerunt,
809 766 998 808 Graecos
1041 766 1241 808 doctores
1275 765 1496 808 Ecclesiae
1529 779 1766 820 repurgare
1800 779 1826 807 a

59 833 325 877 uersionibus
358 832 689 875 haereticorum.
739 831 948 881 Quocirca
972 831 1095 873 effice
1119 845 1250 884 queso
1285 844 1361 885 per
1387 831 1549 873 amicos
1572 834 1683 880 tuos,
1718 844 1826 883 quos

59 899 191 942 habes
223 897 431 952 plurimos
464 897 525 939 rei
557 897 780 940 literariae
803 899 847 938 et
877 896 1099 950 religionis
1131 897 1450 950 promouendae
1483 910 1560 951 per
1583 910 1710 949 quam
1734 899 1825 937 stu-

59 964 212 1015 dios03‚
247 965 295 1006 ut
327 962 514 1004 sciamus
547 962 619 1015 qui
661 965 808 1016 patres
843 961 997 1004 Graeci
1030 961 1072 1003 in
1106 962 1380 1016 Fuggerana,
1416 964 1459 1003 et
1491 962 1534 1003 in
1568 961 1665 1016 alijs
1697 975 1824 1015 supe-

57 1029 179 1072 rioris
202 1027 460 1071 Germaniae
492 1027 764 1070 bibliothecis
797 1027 947 1081 scripti
978 1027 1047 1069 uel
1080 1027 1280 1082 impressi
1313 1041 1470 1081 graece
1493 1028 1824 1069 asseruentur¹:

62 1097 106 1137 et
137 1108 235 1136 num
268 1094 426 1146 aliquis
459 1093 698 1136 catholicus
730 1107 776 1135 se
809 1093 972 1134 socium
1004 1092 1181 1145 reliquis
1223 1093 1264 1134 in
1298 1093 1378 1134 hoc
1411 1106 1537 1135 sacro
1569 1093 1717 1134 labore
1750 1092 1825 1133 ad-

57 1159 233 1213 iungere
274 1159 393 1202 uelit.
458 1158 716 1201 Hominibus
759 1158 870 1200 enim
915 1158 996 1212 pijs
1039 1172 1174 1211 graue
1216 1161 1295 1208 est,
1341 1158 1376 1200 si
1418 1172 1575 1212 graece
1617 1158 1824 1206 nesciant,

0 1276 1 1282 ¹
59 1228 133 1268 aut
172 1239 198 1267 a
231 1224 408 1267 Graecis
450 1224 732 1278 scriptoribus
774 1223 1006 1273 abstinere,
1050 1227 1126 1266 aut
1158 1224 1348 1266 subsidio
1391 1224 1707 1266 haereticorum
1750 1223 1825 1266 uti.

59 1290 141 1335 Sed
173 1289 290 1333 oneri
323 1290 438 1332 forte
470 1289 547 1331 tibi
581 1304 697 1331 sum:
731 1288 908 1343 ignosce
940 1303 1105 1343 precor.

175 1355 295 1406 Quod
329 1355 383 1398 ad
416 1354 581 1397 uicinos
604 1357 777 1397 nostros
800 1355 980 1397 attinet:
1018 1355 1248 1397 Germania
1271 1354 1450 1397 inferior
1472 1354 1685 1407 affligitur
1714 1353 1826 1395 bello

60 1421 192 1464 ciuili:
237 1421 587 1473 Geuseorumque
622 1434 728 1474 gens
770 1420 814 1461 in
848 1420 1023 1462 Geldria
1056 1423 1201 1462 castra
1243 1423 1501 1475 posuerunt:
1544 1420 1585 1460 in
1620 1420 1827 1461 Zelandia

60 1501 159 1529 uero
182 1490 226 1530 et
244 1486 477 1528 Hollandia
496 1487 661 1540 aliquot
679 1485 848 1540 oppida,
874 1489 919 1528 et
941 1485 1194 1528 comitatum
1214 1486 1573 1540 Sutphaniensem
1599 1487 1824 1539 occupant.

58 1552 177 1602 Quod
209 1553 369 1595 malum
402 1554 491 1594 tam
525 1551 711 1594 uicinum
740 1566 834 1593 cum
864 1551 986 1604 quasi
1008 1555 1204 1593 nostrum
1228 1551 1388 1593 malum
1412 1551 1482 1602 sit,
1517 1551 1703 1593 Senatus
1726 1564 1825 1591 con-

58 1617 185 1660 ducto
218 1617 355 1660 milite
386 1620 537 1672 portas
570 1617 781 1659 custodit:
820 1617 969 1659 Clerus
1002 1620 1147 1659 autem
1179 1616 1221 1658 in
1255 1616 1462 1671 collegiis,
1496 1615 1748 1670 parrochijs,
1784 1618 1828 1657 et

60 1683 274 1738 coenobijs
306 1686 448 1726 certas
480 1696 632 1737 preces
665 1682 876 1736 quotidie;
916 1683 1054 1725 sextis
1087 1696 1190 1724 uero
1223 1681 1343 1736 ferijs
1376 1683 1506 1725 etiam
1541 1681 1716 1724 litanias
1749 1695 1827 1734 pro

60 1748 248 1802 Belgica,
282 1751 326 1792 et
357 1751 453 1792 tota
476 1748 672 1790 Ecclesia
695 1748 908 1790 catholica
931 1748 1089 1791 recitat
1102 1749 1129 1791 2.
1180 1748 1327 1790 Pauca
1360 1747 1465 1790 haec
1488 1747 1646 1789 idcirco
1671 1746 1825 1797 scribo,

56 1818 110 1856 ut
141 1813 462 1857 calamitatibus
493 1813 656 1857 nostris
688 1813 956 1868 compatiens
988 1813 1126 1855 Deum
1161 1817 1205 1856 et
1237 1816 1412 1856 sanctos
1446 1812 1537 1855 eius
1570 1826 1737 1862 exores,
1776 1825 1829 1853 ne

57 1879 308 1934 *religionem
343 1879 600 1922 catholicam
633 1879 676 1921 in
709 1878 887 1932 Belgica
919 1878 1141 1921 immutari
1178 1878 1449 1933 permittant.
1514 1877 1684 1920 Modica
1717 1877 1828 1919 enim

59 1943 147 1987 illic
178 1945 447 1988 orthodoxae
479 1944 702 1998 religionis
742 1944 987 1987 immutatio
1030 1945 1291 1998 permultum
1325 1943 1558 1986 Catholicis
1600 1943 1643 1985 in
1683 1945 1830 1985 tractu

61 2009 277 2053 Rhenensi
309 2010 664 2053 incommodaret.
713 2010 917 2053 Salutant
940 2010 988 2052 R.
1016 2010 1060 2052 P.
1081 2010 1127 2052 T.
1154 2012 1197 2052 et
1221 2012 1326 2062 quot
1356 2009 1455 2052 istic
1482 2011 1584 2051 sunt
1615 2011 1763 2063 patres
1787 2012 1831 2050 et

60 2074 231 2127 fratres,
266 2075 315 2118 R.
341 2076 387 2119 P.
411 2076 662 2118 Leonardus
676 2076 704 2126 3,
740 2089 791 2117 ac
825 2074 989 2117 caeteri
1021 2088 1183 2125 omnes,
1218 2075 1288 2128 qui
1323 2089 1369 2116 se
1400 2074 1623 2129 sacrificijs
1656 2077 1701 2116 et
1734 2087 1830 2127 pre-

62 2139 178 2183 cibus
203 2140 362 2184 uestris
385 2140 701 2183 commendant.
746 2140 962 2192 Coloniae,
998 2154 1110 2182 anno
1135 2139 1294 2182 Christi
1331 2141 1484 2183 1.5.72,
1518 2139 1585 2181 die
1626 2140 1687 2181 16.
1711 2138 1829 2191 Julij.

842 2212 894 2255 R.
919 2212 965 2254 P.
991 2212 1037 2255 T.
1064 2226 1217 2254 seruus
1250 2213 1294 2253 et
1325 2211 1438 2253 filius
1470 2211 1513 2253 in
1543 2210 1712 2253 Christo

1071 2277 1258 2319 Ioannes
1290 2277 1486 2320 Rethius.

179 2360 326 2393 Rethius
360 2359 395 2393 in
426 2358 788 2404 „*Ephemeridibus“
820 2359 902 2393 anni
941 2359 1032 2393 1572
1067 2359 1155 2393 haec
1190 2359 1362 2394 notavit?
1393 2358 1477 2401 ,Die
1511 2359 1542 2394 8.
1571 2358 1738 2393 Octobris
1773 2357 1831 2391 ad-

15 2415 18 2418 ’
63 2411 226 2447 hortatus
260 2424 337 2447 sum
365 2413 589 2447 Theodorum
618 2412 850 2448 Coisfeldium
879 2413 1125 2447 Coloniensem
1159 2414 1293 2447 ordinis
1322 2413 1361 2447 D.
1389 2412 1535 2458 Antonij
1571 2412 1606 2445 in
1637 2411 1762 2446 Hostia
1788 2411 1831 2445 ad

65 2465 225 2500 Moenum
239 2467 262 2508 4,
289 2469 329 2501 ut
353 2478 401 2501 ex
428 2467 535 2501 tomis
561 2466 602 2501 R.
630 2467 670 2502 P.
698 2467 797 2500 Petri
824 2467 981 2501 Busaei⁵
1007 2467 1223 2510 insigniores
1249 2466 1283 2500 in
1313 2466 1577 2501 Catechismum
1606 2465 1644 2499 R..
1669 2466 1705 2500 Ρ.
1734 2465 1832 2499 Petri

184 2566 195 2587 ¹
219 2565 464 2601 Doctissimus
490 2566 551 2600 ille
570 2568 750 2600 Antonius
768 2568 991 2609 Auqustinns
1019 2566 1077 2606 (de
1099 2577 1168 2610 quo
1190 2567 1276 2600 Can.
1297 2566 1329 2600 ll
1357 2566 1457 2608 329¹)
1479 2566 1604 2600 Lentia
1625 2566 1678 2600 11.
1699 2565 1833 2610 Aprilis

68 2617 156 2653 1558
182 2618 366 2665 Onuphrio
402 2620 577 2654 Panvinio
611 2620 776 2665 scripsit:
813 2620 872 2662 „ln
900 2620 1067 2663 Augusta
1093 2620 1127 2653 in
1155 2631 1239 2653 casa
1267 2620 1300 2653 di
1329 2619 1405 2654 Gio.
1435 2619 1603 2654 Giacomo
1631 2620 1778 2659 Fucaro,
1815 2631 1832 2652 e

0 2690 9 2703 a
65 2670 158 2706 nella
192 2683 275 2707 casa
310 2672 404 2707 della
440 2674 529 2707 citta
563 2685 649 2707 sono
686 2673 753 2708 due
788 2673 931 2707 librerie
969 2673 1096 2716 grandi
1132 2673 1166 2706 di
1203 2673 1283 2707 libri
1320 2673 1416 2716 greci
1448 2686 1466 2707 e
1501 2673 1647 2707 latini⁴⁴z
1682 2674 1834 2706 Antonii

0 2734 2 2740 ·
63 2726 260 2769 Augustini
295 2726 554 2772 archiepiscopi
590 2727 857 2762 tarraconensis
893 2726 1067 2772 epistolae
1106 2727 1239 2761 latinae
1275 2729 1312 2760 ot
1346 2727 1510 2767 italicae,
1548 2738 1642 2760 nunc
1680 2727 1831 2770 primum

0 2781 11 2834 i
68 2777 182 2813 editae
208 2791 228 2813 a
253 2780 397 2814 Joanne
423 2782 612 2823 Andr-esso,
642 2780 792 2815 Parmae
821 2780 922 2821 1804,
950 2780 1030 2815 313.
1082 2780 1172 2814 Item
1199 2780 1234 2814 in
1262 2780 1478 2814 bibliotheca
1505 2780 1650 2827 Antonii
1677 2779 1833 2824 Fuggeri

10 2849 11 2860 κ
69 2829 104 2876 (†
131 2831 237 2876 1560)
273 2835 326 2867 tot
360 2835 509 2878 reperiri
545 2834 713 2868 dicebant
749 2834 889 2868 codices
925 2845 1032 2867 manu
1058 2834 1224 2878 scriptos,
1261 2836 1348 2878 quot
1381 2835 1502 2868 essent
1527 2833 1655 2868 stellae
1674 2833 1709 2867 in
1736 2832 1834 2867 caelo

72 2884 174 2928 (Lor.
192 2887 348 2931 lVerner,
376 2887 593 2922 Geschichte
621 2888 683 2921 der
710 2887 816 2922 Stadt
841 2888 1047 2932 Augsburg.
1076 2887 1270 2931 Augsburg
1298 2887 1398 2927 1900,
1426 2887 1524 2931 288).

185 2939 198 2959 ²
224 2939 384 2975 Litanias
418 2941 600 2984 significat
628 2940 796 2976 Omnium
825 2940 1057 2982 Sanctorum
1095 2952 1186 2985 quae
1221 2943 1307 2975 tunc
1342 2941 1496 2975 maxime
1530 2944 1633 2975 erant
1657 2940 1834 2980 usitatae3

70 2990 114 3026 cf.
137 2992 222 3027 Can.
249 2992 299 3027 lV
325 2993 392 3028 821
423 2995 532 3035 1018;
561 2994 593 3028 V
619 2996 688 3030 569
716 2995 784 3029 722
811 2997 879 3029 etc.
1072 2995 1084 3015 ³
1110 2994 1249 3036 Kessel,
1276 2994 1417 3038 collegii
1445 2997 1573 3029 rector.

71 3058 73 3060 ·
151 3062 157 3068 ·
186 3047 199 3066 ⁴
226 3045 394 3082 Canonici
420 3048 606 3092 regulares
632 3048 766 3083 ordinis
801 3048 992 3093 hospitalis
1018 3047 1053 3083 S.
1080 3048 1226 3082 Antonii
1253 3048 1287 3082 in
1314 3048 1401 3082 urbe
1428 3048 1567 3083 Hochst
1594 3048 1696 3091 (tunc
1722 3047 1834 3082 archi-

71 3098 224 3143 episcopi
249 3101 450 3144 moguntini
476 3102 625 3147 imperio
647 3102 820 3142 subiecta,
847 3113 942 3137 nunc
967 3101 1168 3139 borussical
1200 3102 1457 3136 monasterium
1483 3101 1673 3136 habebant.

189 3153 201 3172 ⁵
228 3153 278 3187 De
303 3153 360 3188 his
385 3155 492 3190 tomis
518 3167 552 3190 V.
576 3157 663 3190 Can.
682 3154 732 3189 VI
759 3155 958 3190 685—689.
