2062 3443
117 134 218 170 1938.
245 133 312 168 Ad.
329 133 374 168 ab
390 134 464 168 Arz
482 132 568 168 Can.
603 133 657 168 14.
677 133 761 168 Dec.
783 133 886 168 1575.
931 132 1032 168 1939.
1053 131 1138 167 Can.
1157 132 1225 167 Ad.
1242 132 1288 167 ab
1306 133 1387 167 Arz.
1417 133 1508 168 1575
1526 133 1586 168 vel
1605 133 1707 168 1576.
1750 137 1834 178 311

67 249 222 287 1938.
299 249 582 286 ADAMUS
603 249 695 285 AB
717 249 874 292 ΑΒΖ,
902 250 1171 284 commissarius
1197 250 1233 284 in
1253 250 1361 285 rebus
1388 251 1637 296 spiritualibus
1664 252 1838 286 dioecesis

254 303 473 338 brixinensis
499 303 689 347 generalis,
717 304 911 338 canonicus
937 303 1113 338 ecclesiae
1140 303 1372 346 cathedralis,
1399 304 1600 340 CANlSlO.

1123 362 1273 396 Brixina
1301 364 1356 398 14.
1376 363 1586 399 Decembris
1614 364 1703 398 1575
1725 364 1790 408 (2³).

186 428 242 462 Ex
278 427 486 473 apographo
522 427 682 462 eiusdem
718 427 794 462 fere
830 427 1011 472 temporis,
1047 426 1248 473 Oeniponte
1274 428 1309 462 in
1337 428 1520 470 fasciculo,
1556 429 1599 463 de
1625 441 1694 473 quo
1729 440 1839 474 supra

66 481 149 527 (Ep.
172 481 291 525 1937),
318 481 444 526 posito,
471 481 507 515 in
534 481 636 515 cuius
661 481 825 525 margine
851 493 959 516 manu
985 482 1134 525 antiqua
1158 481 1335 526 scriptum
1363 484 1438 517 est:
1469 481 1544 524 „Ad
1573 482 1788 517 Canisium.“

184 559 304 609 Quod
352 559 602 602 Paternitas
645 562 723 602 tua
766 558 1024 601 Reuerenda
1065 558 1169 601 mihi
1211 559 1409 602 iuuenem
1453 559 1606 602 harum
1655 560 1839 603 latorem

63 624 445 676 commendauerst,
480 627 529 667 ut
562 638 731 667 omnem
764 638 942 678 operam
976 638 1026 666 ac
1059 623 1330 678 diligentiam
1360 625 1402 667 in
1426 639 1475 667 eo
1500 625 1839 667 commendando

64 692 297 746 praestem,
331 689 415 732 feci
447 689 646 742 equidem
678 688 784 732 totis
815 689 992 739 uiribus,
1026 691 1072 731 et
1104 703 1232 742 quam
1255 690 1555 733 libentissime.
1600 690 1691 740 Quo
1713 690 1840 732 modo

63 758 213 798 autem
246 754 379 797 fuerit
411 758 622 810 exceptus
655 757 699 797 et
732 758 939 807 quantum
974 754 1013 796 ei
1046 754 1261 808 profuerit
1292 755 1547 798 intercessio
1578 758 1668 807 tua,
1704 756 1757 798 ab
1791 770 1841 797 eo

63 820 173 863 satis
205 834 454 874 cognosces,
498 833 548 862 ac
592 834 660 862 me
693 820 956 863 Paternitati
988 823 1092 862 tuae
1124 820 1408 863 Reuerendae
1439 821 1483 862 in
1515 821 1842 875 quibuscunque

64 885 238 940 possim,
282 885 337 928 ad
379 899 505 927 omne
539 884 790 938 obsequium
832 898 1004 938 semper
1044 886 1416 939 promptissimum
1458 886 1551 928 fore
1585 900 1841 941 persuasum

66 951 146 994 tibi
177 950 340 993 habeas
373 953 488 1005 opto.
553 950 696 992 Datae
729 949 935 992 Brixinae
968 949 1036 992 die
1069 952 1154 994 .14.
1178 951 1444 994 Decembris.

185 1033 315 1066 Annus
342 1031 486 1076 quidem
513 1031 597 1066 huic
632 1030 840 1076 apographo
875 1030 1058 1076 ascriptus
1092 1043 1163 1065 non
1199 1033 1272 1073 est;
1310 1043 1402 1075 quae
1429 1035 1549 1066 autem
1586 1033 1621 1066 in
1657 1032 1841 1074 fasciculo,

64 1097 173 1130 quem
201 1085 286 1127 dixi,
313 1084 403 1119 illud
429 1084 649 1119 antecedunt
676 1087 712 1119 et
738 1087 954 1129 sequuntur,
981 1096 1022 1119 ea
1049 1087 1145 1126 sunt,
1173 1096 1217 1119 ex
1245 1085 1374 1129 quibus
1400 1085 1548 1120 Arzium
1574 1086 1669 1120 inter
1697 1098 1728 1120 a.
1751 1087 1840 1121 1575

62 1144 102 1174 et
138 1139 229 1174 1578
272 1138 464 1183 scripsisse
507 1137 719 1181 collegerim
762 1142 871 1182 atque
915 1138 1080 1182 equidem
1119 1138 1171 1173 sic
1210 1148 1358 1174 censeo:
1402 1140 1473 1173 Arz
1518 1139 1611 1173 hanc
1649 1139 1841 1185 epistulam

63 1194 257 1238 (apertam,
283 1191 386 1238 puto)
415 1191 566 1225 tradidit
591 1192 636 1226 ad
661 1191 845 1226 Canisium
872 1192 1123 1236 perferendam
1150 1192 1202 1226 illi
1230 1193 1298 1237 ipsi
1324 1192 1457 1234 iuveni,
1496 1193 1537 1227 de
1565 1205 1634 1237 quo
1662 1194 1842 1238 copiosius

62 1249 102 1281 et
141 1246 257 1290 magis
296 1245 534 1286 familiariter,
574 1245 656 1279 aliis
695 1256 838 1289 quoque
876 1246 984 1280 rebus
1021 1246 1173 1286 additis,
1211 1246 1359 1291 scripsit
1393 1247 1429 1280 in
1466 1247 1622 1291 epistula
1657 1249 1842 1292 superiore

63 1299 121 1343 (n.
142 1299 261 1343 1937),
289 1311 396 1344 quam
422 1298 635 1333 tabellarius
661 1299 828 1344 publicus
854 1299 913 1333 vel
939 1299 1033 1334 alius
1058 1299 1191 1343 aliquis
1218 1299 1361 1334 Canisio
1392 1300 1571 1335 allaturus
1598 1303 1686 1335 erat.

65 1415 220 1452 1939.
301 1416 518 1452 CANISIUS
547 1415 791 1453 ADARIO
820 1415 915 1452 AB
943 1415 1101 1460 ΑΒΖ,
1129 1418 1302 1453 dioecesis
1327 1418 1548 1453 brixinensis
1573 1419 1709 1454 vicario
1736 1430 1841 1463 gene—

254 1470 333 1513 rali,
360 1470 510 1516 capituli
537 1470 756 1505 cathedralis
783 1471 964 1506 canonico.

724 1530 925 1575 Oeniponte
951 1529 1018 1565 sub
1045 1531 1183 1565 exitum
1212 1542 1243 1565 a.
1265 1531 1354 1565 1575
1382 1531 1442 1566 vel
1469 1531 1612 1566 initium
1638 1543 1669 1566 a.
1690 1532 1793 1567 1576.

184 1600 238 1635 Ex
258 1601 465 1646 apographo
483 1601 639 1643 saeculo,
657 1603 698 1635 ut
716 1602 868 1655 videtur,
888 1601 1020 1637 XVIII.
1039 1603 1184 1647 scripto,
1211 1603 1305 1647 quod
1325 1605 1448 1637 exstat
1465 1602 1647 1637 Monachii
1666 1603 1700 1636 in
1719 1602 1842 1637 biblio-

63 1654 171 1689 theca
197 1655 381 1695 nationali,
410 1655 495 1690 Cod.
524 1655 586 1689 lat.
615 1656 706 1690 1606
733 1655 858 1690 f.125.
910 1656 1093 1690 Librarius
1128 1656 1377 1701 apographum
1404 1656 1470 1690 hoc
1497 1656 1551 1691 sic
1586 1657 1840 1702 inscripserat:

0 1718 1 1723 ¹
68 1708 286 1753 „Exemplar
311 1709 538 1753 Autographi
565 1708 607 1743 R.
628 1709 667 1743 P.
687 1709 786 1743 Petri
812 1709 947 1754 Canisij
976 1709 1167 1754 Oeniponti
1195 1709 1375 1753 quondam
1401 1710 1540 1755 scripti.
1575 1710 1725 1755 Copia“;
1753 1710 1842 1744 haec

64 1773 151 1796 vero
177 1761 248 1796 alia
274 1773 392 1802 manu,
420 1774 512 1806 quae
533 1763 571 1796 Ρ.
591 1762 690 1796 Petri
717 1763 882 1806 Hugonis
910 1763 1022 1807 (Hug,
1048 1764 1069 1804 †
1098 1763 1204 1805 1657)
1235 1763 1270 1798 S.
1290 1763 1323 1798 J.
1351 1775 1431 1798 esse
1457 1764 1612 1805 videtur,
1638 1764 1691 1798 sic
1717 1764 1843 1798 immu-

63 1817 141 1850 tata
167 1818 272 1851 sunt:
305 1816 366 1858 „R.
384 1816 424 1850 P.
446 1816 544 1850 Petri
572 1816 706 1859 Canisij
735 1815 928 1862 Oeniponti
955 1817 1133 1861 quondam
1160 1817 1336 1862 scriptum
1364 1817 1593 1852 Consilium.'‘

186 1882 238 1914 De
264 1881 422 1914 Izcbilaeo
448 1885 539 1914 recte
564 1882 721 1924 assencloe
748 1882 993 1916 Parochorum
1017 1883 1161 1925 pessimi
1186 1893 1300 1916 mores
1325 1884 1493 1916 mutandi
1499 1894 1513 1924 ,·
1539 1883 1714 1916 contiones
1724 1896 1738 1925 ;
1760 1894 1843 1926 pro-

62 1934 234 1967 cessiones
244 1947 256 1975 ,·
281 1935 478 1968 sacerdotes
504 1935 731 1978 religiosique
757 1937 902 1968 caeteris
928 1936 1124 1978 exemplum
1143 1937 1353 1979 praebeant.

187 2016 400 2072 Sitne⁸[?]
426 2018 684 2070 consultum,
710 2018 823 2061 circa
845 2032 1002 2061 nouam
1020 2018 1203 2061 Iubilaei
1224 2017 1622 2075 publicandamffta]
1643 2019 1815 2062 Bullam
1830 2021 1844 2048 ¹

65 2083 173 2126 haec
204 2097 346 2138 pauca
377 2082 614 2126 obseruari.

187 2148 379 2191 Primum
423 2151 472 2190 ut
513 2162 702 2191 excusae
740 2149 895 2191 Bullae
936 2149 1206 2203 exemplaria
1244 2149 1431 2192 Decanis
1471 2150 1687 2193 ruralibus
1728 2164 1844 2193 com-

65 2213 311 2265 mittantur,
342 2214 414 2267 qui
436 2213 656 2256 Parochos
678 2214 759 2256 sibi
781 2214 999 2257 subiectos
1021 2214 1171 2257 statim
1195 2218 1448 2267 conuocent,
1482 2219 1527 2259 et
1547 2215 1769 2259 instruant
1791 2216 1844 2258 de

66 2279 237 2322 ratione
269 2279 441 2321 Bullam
474 2280 655 2321 eandem
689 2294 785 2322 cum
817 2280 962 2322 fructu
995 2280 1165 2334 publice
1197 2281 1445 2334 euulgandi.

186 2344 255 2386 Ad
297 2344 408 2386 hanc
448 2345 664 2387 rationem
703 2348 903 2399 spectare
933 2344 1121 2396 videtur,
1163 2347 1214 2388 vt
1248 2345 1352 2388 dicti
1386 2345 1584 2396 Parochi,
1618 2349 1662 2389 et
1699 2359 1845 2389 sacer-

64 2409 192 2452 dotes
224 2409 416 2453 adiuncti
447 2413 709 2453 moneantur
741 2424 788 2452 se
818 2410 1015 2465 inprimis
1047 2410 1174 2453 huius
1195 2410 1350 2453 Bullae
1381 2410 1618 2466 participes
1649 2411 1843 2462 reddere,

65 2475 325 2530 praesertim
358 2489 434 2530 per
467 2479 670 2518 exactam
703 2477 981 2530 peccatorum
1005 2490 1181 2518 suorum
1204 2475 1533 2527 confessionem,
1567 2491 1663 2519 cum
1685 2477 1845 2531 plaeri—

64 2554 150 2594 que
181 2540 384 2583 fortassis
407 2541 773 2584 excommunicati
795 2541 1085 2596 reperiantur,
1118 2544 1164 2583 et
1184 2541 1392 2595 grauibus
1415 2541 1665 2584 criminibus
1687 2542 1845 2585 saltem

66 2605 344 2661 implicentur
358 2628 367 2637 ·
385 2609 433 2648 vt
465 2607 580 2660 quod
605 2607 747 2648 Horas
769 2606 1009 2649 Canonicas
1030 2620 1116 2649 non
1138 2607 1340 2657 recitant,
1374 2607 1488 2660 quod
1510 2607 1671 2650 multos
1692 2608 1846 2650 haere-

65 2670 193 2722 ticos,
227 2674 305 2714 aut
336 2671 655 2714 haereticorum
687 2672 823 2714 libros
854 2675 1070 2723 tenentes,
1103 2672 1174 2714 vel
1205 2671 1250 2713 in
1282 2672 1380 2727 alijs
1403 2672 1574 2715 casibus
1596 2673 1652 2715 ad
1674 2673 1846 2716 Bullam

65 2736 237 2778 Coenae
268 2736 441 2779 Domini
472 2736 792 2791 pertinentibus
823 2736 1202 2780 indiscriminatim
1234 2737 1509 2789 absoluant2,
1542 2737 1657 2792 quod
1689 2738 1846 2782 Sacra—

188 2830 216 2861 a)
236 2830 301 2861 Sic,·
325 2830 376 2855 secl
396 2838 459 2854 cum
478 2838 523 2861 ea,
543 2838 618 2862 quac
637 2834 810 2862 sequuntur,
837 2831 998 2861 considero,
1024 2831 1055 2855 ιή
1076 2838 1139 2856 eam
1163 2831 1336 2856 sententiam
1357 2831 1498 2861 adducor,
1524 2834 1555 2856 ut
1576 2832 1727 2857 Canist'um
1746 2832 1845 2864 ipsum

68 2868 200 2896 Videtur
216 2871 373 2903 scripsisse
391 2879 533 2897 censeam.
643 2870 674 2903 b)
694 2873 728 2897 Ut
748 2873 790 2897 sic
809 2880 846 2898 ex
865 2871 1050 2906 publicandi,
1069 2873 1144 2905 quod
1164 2873 1369 2904 apoyraphnm
1389 2873 1484 2904 habet,
1509 2873 1688 2905 corriycceur,
1710 2881 1759 2899 res
1777 2875 1845 2906 ipsa

66 2913 184 2944 exiyere
204 2913 329 2938 videtur.

197 3029 207 3050 ¹
231 3028 336 3071 Vide,
363 3041 455 3074 quae
481 3030 548 3065 sub
574 3031 674 3076 ipsas
699 3031 766 3066 has
790 3031 934 3070 litteras
960 3031 1136 3066 dicentur.

192 3083 208 3104 ²
232 3082 286 3118 De
304 3083 361 3118 his
379 3083 681 3129 prohibitionibus
699 3087 735 3119 et
752 3084 1186 3120 excommunicationibus
1203 3084 1288 3119 vide
1304 3086 1392 3120 Gan.
1407 3085 1459 3120 IV
1477 3086 1546 3122 588
1564 3085 1653 3126 862;
1679 3086 1713 3119 V
1729 3085 1845 3126 414¹;

70 3135 130 3170 ubi
157 3136 266 3172 etiam
292 3137 505 3180 ostenditur,
540 3137 636 3173 haud
671 3149 805 3184 paucos
832 3139 909 3174 eius
943 3138 1117 3184 temporis
1142 3138 1361 3181 sacerdotes,
1396 3140 1459 3184 qui
1483 3139 1536 3175 ita
1570 3139 1734 3174 homines
1763 3139 1845 3174 illos
1903 3170 1910 3176 .
