<?xml version="1.0" encoding="UTF-8"?>
<!DOCTYPE html PUBLIC "-//W3C//DTD XHTML 1.0 Transitional//EN"
    "http://www.w3.org/TR/xhtml1/DTD/xhtml1-transitional.dtd">
<html xmlns="http://www.w3.org/1999/xhtml" xml:lang="en" lang="en">
 <head>
  <title>
</title>
<meta http-equiv="Content-Type" content="text/html;charset=utf-8" />
  <meta name='ocr-system' content='tesseract 3.04.00' />
  <meta name='ocr-capabilities' content='ocr_page ocr_carea ocr_par ocr_line ocrx_word'/>
</head>
<body>
  <div class='ocr_page' id='page_1' title='image "beatipetricanisi07cani_0394.png"; bbox 0 0 2051 3433; ppageno 0'>
   <div class='ocr_carea' id='block_1_1' title="bbox 228 141 1431 191">
    <p class='ocr_par' dir='ltr' id='par_1_1' title="bbox 228 141 1431 191">
     <span class='ocr_line' id='line_1_1' title="bbox 228 141 1431 191; baseline -0.004 -11"><span class='ocrx_word' id='word_1_1' title='bbox 228 149 314 191; x_wconf 85' lang='lat'>300</span> <span class='ocrx_word' id='word_1_2' title='bbox 659 143 762 178; x_wconf 84' lang='lat'>1930.</span> <span class='ocrx_word' id='word_1_3' title='bbox 790 143 957 178; x_wconf 86' lang='lat' dir='ltr'>Canisius</span> <span class='ocrx_word' id='word_1_4' title='bbox 984 142 1168 177; x_wconf 86' lang='lat' dir='ltr'>Everardo</span> <span class='ocrx_word' id='word_1_5' title='bbox 1194 141 1431 176; x_wconf 88' lang='lat' dir='ltr'>Mercuriano.</span> 
     </span>
    </p>
   </div>
   <div class='ocr_carea' id='block_1_2' title="bbox 226 257 2051 1815">
    <p class='ocr_par' dir='ltr' id='par_1_2' title="bbox 226 257 2051 1815">
     <span class='ocr_line' id='line_1_2' title="bbox 227 257 2004 317; baseline -0.003 -12"><span class='ocrx_word' id='word_1_6' title='bbox 227 262 364 306; x_wconf 90' lang='lat' dir='ltr'>uideri</span> <span class='ocrx_word' id='word_1_7' title='bbox 405 264 566 317; x_wconf 88' lang='lat' dir='ltr'>posset,</span> <span class='ocrx_word' id='word_1_8' title='bbox 610 262 658 303; x_wconf 91' lang='lat' dir='ltr'>ut</span> <span class='ocrx_word' id='word_1_9' title='bbox 698 260 806 302; x_wconf 87' lang='lat' dir='ltr'>alios</span> <span class='ocrx_word' id='word_1_10' title='bbox 848 260 890 301; x_wconf 90' lang='lat' dir='ltr'>id</span> <span class='ocrx_word' id='word_1_11' title='bbox 929 273 1067 313; x_wconf 86' lang='lat' dir='ltr'>genus</span> <span class='ocrx_word' id='word_1_12' title='bbox 1109 272 1270 301; x_wconf 90' lang='lat' dir='ltr'>naeuos</span> <span class='ocrx_word' id='word_1_13' title='bbox 1311 258 1355 299; x_wconf 87' lang='lat' dir='ltr'>in</span> <span class='ocrx_word' id='word_1_14' title='bbox 1396 258 1476 301; x_wconf 88' lang='lat' dir='ltr'>tali</span> <span class='ocrx_word' id='word_1_15' title='bbox 1507 258 1640 301; x_wconf 90' lang='lat' dir='ltr'>Patre</span> <span class='ocrx_word' id='word_1_16' title='bbox 1673 257 2004 300; x_wconf 87' lang='lat' dir='ltr'>dissimulandos</span> 
     </span>
     <span class='ocr_line' id='line_1_3' title="bbox 228 323 2004 379; baseline -0.004 -8"><span class='ocrx_word' id='word_1_17' title='bbox 228 328 441 371; x_wconf 89' lang='lat' dir='ltr'>omittam.</span> <span class='ocrx_word' id='word_1_18' title='bbox 506 325 681 369; x_wconf 86' lang='lat' dir='ltr'>Fefellit</span> <span class='ocrx_word' id='word_1_19' title='bbox 722 326 1073 379; x_wconf 71' lang='lat' dir='ltr'>expectationem</span> <span class='ocrx_word' id='word_1_20' title='bbox 1116 324 1206 365; x_wconf 88' lang='lat' dir='ltr'>eius</span> <span class='ocrx_word' id='word_1_21' title='bbox 1239 323 1430 376; x_wconf 78' lang='lat' dir='ltr'>Regina,</span> <span class='ocrx_word' id='word_1_22' title='bbox 1480 337 1590 376; x_wconf 89' lang='lat' dir='ltr'>quae</span> <span class='ocrx_word' id='word_1_23' title='bbox 1623 325 1780 376; x_wconf 90' lang='lat' dir='ltr'>rogata</span> <span class='ocrx_word' id='word_1_24' title='bbox 1812 323 1943 365; x_wconf 89' lang='lat' dir='ltr'>etiam</span> <span class='ocrx_word' id='word_1_25' title='bbox 1977 336 2004 364; x_wconf 91' lang='lat' dir='ltr'>a</span> 
     </span>
     <span class='ocr_line' id='line_1_4' title="bbox 226 387 2003 444; baseline -0.004 -8"><span class='ocrx_word' id='word_1_26' title='bbox 226 394 363 444; x_wconf 91' lang='lat' dir='ltr'>nobis,</span> <span class='ocrx_word' id='word_1_27' title='bbox 406 392 510 434; x_wconf 83' lang='lat' dir='ltr'>nihil</span> <span class='ocrx_word' id='word_1_28' title='bbox 552 391 614 432; x_wconf 89' lang='lat' dir='ltr'>illi</span> <span class='ocrx_word' id='word_1_29' title='bbox 647 390 995 432; x_wconf 78' lang='lat' dir='ltr'>extraordinarie</span> <span class='ocrx_word' id='word_1_30' title='bbox 1036 390 1078 431; x_wconf 91' lang='lat' dir='ltr'>in</span> <span class='ocrx_word' id='word_1_31' title='bbox 1111 390 1229 431; x_wconf 92' lang='lat' dir='ltr'>uictu</span> <span class='ocrx_word' id='word_1_32' title='bbox 1262 389 1489 443; x_wconf 84' lang='lat' dir='ltr'>porrigit1.</span> <span class='ocrx_word' id='word_1_33' title='bbox 1526 388 1730 430; x_wconf 77' lang='lat' dir='ltr'>&#39;Fefellit</span> <span class='ocrx_word' id='word_1_34' title='bbox 1769 387 2003 442; x_wconf 90' lang='lat' dir='ltr'>prouintia,</span> 
     </span>
     <span class='ocr_line' id='line_1_5' title="bbox 228 452 2006 512; baseline -0.003 -12"><span class='ocrx_word' id='word_1_35' title='bbox 228 472 339 512; x_wconf 89' lang='lat' dir='ltr'>quae</span> <span class='ocrx_word' id='word_1_36' title='bbox 372 458 426 501; x_wconf 89' lang='lat' dir='ltr'>ab</span> <span class='ocrx_word' id='word_1_37' title='bbox 460 457 582 499; x_wconf 90' lang='lat' dir='ltr'>initio</span> <span class='ocrx_word' id='word_1_38' title='bbox 616 455 909 498; x_wconf 84' lang='lat' dir='ltr'>desideratum</span> <span class='ocrx_word' id='word_1_39' title='bbox 951 455 1193 498; x_wconf 89' lang='lat' dir='ltr'>studiorum</span> <span class='ocrx_word' id='word_1_40' title='bbox 1227 454 1438 507; x_wconf 82' lang='lat' dir='ltr'>collegam</span> <span class='ocrx_word' id='word_1_41' title='bbox 1473 457 1517 497; x_wconf 90' lang='lat' dir='ltr'>et</span> <span class='ocrx_word' id='word_1_42' title='bbox 1550 456 1747 508; x_wconf 88' lang='lat' dir='ltr'>sumptus</span> <span class='ocrx_word' id='word_1_43' title='bbox 1785 453 1840 495; x_wconf 91' lang='lat' dir='ltr'>ad</span> <span class='ocrx_word' id='word_1_44' title='bbox 1872 452 2006 494; x_wconf 87' lang='lat' dir='ltr'>libros</span> 
     </span>
     <span class='ocr_line' id='line_1_6' title="bbox 228 517 2006 574; baseline -0.004 -8"><span class='ocrx_word' id='word_1_45' title='bbox 228 524 433 566; x_wconf 90' lang='lat' dir='ltr'>emendos</span> <span class='ocrx_word' id='word_1_46' title='bbox 466 521 800 564; x_wconf 88' lang='lat' dir='ltr'>subministrare</span> <span class='ocrx_word' id='word_1_47' title='bbox 832 520 895 562; x_wconf 91' lang='lat' dir='ltr'>illi</span> <span class='ocrx_word' id='word_1_48' title='bbox 928 523 1117 573; x_wconf 87' lang='lat' dir='ltr'>grauata</span> <span class='ocrx_word' id='word_1_49' title='bbox 1149 523 1229 569; x_wconf 85' lang='lat' dir='ltr'>est,</span> <span class='ocrx_word' id='word_1_50' title='bbox 1264 533 1377 572; x_wconf 88' lang='lat' dir='ltr'>quae</span> <span class='ocrx_word' id='word_1_51' title='bbox 1409 521 1640 574; x_wconf 88' lang='lat' dir='ltr'>praeterea</span> <span class='ocrx_word' id='word_1_52' title='bbox 1663 518 1920 573; x_wconf 81' lang='lat' dir='ltr'>scriptorem</span> <span class='ocrx_word' id='word_1_53' title='bbox 1942 517 2006 559; x_wconf 92' lang='lat' dir='ltr'>illi</span> 
     </span>
     <span class='ocr_line' id='line_1_7' title="bbox 227 584 2007 642; baseline -0.003 -12"><span class='ocrx_word' id='word_1_54' title='bbox 227 588 466 642; x_wconf 79' lang='lat' dir='ltr'>gratiorem</span> <span class='ocrx_word' id='word_1_55' title='bbox 499 601 588 629; x_wconf 92' lang='lat' dir='ltr'>non</span> <span class='ocrx_word' id='word_1_56' title='bbox 622 586 793 628; x_wconf 87' lang='lat' dir='ltr'>obtulit.</span> <span class='ocrx_word' id='word_1_57' title='bbox 842 585 959 628; x_wconf 82' lang='lat' dir='ltr'>Vicit</span> <span class='ocrx_word' id='word_1_58' title='bbox 992 588 1138 628; x_wconf 88' lang='lat' dir='ltr'>autem</span> <span class='ocrx_word' id='word_1_59' title='bbox 1172 584 1440 627; x_wconf 79' lang='lat' dir='ltr'>tentationes</span> <span class='ocrx_word' id='word_1_60' title='bbox 1474 585 1611 626; x_wconf 88' lang='lat' dir='ltr'>bonus</span> <span class='ocrx_word' id='word_1_61' title='bbox 1643 591 1782 638; x_wconf 87' lang='lat' dir='ltr'>pater,</span> <span class='ocrx_word' id='word_1_62' title='bbox 1818 586 1862 626; x_wconf 92' lang='lat' dir='ltr'>et</span> <span class='ocrx_word' id='word_1_63' title='bbox 1893 597 2007 625; x_wconf 89' lang='lat' dir='ltr'>nunc</span> 
     </span>
     <span class='ocr_line' id='line_1_8' title="bbox 228 649 2006 707; baseline -0.004 -10"><span class='ocrx_word' id='word_1_64' title='bbox 228 657 464 707; x_wconf 86' lang='lat' dir='ltr'>utcumque</span> <span class='ocrx_word' id='word_1_65' title='bbox 497 654 727 694; x_wconf 86' lang='lat' dir='ltr'>contentus</span> <span class='ocrx_word' id='word_1_66' title='bbox 749 651 831 693; x_wconf 89' lang='lat' dir='ltr'>hoc</span> <span class='ocrx_word' id='word_1_67' title='bbox 863 665 940 692; x_wconf 89' lang='lat' dir='ltr'>suo</span> <span class='ocrx_word' id='word_1_68' title='bbox 965 651 1063 692; x_wconf 89' lang='lat' dir='ltr'>nido</span> <span class='ocrx_word' id='word_1_69' title='bbox 1087 664 1182 692; x_wconf 88' lang='lat' dir='ltr'>esse</span> <span class='ocrx_word' id='word_1_70' title='bbox 1205 650 1390 693; x_wconf 84' lang='lat' dir='ltr'>uidetur.</span> <span class='ocrx_word' id='word_1_71' title='bbox 1440 650 1541 691; x_wconf 77' lang='lat' dir='ltr'>Dixi</span> <span class='ocrx_word' id='word_1_72' title='bbox 1568 663 1705 703; x_wconf 87' lang='lat' dir='ltr'>nuper</span> <span class='ocrx_word' id='word_1_73' title='bbox 1735 650 1798 691; x_wconf 91' lang='lat' dir='ltr'>illi</span> <span class='ocrx_word' id='word_1_74' title='bbox 1831 650 1876 692; x_wconf 90' lang='lat' dir='ltr'>P.</span> <span class='ocrx_word' id='word_1_75' title='bbox 1901 649 2006 690; x_wconf 92' lang='lat' dir='ltr'>Pro-</span> 
     </span>
     <span class='ocr_line' id='line_1_9' title="bbox 227 713 2009 768; baseline -0.004 -7"><span class='ocrx_word' id='word_1_76' title='bbox 227 719 422 761; x_wconf 89' lang='lat' dir='ltr'>uintialis</span> <span class='ocrx_word' id='word_1_77' title='bbox 464 720 508 760; x_wconf 91' lang='lat' dir='ltr'>et</span> <span class='ocrx_word' id='word_1_78' title='bbox 541 716 741 759; x_wconf 77' lang='lat' dir='ltr'>Hectoris</span> <span class='ocrx_word' id='word_1_79' title='bbox 783 716 968 766; x_wconf 89' lang='lat' dir='ltr'>nomine,</span> <span class='ocrx_word' id='word_1_80' title='bbox 1013 719 1060 758; x_wconf 94' lang='lat' dir='ltr'>ut</span> <span class='ocrx_word' id='word_1_81' title='bbox 1094 715 1450 768; x_wconf 78' lang='lat' dir='ltr'>qualemcumque</span> <span class='ocrx_word' id='word_1_82' title='bbox 1491 716 1633 757; x_wconf 89' lang='lat' dir='ltr'>locum</span> <span class='ocrx_word' id='word_1_83' title='bbox 1677 715 1718 756; x_wconf 91' lang='lat' dir='ltr'>in</span> <span class='ocrx_word' id='word_1_84' title='bbox 1758 716 1840 758; x_wconf 88' lang='lat' dir='ltr'>hac</span> <span class='ocrx_word' id='word_1_85' title='bbox 1873 713 2009 766; x_wconf 86' lang='lat' dir='ltr'>eligat</span> 
     </span>
     <span class='ocr_line' id='line_1_10' title="bbox 228 778 2008 839; baseline -0.003 -13"><span class='ocrx_word' id='word_1_86' title='bbox 228 783 462 839; x_wconf 87' lang='lat' dir='ltr'>prouintia‚</span> <span class='ocrx_word' id='word_1_87' title='bbox 504 797 582 824; x_wconf 87' lang='lat' dir='ltr'>nos</span> <span class='ocrx_word' id='word_1_88' title='bbox 616 782 800 824; x_wconf 82' lang='lat' dir='ltr'>libenter</span> <span class='ocrx_word' id='word_1_89' title='bbox 832 781 893 822; x_wconf 90' lang='lat' dir='ltr'>illi</span> <span class='ocrx_word' id='word_1_90' title='bbox 926 795 1005 835; x_wconf 89' lang='lat' dir='ltr'>pro</span> <span class='ocrx_word' id='word_1_91' title='bbox 1038 784 1191 823; x_wconf 88' lang='lat' dir='ltr'>nostra</span> <span class='ocrx_word' id='word_1_92' title='bbox 1223 780 1337 822; x_wconf 86' lang='lat' dir='ltr'>uirili</span> <span class='ocrx_word' id='word_1_93' title='bbox 1380 780 1575 823; x_wconf 87' lang='lat' dir='ltr'>facturos</span> <span class='ocrx_word' id='word_1_94' title='bbox 1608 781 1765 830; x_wconf 90' lang='lat' dir='ltr'>omnia,</span> <span class='ocrx_word' id='word_1_95' title='bbox 1808 792 1920 833; x_wconf 87' lang='lat' dir='ltr'>quae</span> <span class='ocrx_word' id='word_1_96' title='bbox 1951 778 2008 821; x_wconf 87' lang='lat' dir='ltr'>ad</span> 
     </span>
     <span class='ocr_line' id='line_1_11' title="bbox 227 843 2008 904; baseline -0.004 -12"><span class='ocrx_word' id='word_1_97' title='bbox 227 849 363 904; x_wconf 85' lang='lat' dir='ltr'>ipsius</span> <span class='ocrx_word' id='word_1_98' title='bbox 395 847 726 890; x_wconf 86' lang='lat' dir='ltr'>commoditates</span> <span class='ocrx_word' id='word_1_99' title='bbox 759 846 1000 900; x_wconf 84' lang='lat' dir='ltr'>pertinent:</span> <span class='ocrx_word' id='word_1_100' title='bbox 1034 848 1205 888; x_wconf 90' lang='lat' dir='ltr'>tantum</span> <span class='ocrx_word' id='word_1_101' title='bbox 1238 859 1292 886; x_wconf 91' lang='lat' dir='ltr'>ne</span> <span class='ocrx_word' id='word_1_102' title='bbox 1315 846 1524 900; x_wconf 88' lang='lat' dir='ltr'>impediat</span> <span class='ocrx_word' id='word_1_103' title='bbox 1547 845 1777 887; x_wconf 85' lang='lat' dir='ltr'>Rectorem</span> <span class='ocrx_word' id='word_1_104' title='bbox 1800 844 1844 886; x_wconf 91' lang='lat' dir='ltr'>in</span> <span class='ocrx_word' id='word_1_105' title='bbox 1866 843 2008 886; x_wconf 86' lang='lat' dir='ltr'>chari-</span> 
     </span>
     <span class='ocr_line' id='line_1_12' title="bbox 228 910 2008 969; baseline -0.004 -12"><span class='ocrx_word' id='word_1_106' title='bbox 228 918 323 958; x_wconf 85' lang='lat' dir='ltr'>tate</span> <span class='ocrx_word' id='word_1_107' title='bbox 354 913 635 969; x_wconf 88' lang='lat' dir='ltr'>praestanda,</span> <span class='ocrx_word' id='word_1_108' title='bbox 670 926 800 964; x_wconf 87' lang='lat' dir='ltr'>quam</span> <span class='ocrx_word' id='word_1_109' title='bbox 823 911 877 954; x_wconf 67' lang='lat' dir='ltr'>P-</span> <span class='ocrx_word' id='word_1_110' title='bbox 894 911 943 954; x_wconf 84' lang='lat' dir='ltr'>T.</span> <span class='ocrx_word' id='word_1_111' title='bbox 966 911 1028 952; x_wconf 92' lang='lat' dir='ltr'>illi</span> <span class='ocrx_word' id='word_1_112' title='bbox 1062 911 1343 953; x_wconf 87' lang='lat' dir='ltr'>demandauit</span> <span class='ocrx_word' id='word_1_113' title='bbox 1365 911 1513 953; x_wconf 90' lang='lat' dir='ltr'>sedulo</span> <span class='ocrx_word' id='word_1_114' title='bbox 1538 910 1840 960; x_wconf 81' lang='lat' dir='ltr'>exercendam,</span> <span class='ocrx_word' id='word_1_115' title='bbox 1873 911 2008 962; x_wconf 92' lang='lat' dir='ltr'>utque</span> 
     </span>
     <span class='ocr_line' id='line_1_13' title="bbox 228 975 2008 1033; baseline -0.003 -11"><span class='ocrx_word' id='word_1_116' title='bbox 228 981 364 1022; x_wconf 90' lang='lat' dir='ltr'>libere</span> <span class='ocrx_word' id='word_1_117' title='bbox 397 979 592 1033; x_wconf 85' lang='lat' dir='ltr'>postulet</span> <span class='ocrx_word' id='word_1_118' title='bbox 625 991 736 1030; x_wconf 88' lang='lat' dir='ltr'>quae</span> <span class='ocrx_word' id='word_1_119' title='bbox 760 977 815 1018; x_wconf 90' lang='lat' dir='ltr'>ad</span> <span class='ocrx_word' id='word_1_120' title='bbox 846 976 1078 1018; x_wconf 85' lang='lat' dir='ltr'>fouendam</span> <span class='ocrx_word' id='word_1_121' title='bbox 1103 976 1297 1030; x_wconf 89' lang='lat' dir='ltr'>corporis</span> <span class='ocrx_word' id='word_1_122' title='bbox 1320 976 1617 1019; x_wconf 88' lang='lat' dir='ltr'>ualetudinem</span> <span class='ocrx_word' id='word_1_123' title='bbox 1650 975 1848 1018; x_wconf 86' lang='lat' dir='ltr'>conferre</span> <span class='ocrx_word' id='word_1_124' title='bbox 1879 976 2008 1029; x_wconf 90' lang='lat' dir='ltr'>puta-</span> 
     </span>
     <span class='ocr_line' id='line_1_14' title="bbox 229 1039 2009 1096; baseline -0.003 -9"><span class='ocrx_word' id='word_1_125' title='bbox 229 1045 355 1088; x_wconf 90' lang='lat' dir='ltr'>uerit.</span> <span class='ocrx_word' id='word_1_126' title='bbox 420 1044 546 1086; x_wconf 84' lang='lat' dir='ltr'>Certe</span> <span class='ocrx_word' id='word_1_127' title='bbox 579 1044 742 1084; x_wconf 82' lang='lat' dir='ltr'>Rector</span> <span class='ocrx_word' id='word_1_128' title='bbox 783 1041 960 1095; x_wconf 81' lang='lat' dir='ltr'>egregie</span> <span class='ocrx_word' id='word_1_129' title='bbox 1003 1043 1214 1096; x_wconf 86' lang='lat' dir='ltr'>praestat,</span> <span class='ocrx_word' id='word_1_130' title='bbox 1258 1057 1368 1095; x_wconf 86' lang='lat' dir='ltr'>quae</span> <span class='ocrx_word' id='word_1_131' title='bbox 1406 1042 1487 1083; x_wconf 94' lang='lat' dir='ltr'>hoc</span> <span class='ocrx_word' id='word_1_132' title='bbox 1519 1042 1612 1083; x_wconf 95' lang='lat' dir='ltr'>loco</span> <span class='ocrx_word' id='word_1_133' title='bbox 1647 1044 1691 1084; x_wconf 92' lang='lat' dir='ltr'>et</span> <span class='ocrx_word' id='word_1_134' title='bbox 1722 1044 1921 1095; x_wconf 89' lang='lat' dir='ltr'>tempore</span> <span class='ocrx_word' id='word_1_135' title='bbox 1954 1039 2009 1081; x_wconf 89' lang='lat' dir='ltr'>ad</span> 
     </span>
     <span class='ocr_line' id='line_1_15' title="bbox 229 1105 2009 1158; baseline -0.003 -6"><span class='ocrx_word' id='word_1_136' title='bbox 229 1111 354 1152; x_wconf 91' lang='lat' dir='ltr'>huius</span> <span class='ocrx_word' id='word_1_137' title='bbox 388 1109 532 1152; x_wconf 87' lang='lat' dir='ltr'>Patris</span> <span class='ocrx_word' id='word_1_138' title='bbox 574 1107 916 1150; x_wconf 89' lang='lat' dir='ltr'>consolationem</span> <span class='ocrx_word' id='word_1_139' title='bbox 957 1107 1138 1158; x_wconf 86' lang='lat' dir='ltr'>faciunt,</span> <span class='ocrx_word' id='word_1_140' title='bbox 1183 1109 1226 1149; x_wconf 90' lang='lat' dir='ltr'>et</span> <span class='ocrx_word' id='word_1_141' title='bbox 1267 1108 1456 1151; x_wconf 83' lang='lat' dir='ltr'>fortasse</span> <span class='ocrx_word' id='word_1_142' title='bbox 1498 1107 1671 1148; x_wconf 87' lang='lat' dir='ltr'>facilius</span> <span class='ocrx_word' id='word_1_143' title='bbox 1713 1110 1803 1149; x_wconf 90' lang='lat' dir='ltr'>tres</span> <span class='ocrx_word' id='word_1_144' title='bbox 1844 1105 2009 1147; x_wconf 86' lang='lat' dir='ltr'>fratres</span> 
     </span>
     <span class='ocr_line' id='line_1_16' title="bbox 230 1170 2011 1227; baseline -0.004 -9"><span class='ocrx_word' id='word_1_145' title='bbox 230 1175 344 1218; x_wconf 90' lang='lat' dir='ltr'>domi</span> <span class='ocrx_word' id='word_1_146' title='bbox 367 1175 518 1225; x_wconf 90' lang='lat' dir='ltr'>aleret,</span> <span class='ocrx_word' id='word_1_147' title='bbox 552 1177 601 1216; x_wconf 90' lang='lat' dir='ltr'>ut</span> <span class='ocrx_word' id='word_1_148' title='bbox 624 1176 668 1215; x_wconf 92' lang='lat' dir='ltr'>et</span> <span class='ocrx_word' id='word_1_149' title='bbox 689 1173 782 1227; x_wconf 89' lang='lat' dir='ltr'>ipse</span> <span class='ocrx_word' id='word_1_150' title='bbox 805 1175 1010 1224; x_wconf 87' lang='lat' dir='ltr'>testatur,</span> <span class='ocrx_word' id='word_1_151' title='bbox 1047 1187 1175 1226; x_wconf 86' lang='lat' dir='ltr'>quam</span> <span class='ocrx_word' id='word_1_152' title='bbox 1200 1187 1331 1214; x_wconf 91' lang='lat' dir='ltr'>unum</span> <span class='ocrx_word' id='word_1_153' title='bbox 1364 1174 1410 1216; x_wconf 89' lang='lat' dir='ltr'>P.</span> <span class='ocrx_word' id='word_1_154' title='bbox 1436 1172 1641 1215; x_wconf 87' lang='lat' dir='ltr'>Natalem</span> <span class='ocrx_word' id='word_1_155' title='bbox 1665 1173 1853 1220; x_wconf 85' lang='lat' dir='ltr'>curaret,</span> <span class='ocrx_word' id='word_1_156' title='bbox 1888 1170 2011 1212; x_wconf 90' lang='lat' dir='ltr'>cuius</span> 
     </span>
     <span class='ocr_line' id='line_1_17' title="bbox 230 1237 2011 1289; baseline -0.003 -6"><span class='ocrx_word' id='word_1_157' title='bbox 230 1240 443 1283; x_wconf 90' lang='lat' dir='ltr'>rationem</span> <span class='ocrx_word' id='word_1_158' title='bbox 485 1240 555 1281; x_wconf 90' lang='lat' dir='ltr'>uel</span> <span class='ocrx_word' id='word_1_159' title='bbox 598 1239 833 1281; x_wconf 81' lang='lat' dir='ltr'>maximam</span> <span class='ocrx_word' id='word_1_160' title='bbox 878 1238 1030 1280; x_wconf 87' lang='lat' dir='ltr'>haberi</span> <span class='ocrx_word' id='word_1_161' title='bbox 1070 1238 1191 1280; x_wconf 89' lang='lat' dir='ltr'>iubet</span> <span class='ocrx_word' id='word_1_162' title='bbox 1226 1239 1269 1282; x_wconf 82' lang='lat' dir='ltr'>P.</span> <span class='ocrx_word' id='word_1_163' title='bbox 1294 1238 1588 1280; x_wconf 86' lang='lat' dir='ltr'>Prouintialis.</span> <span class='ocrx_word' id='word_1_164' title='bbox 1652 1238 1810 1279; x_wconf 86' lang='lat' dir='ltr'>Mirum</span> <span class='ocrx_word' id='word_1_165' title='bbox 1845 1237 2011 1289; x_wconf 87' lang='lat' dir='ltr'>quanta</span> 
     </span>
     <span class='ocr_line' id='line_1_18' title="bbox 231 1301 2009 1358; baseline -0.003 -10"><span class='ocrx_word' id='word_1_166' title='bbox 231 1306 471 1349; x_wconf 88' lang='lat' dir='ltr'>studiorum</span> <span class='ocrx_word' id='word_1_167' title='bbox 515 1304 661 1358; x_wconf 90' lang='lat' dir='ltr'>quiete</span> <span class='ocrx_word' id='word_1_168' title='bbox 693 1304 968 1346; x_wconf 89' lang='lat' dir='ltr'>uenerandus</span> <span class='ocrx_word' id='word_1_169' title='bbox 1000 1303 1069 1345; x_wconf 88' lang='grc' dir='ltr'>11ἰο</span> <span class='ocrx_word' id='word_1_170' title='bbox 1102 1318 1236 1346; x_wconf 77' lang='lat' dir='ltr'>senex</span> <span class='ocrx_word' id='word_1_171' title='bbox 1269 1305 1460 1358; x_wconf 83' lang='lat' dir='ltr'>gaudeat</span> <span class='ocrx_word' id='word_1_172' title='bbox 1496 1304 1549 1345; x_wconf 91' lang='lat' dir='ltr'>ab</span> <span class='ocrx_word' id='word_1_173' title='bbox 1584 1303 1698 1345; x_wconf 89' lang='lat' dir='ltr'>omni</span> <span class='ocrx_word' id='word_1_174' title='bbox 1731 1301 2009 1355; x_wconf 87' lang='lat' dir='ltr'>negociorum</span> 
     </span>
     <span class='ocr_line' id='line_1_19' title="bbox 231 1365 2010 1415; baseline -0.004 0"><span class='ocrx_word' id='word_1_175' title='bbox 231 1376 276 1415; x_wconf 85' lang='lat' dir='ltr'>et</span> <span class='ocrx_word' id='word_1_176' title='bbox 309 1370 584 1413; x_wconf 88' lang='lat' dir='ltr'>consiliorum</span> <span class='ocrx_word' id='word_1_177' title='bbox 618 1369 884 1412; x_wconf 85' lang='lat' dir='ltr'>tractatione</span> <span class='ocrx_word' id='word_1_178' title='bbox 916 1369 1096 1412; x_wconf 90' lang='lat' dir='ltr'>alienus.</span> <span class='ocrx_word' id='word_1_179' title='bbox 1140 1369 1266 1411; x_wconf 87' lang='lat' dir='ltr'>Vnde</span> <span class='ocrx_word' id='word_1_180' title='bbox 1298 1370 1442 1411; x_wconf 88' lang='lat' dir='ltr'>nullus</span> <span class='ocrx_word' id='word_1_181' title='bbox 1475 1369 1595 1410; x_wconf 91' lang='lat' dir='ltr'>illum</span> <span class='ocrx_word' id='word_1_182' title='bbox 1629 1368 1682 1410; x_wconf 90' lang='lat' dir='ltr'>de</span> <span class='ocrx_word' id='word_1_183' title='bbox 1714 1381 1761 1410; x_wconf 89' lang='lat' dir='ltr'>re</span> <span class='ocrx_word' id='word_1_184' title='bbox 1793 1365 1908 1409; x_wconf 90' lang='lat' dir='ltr'>seria</span> <span class='ocrx_word' id='word_1_185' title='bbox 1939 1379 2010 1408; x_wconf 90' lang='lat' dir='ltr'>ro-</span> 
     </span>
     <span class='ocr_line' id='line_1_20' title="bbox 231 1431 2012 1491; baseline -0.004 -12"><span class='ocrx_word' id='word_1_186' title='bbox 231 1451 337 1491; x_wconf 87' lang='lat' dir='ltr'>gare</span> <span class='ocrx_word' id='word_1_187' title='bbox 370 1436 502 1479; x_wconf 88' lang='lat' dir='ltr'>audet</span> <span class='ocrx_word' id='word_1_188' title='bbox 534 1436 604 1477; x_wconf 91' lang='lat' dir='ltr'>uel</span> <span class='ocrx_word' id='word_1_189' title='bbox 645 1435 938 1489; x_wconf 91' lang='lat' dir='ltr'>interpellare.</span> <span class='ocrx_word' id='word_1_190' title='bbox 1003 1434 1302 1476; x_wconf 82' lang='lat' dir='ltr'>Existimarim</span> <span class='ocrx_word' id='word_1_191' title='bbox 1339 1449 1424 1476; x_wconf 91' lang='lat' dir='ltr'>non</span> <span class='ocrx_word' id='word_1_192' title='bbox 1455 1434 1669 1476; x_wconf 88' lang='lat' dir='ltr'>inutiliter</span> <span class='ocrx_word' id='word_1_193' title='bbox 1701 1447 1798 1475; x_wconf 92' lang='lat' dir='ltr'>eum</span> <span class='ocrx_word' id='word_1_194' title='bbox 1831 1431 2012 1474; x_wconf 88' lang='lat' dir='ltr'>subinde</span> 
     </span>
     <span class='ocr_line' id='line_1_21' title="bbox 232 1499 2011 1554; baseline -0.003 -11"><span class='ocrx_word' id='word_1_195' title='bbox 232 1501 563 1551; x_wconf 88' lang='lat' dir='ltr'>commonefieri,</span> <span class='ocrx_word' id='word_1_196' title='bbox 598 1502 647 1542; x_wconf 89' lang='lat' dir='ltr'>ut</span> <span class='ocrx_word' id='word_1_197' title='bbox 679 1514 790 1554; x_wconf 90' lang='lat' dir='ltr'>quae</span> <span class='ocrx_word' id='word_1_198' title='bbox 822 1500 876 1542; x_wconf 89' lang='lat' dir='ltr'>ad</span> <span class='ocrx_word' id='word_1_199' title='bbox 910 1499 1238 1542; x_wconf 79' lang='lat' dir='ltr'>exhortationes</span> <span class='ocrx_word' id='word_1_200' title='bbox 1272 1502 1316 1542; x_wconf 93' lang='lat' dir='ltr'>et</span> <span class='ocrx_word' id='word_1_201' title='bbox 1338 1499 1561 1542; x_wconf 85' lang='lat' dir='ltr'>societatis</span> <span class='ocrx_word' id='word_1_202' title='bbox 1590 1501 1766 1540; x_wconf 88' lang='lat' dir='ltr'>nostrae</span> <span class='ocrx_word' id='word_1_203' title='bbox 1789 1512 1858 1540; x_wconf 88' lang='lat' dir='ltr'>res</span> <span class='ocrx_word' id='word_1_204' title='bbox 1882 1510 2011 1550; x_wconf 85' lang='lat' dir='ltr'>quas—</span> 
     </span>
     <span class='ocr_line' id='line_1_22' title="bbox 233 1563 2012 1620; baseline -0.004 -10"><span class='ocrx_word' id='word_1_205' title='bbox 233 1568 333 1610; x_wconf 88' lang='lat' dir='ltr'>dam</span> <span class='ocrx_word' id='word_1_206' title='bbox 356 1566 644 1610; x_wconf 88' lang='lat' dir='ltr'>absoluendas</span> <span class='ocrx_word' id='word_1_207' title='bbox 667 1566 900 1620; x_wconf 85' lang='lat' dir='ltr'>pertinent,</span> <span class='ocrx_word' id='word_1_208' title='bbox 932 1568 1124 1608; x_wconf 66' lang='lat' dir='ltr'>maturea</span> <span class='ocrx_word' id='word_1_209' title='bbox 1147 1566 1383 1620; x_wconf 87' lang='lat' dir='ltr'>compleret</span> <span class='ocrx_word' id='word_1_210' title='bbox 1395 1566 1425 1608; x_wconf 75' lang='lat'>2.</span> <span class='ocrx_word' id='word_1_211' title='bbox 1474 1566 1601 1607; x_wconf 85' lang='lat' dir='ltr'>Certe</span> <span class='ocrx_word' id='word_1_212' title='bbox 1624 1564 1737 1618; x_wconf 88' lang='lat' dir='ltr'>quod</span> <span class='ocrx_word' id='word_1_213' title='bbox 1760 1563 1815 1606; x_wconf 89' lang='lat' dir='ltr'>ad</span> <span class='ocrx_word' id='word_1_214' title='bbox 1838 1565 2012 1605; x_wconf 89' lang='lat' dir='ltr'>nostros</span> 
     </span>
     <span class='ocr_line' id='line_1_23' title="bbox 232 1629 2009 1684; baseline -0.004 -8"><span class='ocrx_word' id='word_1_215' title='bbox 232 1633 405 1684; x_wconf 88' lang='lat' dir='ltr'>attinet,</span> <span class='ocrx_word' id='word_1_216' title='bbox 438 1632 542 1675; x_wconf 91' lang='lat' dir='ltr'>licet</span> <span class='ocrx_word' id='word_1_217' title='bbox 569 1632 636 1673; x_wconf 91' lang='lat' dir='ltr'>his</span> <span class='ocrx_word' id='word_1_218' title='bbox 658 1646 744 1673; x_wconf 89' lang='lat' dir='ltr'>non</span> <span class='ocrx_word' id='word_1_219' title='bbox 766 1631 848 1673; x_wconf 89' lang='lat' dir='ltr'>nisi</span> <span class='ocrx_word' id='word_1_220' title='bbox 871 1631 1037 1673; x_wconf 89' lang='lat' dir='ltr'>duabus</span> <span class='ocrx_word' id='word_1_221' title='bbox 1060 1631 1103 1672; x_wconf 91' lang='lat' dir='ltr'>in</span> <span class='ocrx_word' id='word_1_222' title='bbox 1127 1645 1274 1672; x_wconf 91' lang='lat' dir='ltr'>mense</span> <span class='ocrx_word' id='word_1_223' title='bbox 1297 1630 1674 1673; x_wconf 82' lang='lat' dir='ltr'>exhortationibus</span> <span class='ocrx_word' id='word_1_224' title='bbox 1697 1629 1875 1679; x_wconf 89' lang='lat' dir='ltr'>seruiat,</span> <span class='ocrx_word' id='word_1_225' title='bbox 1910 1641 2009 1682; x_wconf 90' lang='lat' dir='ltr'>per-</span> 
     </span>
     <span class='ocr_line' id='line_1_24' title="bbox 232 1693 2051 1751; baseline -0.003 -11"><span class='ocrx_word' id='word_1_226' title='bbox 232 1700 385 1751; x_wconf 89' lang='lat' dir='ltr'>gratus</span> <span class='ocrx_word' id='word_1_227' title='bbox 417 1697 486 1739; x_wconf 91' lang='lat' dir='ltr'>hic</span> <span class='ocrx_word' id='word_1_228' title='bbox 519 1697 651 1739; x_wconf 87' lang='lat' dir='ltr'>Pater</span> <span class='ocrx_word' id='word_1_229' title='bbox 683 1699 764 1747; x_wconf 90' lang='lat' dir='ltr'>est,</span> <span class='ocrx_word' id='word_1_230' title='bbox 809 1696 881 1749; x_wconf 90' lang='lat' dir='ltr'>qui</span> <span class='ocrx_word' id='word_1_231' title='bbox 922 1710 968 1738; x_wconf 86' lang='lat' dir='ltr'>se</span> <span class='ocrx_word' id='word_1_232' title='bbox 1010 1696 1124 1738; x_wconf 84' lang='lat' dir='ltr'>aeris</span> <span class='ocrx_word' id='word_1_233' title='bbox 1165 1696 1296 1738; x_wconf 88' lang='lat' dir='ltr'>etiam</span> <span class='ocrx_word' id='word_1_234' title='bbox 1339 1696 1546 1738; x_wconf 86' lang='lat' dir='ltr'>beneficio</span> <span class='ocrx_word' id='word_1_235' title='bbox 1588 1694 1726 1737; x_wconf 87' lang='lat' dir='ltr'>iuuari</span> <span class='ocrx_word' id='word_1_236' title='bbox 1763 1693 1913 1744; x_wconf 88' lang='lat' dir='ltr'>credit,</span> <span class='ocrx_word' id='word_1_237' title='bbox 1955 1695 2007 1735; x_wconf 92' lang='lat' dir='ltr'>ut</span> <span class='ocrx_word' id='word_1_238' title='bbox 2050 1703 2051 1706; x_wconf 73' lang='grc'>’</span> 
     </span>
     <span class='ocr_line' id='line_1_25' title="bbox 234 1762 1152 1815; baseline -0.002 -10"><span class='ocrx_word' id='word_1_239' title='bbox 234 1763 395 1806; x_wconf 88' lang='lat' dir='ltr'>rectius</span> <span class='ocrx_word' id='word_1_240' title='bbox 428 1763 577 1805; x_wconf 90' lang='lat' dir='ltr'>ualeat</span> <span class='ocrx_word' id='word_1_241' title='bbox 610 1776 740 1815; x_wconf 90' lang='lat' dir='ltr'>quam</span> <span class='ocrx_word' id='word_1_242' title='bbox 773 1762 937 1803; x_wconf 79' lang='lat' dir='ltr'>Romae</span> <span class='ocrx_word' id='word_1_243' title='bbox 970 1762 1152 1804; x_wconf 87' lang='lat' dir='ltr'>solebat.</span> 
     </span>
    </p>
   </div>
   <div class='ocr_carea' id='block_1_3' title="bbox 233 1828 2051 1949">
    <p class='ocr_par' dir='ltr' id='par_1_3' title="bbox 233 1828 2051 1949">
     <span class='ocr_line' id='line_1_26' title="bbox 353 1828 2051 1887; baseline -0.002 -10"><span class='ocrx_word' id='word_1_244' title='bbox 353 1834 451 1877; x_wconf 91' lang='lat' dir='ltr'>Non</span> <span class='ocrx_word' id='word_1_245' title='bbox 491 1836 687 1887; x_wconf 89' lang='lat' dir='ltr'>repetam</span> <span class='ocrx_word' id='word_1_246' title='bbox 720 1847 857 1887; x_wconf 90' lang='lat' dir='ltr'>nuper</span> <span class='ocrx_word' id='word_1_247' title='bbox 890 1833 942 1874; x_wconf 90' lang='lat' dir='ltr'>de</span> <span class='ocrx_word' id='word_1_248' title='bbox 974 1833 1234 1875; x_wconf 83' lang='lat' dir='ltr'>Saluatore3</span> <span class='ocrx_word' id='word_1_249' title='bbox 1274 1831 1640 1887; x_wconf 82' lang='lat' dir='ltr'>scripta-iudicat</span> <span class='ocrx_word' id='word_1_250' title='bbox 1681 1834 1725 1874; x_wconf 92' lang='lat' dir='ltr'>et</span> <span class='ocrx_word' id='word_1_251' title='bbox 1762 1830 1809 1873; x_wconf 89' lang='lat' dir='ltr'>P.</span> <span class='ocrx_word' id='word_1_252' title='bbox 1834 1828 2010 1872; x_wconf 86' lang='lat' dir='ltr'>Natalis</span> <span class='ocrx_word' id='word_1_253' title='bbox 2049 1868 2051 1873; x_wconf 95' lang='lat'><em>.</em></span> 
     </span>
     <span class='ocr_line' id='line_1_27' title="bbox 233 1896 2014 1949; baseline -0.003 -7"><span class='ocrx_word' id='word_1_254' title='bbox 233 1901 352 1943; x_wconf 92' lang='lat' dir='ltr'>illum</span> <span class='ocrx_word' id='word_1_255' title='bbox 386 1900 429 1941; x_wconf 91' lang='lat' dir='ltr'>in</span> <span class='ocrx_word' id='word_1_256' title='bbox 452 1900 633 1942; x_wconf 85' lang='lat' dir='ltr'>Jtaliam</span> <span class='ocrx_word' id='word_1_257' title='bbox 665 1898 957 1940; x_wconf 89' lang='lat' dir='ltr'>reuocandum</span> <span class='ocrx_word' id='word_1_258' title='bbox 991 1912 1100 1949; x_wconf 88' lang='lat' dir='ltr'>esse,</span> <span class='ocrx_word' id='word_1_259' title='bbox 1134 1912 1230 1940; x_wconf 92' lang='lat' dir='ltr'>cum</span> <span class='ocrx_word' id='word_1_260' title='bbox 1262 1897 1331 1940; x_wconf 87' lang='lat' dir='ltr'>hic</span> <span class='ocrx_word' id='word_1_261' title='bbox 1363 1911 1410 1940; x_wconf 92' lang='lat' dir='ltr'>se</span> <span class='ocrx_word' id='word_1_262' title='bbox 1442 1897 1603 1940; x_wconf 90' lang='lat' dir='ltr'>rectius</span> <span class='ocrx_word' id='word_1_263' title='bbox 1636 1896 1884 1939; x_wconf 88' lang='lat' dir='ltr'>habiturum</span> <span class='ocrx_word' id='word_1_264' title='bbox 1917 1907 2014 1937; x_wconf 86' lang='lat' dir='ltr'>esse</span> 
     </span>
    </p>
   </div>
   <div class='ocr_carea' id='block_1_4' title="bbox 356 1997 759 2031">
    <p class='ocr_par' dir='ltr' id='par_1_4' title="bbox 356 1997 759 2031">
     <span class='ocr_line' id='line_1_28' title="bbox 356 1997 759 2031; baseline -0.007 -7"><span class='ocrx_word' id='word_1_265' title='bbox 356 2001 382 2031; x_wconf 87' lang='lat' dir='ltr'>a)</span> <span class='ocrx_word' id='word_1_266' title='bbox 405 1999 544 2031; x_wconf 72' lang='lat' dir='ltr'>Sequitur</span> <span class='ocrx_word' id='word_1_267' title='bbox 564 1997 649 2029; x_wconf 81' lang='lat' dir='ltr'>abso,</span> <span class='ocrx_word' id='word_1_268' title='bbox 670 1997 759 2022; x_wconf 74' lang='lat' dir='ltr'>oblitt.</span> 
     </span>
    </p>
   </div>
   <div class='ocr_carea' id='block_1_5' title="bbox 233 2122 2017 3081">
    <p class='ocr_par' dir='ltr' id='par_1_5' title="bbox 234 2122 2016 2440">
     <span class='ocr_line' id='line_1_29' title="bbox 358 2122 2013 2171; baseline -0.004 -8"><span class='ocrx_word' id='word_1_269' title='bbox 358 2129 367 2149; x_wconf 90' lang='lat'>¹</span> <span class='ocrx_word' id='word_1_270' title='bbox 397 2128 676 2171; x_wconf 73' lang='lat' dir='ltr'>Clerc&#39;stoplzorns</span> <span class='ocrx_word' id='word_1_271' title='bbox 691 2128 872 2170; x_wconf 57' lang='lat' dir='ltr'>Zieylerzts·</span> <span class='ocrx_word' id='word_1_272' title='bbox 886 2126 919 2160; x_wconf 84' lang='lat' dir='ltr'>S.</span> <span class='ocrx_word' id='word_1_273' title='bbox 933 2126 964 2160; x_wconf 86' lang='lat' dir='ltr'>J.</span> <span class='ocrx_word' id='word_1_274' title='bbox 978 2126 1204 2160; x_wconf 85' lang='lat' dir='ltr'>Mercuriano</span> <span class='ocrx_word' id='word_1_275' title='bbox 1219 2125 1313 2159; x_wconf 87' lang='lat' dir='ltr'>Hala</span> <span class='ocrx_word' id='word_1_276' title='bbox 1328 2125 1384 2159; x_wconf 82' lang='lat'>26.</span> <span class='ocrx_word' id='word_1_277' title='bbox 1398 2124 1489 2159; x_wconf 90' lang='lat' dir='ltr'>Iunii</span> <span class='ocrx_word' id='word_1_278' title='bbox 1503 2124 1593 2158; x_wconf 82' lang='lat'>1575</span> <span class='ocrx_word' id='word_1_279' title='bbox 1608 2122 1794 2168; x_wconf 73' lang='lat' dir='ltr'>*scripsit2</span> <span class='ocrx_word' id='word_1_280' title='bbox 1815 2123 2013 2166; x_wconf 81' lang='lat' dir='ltr'>„Reueren-</span> 
     </span>
     <span class='ocr_line' id='line_1_30' title="bbox 235 2177 2014 2224; baseline -0.004 -7"><span class='ocrx_word' id='word_1_281' title='bbox 235 2183 301 2217; x_wconf 84' lang='lat' dir='ltr'>dus</span> <span class='ocrx_word' id='word_1_282' title='bbox 324 2182 434 2216; x_wconf 81' lang='lat' dir='ltr'>Pater</span> <span class='ocrx_word' id='word_1_283' title='bbox 459 2181 708 2222; x_wconf 87' lang='lat' dir='ltr'>Prouincialis,</span> <span class='ocrx_word' id='word_1_284' title='bbox 735 2182 893 2224; x_wconf 89' lang='lat' dir='ltr'>itemque</span> <span class='ocrx_word' id='word_1_285' title='bbox 913 2180 952 2214; x_wconf 78' lang='lat' dir='ltr'>R.</span> <span class='ocrx_word' id='word_1_286' title='bbox 972 2179 1012 2214; x_wconf 92' lang='lat' dir='ltr'>P.</span> <span class='ocrx_word' id='word_1_287' title='bbox 1033 2179 1174 2220; x_wconf 82' lang='lat' dir='ltr'>Rector,</span> <span class='ocrx_word' id='word_1_288' title='bbox 1203 2178 1478 2213; x_wconf 76' lang='lat' dir='ltr'>Sei-enissimam</span> <span class='ocrx_word' id='word_1_289' title='bbox 1504 2180 1689 2221; x_wconf 85' lang='lat' dir='ltr'>rogarunt.</span> <span class='ocrx_word' id='word_1_290' title='bbox 1717 2180 1757 2212; x_wconf 93' lang='lat' dir='ltr'>ut</span> <span class='ocrx_word' id='word_1_291' title='bbox 1783 2177 1865 2212; x_wconf 89' lang='lat' dir='ltr'>boni</span> <span class='ocrx_word' id='word_1_292' title='bbox 1892 2177 2014 2211; x_wconf 87' lang='lat' dir='ltr'>Patris</span> 
     </span>
     <span class='ocr_line' id='line_1_31' title="bbox 236 2230 2016 2279; baseline -0.003 -10"><span class='ocrx_word' id='word_1_293' title='bbox 236 2237 461 2270; x_wconf 87' lang='lat' dir='ltr'>senectutem</span> <span class='ocrx_word' id='word_1_294' title='bbox 497 2235 620 2268; x_wconf 87' lang='lat' dir='ltr'>fouere</span> <span class='ocrx_word' id='word_1_295' title='bbox 655 2235 776 2279; x_wconf 88' lang='lat' dir='ltr'>aliquo</span> <span class='ocrx_word' id='word_1_296' title='bbox 803 2234 933 2268; x_wconf 86' lang='lat' dir='ltr'>saltem</span> <span class='ocrx_word' id='word_1_297' title='bbox 968 2232 1104 2267; x_wconf 86' lang='lat' dir='ltr'>ferculo</span> <span class='ocrx_word' id='word_1_298' title='bbox 1141 2244 1185 2266; x_wconf 84' lang='lat' dir='ltr'>ex</span> <span class='ocrx_word' id='word_1_299' title='bbox 1221 2244 1287 2266; x_wconf 89' lang='lat' dir='ltr'>sua</span> <span class='ocrx_word' id='word_1_300' title='bbox 1322 2232 1441 2266; x_wconf 89' lang='lat' dir='ltr'>culina</span> <span class='ocrx_word' id='word_1_301' title='bbox 1471 2231 1592 2271; x_wconf 86' lang='lat' dir='ltr'>uellet,</span> <span class='ocrx_word' id='word_1_302' title='bbox 1628 2231 1720 2275; x_wconf 90' lang='lat' dir='ltr'>quod</span> <span class='ocrx_word' id='word_1_303' title='bbox 1747 2231 1809 2265; x_wconf 82' lang='lat' dir='ltr'>illa</span> <span class='ocrx_word' id='word_1_304' title='bbox 1834 2230 2016 2265; x_wconf 79' lang='lat' dir='ltr'>semelae</span> 
     </span>
     <span class='ocr_line' id='line_1_32' title="bbox 234 2284 2014 2331; baseline -0.003 -8"><span class='ocrx_word' id='word_1_305' title='bbox 234 2290 366 2323; x_wconf 88' lang='lat' dir='ltr'>iterum</span> <span class='ocrx_word' id='word_1_306' title='bbox 401 2289 522 2322; x_wconf 88' lang='lat' dir='ltr'>nescio</span> <span class='ocrx_word' id='word_1_307' title='bbox 559 2299 649 2331; x_wconf 85' lang='lat' dir='ltr'>quas</span> <span class='ocrx_word' id='word_1_308' title='bbox 682 2288 726 2322; x_wconf 91' lang='lat' dir='ltr'>ob</span> <span class='ocrx_word' id='word_1_309' title='bbox 754 2298 883 2322; x_wconf 87' lang='lat' dir='ltr'>causas</span> <span class='ocrx_word' id='word_1_310' title='bbox 909 2286 1113 2320; x_wconf 84' lang='lat' dir='ltr'>recusauit“</span> <span class='ocrx_word' id='word_1_311' title='bbox 1148 2287 1209 2328; x_wconf 82' lang='lat' dir='ltr'>(ex</span> <span class='ocrx_word' id='word_1_312' title='bbox 1237 2288 1391 2329; x_wconf 63' lang='lat' dir='ltr'>autogr„</span> <span class='ocrx_word' id='word_1_313' title='bbox 1421 2285 1540 2320; x_wconf 90' lang='lat' dir='ltr'>Germ.</span> <span class='ocrx_word' id='word_1_314' title='bbox 1563 2285 1628 2319; x_wconf 85' lang='lat'>136</span> <span class='ocrx_word' id='word_1_315' title='bbox 1656 2286 1680 2320; x_wconf 86' lang='lat' dir='ltr'>f.</span> <span class='ocrx_word' id='word_1_316' title='bbox 1701 2285 1815 2328; x_wconf 59' lang='lat'>211³).</span> <span class='ocrx_word' id='word_1_317' title='bbox 1866 2284 1911 2318; x_wconf 84' lang='lat' dir='ltr'>Et</span> <span class='ocrx_word' id='word_1_318' title='bbox 1936 2284 2014 2329; x_wconf 87' lang='lat' dir='ltr'>ipse</span> 
     </span>
     <span class='ocr_line' id='line_1_33' title="bbox 236 2337 2015 2385; baseline -0.002 -9"><span class='ocrx_word' id='word_1_319' title='bbox 236 2343 403 2376; x_wconf 52' lang='lat' dir='ltr'>Laeli-ner</span> <span class='ocrx_word' id='word_1_320' title='bbox 436 2341 472 2376; x_wconf 90' lang='lat' dir='ltr'>in</span> <span class='ocrx_word' id='word_1_321' title='bbox 507 2341 650 2383; x_wconf 85' lang='lat' dir='ltr'>litteris,</span> <span class='ocrx_word' id='word_1_322' title='bbox 687 2352 778 2385; x_wconf 87' lang='lat' dir='ltr'>quas</span> <span class='ocrx_word' id='word_1_323' title='bbox 810 2341 914 2375; x_wconf 88' lang='lat' dir='ltr'>modo</span> <span class='ocrx_word' id='word_1_324' title='bbox 951 2340 1045 2374; x_wconf 84' lang='lat' dir='ltr'>dixi:</span> <span class='ocrx_word' id='word_1_325' title='bbox 1086 2339 1167 2381; x_wconf 82' lang='lat' dir='ltr'>„Bis</span> <span class='ocrx_word' id='word_1_326' title='bbox 1195 2342 1322 2383; x_wconf 84' lang='lat' dir='ltr'>rogata</span> <span class='ocrx_word' id='word_1_327' title='bbox 1349 2351 1387 2374; x_wconf 89' lang='lat' dir='ltr'>se</span> <span class='ocrx_word' id='word_1_328' title='bbox 1415 2339 1615 2380; x_wconf 85' lang='lat' dir='ltr'>excusauit,</span> <span class='ocrx_word' id='word_1_329' title='bbox 1650 2349 1818 2373; x_wconf 86' lang='lat' dir='ltr'>asserens</span> <span class='ocrx_word' id='word_1_330' title='bbox 1844 2349 1883 2372; x_wconf 84' lang='lat' dir='ltr'>se</span> <span class='ocrx_word' id='word_1_331' title='bbox 1908 2337 1944 2372; x_wconf 89' lang='lat' dir='ltr'>id</span> <span class='ocrx_word' id='word_1_332' title='bbox 1971 2338 2015 2372; x_wconf 87' lang='lat' dir='ltr'>ob</span> 
     </span>
     <span class='ocr_line' id='line_1_34' title="bbox 236 2395 1111 2440; baseline -0.002 -11"><span class='ocrx_word' id='word_1_333' title='bbox 236 2395 421 2430; x_wconf 89' lang='lat' dir='ltr'>hominum</span> <span class='ocrx_word' id='word_1_334' title='bbox 446 2395 633 2440; x_wconf 87' lang='lat' dir='ltr'>penuriam</span> <span class='ocrx_word' id='word_1_335' title='bbox 660 2396 846 2440; x_wconf 83' lang='lat' dir='ltr'>praestare</span> <span class='ocrx_word' id='word_1_336' title='bbox 872 2405 942 2428; x_wconf 89' lang='lat' dir='ltr'>non</span> <span class='ocrx_word' id='word_1_337' title='bbox 969 2395 1111 2438; x_wconf 79' lang='lat' dir='ltr'>posse“.</span> 
     </span>
    </p>

    <p class='ocr_par' dir='ltr' id='par_1_6' title="bbox 233 2444 2017 3081">
     <span class='ocr_line' id='line_1_35' title="bbox 358 2444 2015 2493; baseline -0.003 -10"><span class='ocrx_word' id='word_1_338' title='bbox 358 2450 371 2469; x_wconf 79' lang='lat'>2</span> <span class='ocrx_word' id='word_1_339' title='bbox 397 2448 549 2489; x_wconf 83' lang='lat' dir='ltr'>Natalis,</span> <span class='ocrx_word' id='word_1_340' title='bbox 570 2460 650 2482; x_wconf 90' lang='lat' dir='ltr'>cum</span> <span class='ocrx_word' id='word_1_341' title='bbox 670 2448 958 2493; x_wconf 85' lang='lat' dir='ltr'>praepositorum</span> <span class='ocrx_word' id='word_1_342' title='bbox 979 2446 1203 2490; x_wconf 84' lang='lat' dir='ltr'>generalium</span> <span class='ocrx_word' id='word_1_343' title='bbox 1222 2447 1440 2481; x_wconf 85' lang='lat' dir='ltr'>auctoritate</span> <span class='ocrx_word' id='word_1_344' title='bbox 1459 2446 1652 2480; x_wconf 85' lang='lat' dir='ltr'>Societatis</span> <span class='ocrx_word' id='word_1_345' title='bbox 1670 2445 1793 2480; x_wconf 89' lang='lat' dir='ltr'>domos</span> <span class='ocrx_word' id='word_1_346' title='bbox 1812 2456 1874 2490; x_wconf 88' lang='lat' dir='ltr'>per</span> <span class='ocrx_word' id='word_1_347' title='bbox 1892 2444 2015 2478; x_wconf 83' lang='lat' dir='ltr'>varias</span> 
     </span>
     <span class='ocr_line' id='line_1_36' title="bbox 235 2498 2016 2545; baseline -0.002 -9"><span class='ocrx_word' id='word_1_348' title='bbox 235 2505 354 2536; x_wconf 83' lang='lat' dir='ltr'>terras</span> <span class='ocrx_word' id='word_1_349' title='bbox 381 2502 602 2545; x_wconf 76' lang='lat' dir='ltr'>,visitaret“,</span> <span class='ocrx_word' id='word_1_350' title='bbox 629 2502 678 2536; x_wconf 89' lang='lat' dir='ltr'>ibi</span> <span class='ocrx_word' id='word_1_351' title='bbox 705 2502 839 2536; x_wconf 82' lang='lat' dir='ltr'>multas</span> <span class='ocrx_word' id='word_1_352' title='bbox 865 2501 1064 2544; x_wconf 84' lang='lat' dir='ltr'>reliquerat</span> <span class='ocrx_word' id='word_1_353' title='bbox 1086 2500 1405 2542; x_wconf 82' lang='lat' dir='ltr'>„Exhortationes“</span> <span class='ocrx_word' id='word_1_354' title='bbox 1436 2502 1472 2534; x_wconf 85' lang='lat' dir='ltr'>et</span> <span class='ocrx_word' id='word_1_355' title='bbox 1493 2499 1793 2542; x_wconf 79' lang='lat' dir='ltr'>„Instriictiones“</span> <span class='ocrx_word' id='word_1_356' title='bbox 1823 2499 1902 2532; x_wconf 87' lang='lat' dir='ltr'>sive</span> <span class='ocrx_word' id='word_1_357' title='bbox 1925 2498 2016 2540; x_wconf 83' lang='lat' dir='ltr'>„Ad-</span> 
     </span>
     <span class='ocr_line' id='line_1_37' title="bbox 237 2552 2014 2598; baseline -0.003 -8"><span class='ocrx_word' id='word_1_358' title='bbox 237 2556 470 2591; x_wconf 79' lang='lat' dir='ltr'>monitiones“</span> <span class='ocrx_word' id='word_1_359' title='bbox 490 2556 532 2590; x_wconf 90' lang='lat' dir='ltr'>de</span> <span class='ocrx_word' id='word_1_360' title='bbox 548 2555 625 2590; x_wconf 86' lang='lat' dir='ltr'>vita</span> <span class='ocrx_word' id='word_1_361' title='bbox 643 2555 813 2598; x_wconf 87' lang='lat' dir='ltr'>religiosa</span> <span class='ocrx_word' id='word_1_362' title='bbox 829 2567 873 2589; x_wconf 85' lang='lat' dir='ltr'>ex</span> <span class='ocrx_word' id='word_1_363' title='bbox 889 2554 1056 2589; x_wconf 80' lang='lat' dir='ltr'>instituto</span> <span class='ocrx_word' id='word_1_364' title='bbox 1072 2553 1263 2588; x_wconf 84' lang='lat' dir='ltr'>Societatis</span> <span class='ocrx_word' id='word_1_365' title='bbox 1278 2553 1433 2596; x_wconf 83' lang='lat' dir='ltr'>agenda;</span> <span class='ocrx_word' id='word_1_366' title='bbox 1454 2554 1497 2587; x_wconf 87' lang='lat' dir='ltr'>de</span> <span class='ocrx_word' id='word_1_367' title='bbox 1512 2553 1642 2597; x_wconf 87' lang='lat' dir='ltr'>quibus</span> <span class='ocrx_word' id='word_1_368' title='bbox 1657 2552 1847 2587; x_wconf 77' lang='lat' dir='ltr'>Societatis</span> <span class='ocrx_word' id='word_1_369' title='bbox 1866 2552 2014 2594; x_wconf 59' lang='lat' dir='ltr'>Congre-</span> 
     </span>
     <span class='ocr_line' id='line_1_38' title="bbox 233 2604 2015 2653; baseline -0.003 -10"><span class='ocrx_word' id='word_1_370' title='bbox 233 2612 330 2652; x_wconf 63' lang='grc' dir='ltr'>,ιμιιίο</span> <span class='ocrx_word' id='word_1_371' title='bbox 357 2610 538 2652; x_wconf 81' lang='lat' dir='ltr'>generalis</span> <span class='ocrx_word' id='word_1_372' title='bbox 556 2609 713 2644; x_wconf 88' lang='lat' dir='ltr'>secunda</span> <span class='ocrx_word' id='word_1_373' title='bbox 735 2609 844 2649; x_wconf 86' lang='lat' dir='ltr'>(decr.</span> <span class='ocrx_word' id='word_1_374' title='bbox 864 2609 908 2642; x_wconf 82' lang='lat'>57</span> <span class='ocrx_word' id='word_1_375' title='bbox 928 2613 1010 2653; x_wconf 88' lang='lat' dir='ltr'>post</span> <span class='ocrx_word' id='word_1_376' title='bbox 1027 2608 1087 2650; x_wconf 90' lang='lat' dir='ltr'>el.)</span> <span class='ocrx_word' id='word_1_377' title='bbox 1109 2610 1309 2641; x_wconf 74' lang='lat' dir='ltr'>statuerat:</span> <span class='ocrx_word' id='word_1_378' title='bbox 1333 2607 1625 2650; x_wconf 79' lang='lat' dir='ltr'>„Adnionitiones</span> <span class='ocrx_word' id='word_1_379' title='bbox 1644 2606 1684 2640; x_wconf 90' lang='lat' dir='ltr'>P.</span> <span class='ocrx_word' id='word_1_380' title='bbox 1702 2604 1854 2643; x_wconf 78' lang='lat' dir='ltr'>Natalis,</span> <span class='ocrx_word' id='word_1_381' title='bbox 1873 2605 1917 2638; x_wconf 87' lang='lat' dir='ltr'>ab</span> <span class='ocrx_word' id='word_1_382' title='bbox 1936 2605 2015 2649; x_wconf 85' lang='lat' dir='ltr'>ipso</span> 
     </span>
     <span class='ocr_line' id='line_1_39' title="bbox 238 2659 2017 2707; baseline -0.003 -10"><span class='ocrx_word' id='word_1_383' title='bbox 238 2666 463 2707; x_wconf 81' lang='lat' dir='ltr'>expurgatae</span> <span class='ocrx_word' id='word_1_384' title='bbox 490 2666 599 2707; x_wconf 88' lang='lat' dir='ltr'>atque</span> <span class='ocrx_word' id='word_1_385' title='bbox 625 2662 661 2696; x_wconf 92' lang='lat' dir='ltr'>in</span> <span class='ocrx_word' id='word_1_386' title='bbox 688 2663 847 2697; x_wconf 88' lang='lat' dir='ltr'>ordinem</span> <span class='ocrx_word' id='word_1_387' title='bbox 875 2662 1053 2703; x_wconf 86' lang='lat' dir='ltr'>redactae,</span> <span class='ocrx_word' id='word_1_388' title='bbox 1081 2661 1368 2695; x_wconf 76' lang='lat' dir='ltr'>provincialibus</span> <span class='ocrx_word' id='word_1_389' title='bbox 1395 2673 1414 2694; x_wconf 86' lang='lat' dir='ltr'>a</span> <span class='ocrx_word' id='word_1_390' title='bbox 1434 2660 1473 2693; x_wconf 81' lang='lat' dir='ltr'>R.</span> <span class='ocrx_word' id='word_1_391' title='bbox 1497 2660 1535 2694; x_wconf 82' lang='lat' dir='ltr'>P.</span> <span class='ocrx_word' id='word_1_392' title='bbox 1555 2659 1723 2694; x_wconf 74' lang='lat' dir='ltr'>Gener-ali</span> <span class='ocrx_word' id='word_1_393' title='bbox 1749 2659 1948 2698; x_wconf 84' lang='lat' dir='ltr'>tradantur,</span> <span class='ocrx_word' id='word_1_394' title='bbox 1975 2660 2017 2691; x_wconf 84' lang='lat' dir='ltr'>ut</span> 
     </span>
     <span class='ocr_line' id='line_1_40' title="bbox 238 2710 2014 2761; baseline -0.003 -11"><span class='ocrx_word' id='word_1_395' title='bbox 238 2716 309 2750; x_wconf 82' lang='lat' dir='ltr'>illis</span> <span class='ocrx_word' id='word_1_396' title='bbox 344 2728 408 2761; x_wconf 88' lang='lat' dir='ltr'>pro</span> <span class='ocrx_word' id='word_1_397' title='bbox 434 2716 510 2750; x_wconf 81' lang='lat' dir='ltr'>sola</span> <span class='ocrx_word' id='word_1_398' title='bbox 537 2716 744 2757; x_wconf 83' lang='lat' dir='ltr'>directione,</span> <span class='ocrx_word' id='word_1_399' title='bbox 771 2715 872 2749; x_wconf 88' lang='lat' dir='ltr'>nulla</span> <span class='ocrx_word' id='word_1_400' title='bbox 890 2716 1033 2749; x_wconf 88' lang='lat' dir='ltr'>interim</span> <span class='ocrx_word' id='word_1_401' title='bbox 1053 2714 1273 2758; x_wconf 87' lang='lat' dir='ltr'>obligatione</span> <span class='ocrx_word' id='word_1_402' title='bbox 1292 2714 1466 2754; x_wconf 84' lang='lat' dir='ltr'>obstricti,</span> <span class='ocrx_word' id='word_1_403' title='bbox 1495 2714 1662 2747; x_wconf 77' lang='lat' dir='ltr'>utantur“</span> <span class='ocrx_word' id='word_1_404' title='bbox 1687 2712 1909 2755; x_wconf 75' lang='lat' dir='ltr'>(Institutum</span> <span class='ocrx_word' id='word_1_405' title='bbox 1928 2710 1962 2745; x_wconf 88' lang='lat' dir='ltr'>S.</span> <span class='ocrx_word' id='word_1_406' title='bbox 1982 2711 2014 2745; x_wconf 90' lang='lat' dir='ltr'>J.</span> 
     </span>
     <span class='ocr_line' id='line_1_41' title="bbox 238 2764 2016 2813; baseline -0.003 -10"><span class='ocrx_word' id='word_1_407' title='bbox 238 2770 270 2803; x_wconf 86' lang='grc' dir='ltr'>ΙΙ</span> <span class='ocrx_word' id='word_1_408' title='bbox 290 2770 512 2812; x_wconf 76' lang='grc'>206-207);</span> <span class='ocrx_word' id='word_1_409' title='bbox 540 2772 574 2804; x_wconf 84' lang='lat' dir='ltr'>et</span> <span class='ocrx_word' id='word_1_410' title='bbox 594 2770 709 2804; x_wconf 83' lang='lat' dir='ltr'>Halae</span> <span class='ocrx_word' id='word_1_411' title='bbox 728 2770 872 2813; x_wconf 84' lang='lat' dir='ltr'>quidem</span> <span class='ocrx_word' id='word_1_412' title='bbox 891 2768 1033 2803; x_wconf 85' lang='lat' dir='ltr'>Natalis</span> <span class='ocrx_word' id='word_1_413' title='bbox 1052 2771 1129 2802; x_wconf 88' lang='lat' dir='ltr'>tum</span> <span class='ocrx_word' id='word_1_414' title='bbox 1146 2767 1446 2802; x_wconf 85' lang='lat' dir='ltr'>Instructionibus</span> <span class='ocrx_word' id='word_1_415' title='bbox 1464 2770 1540 2801; x_wconf 90' lang='lat' dir='ltr'>tum</span> <span class='ocrx_word' id='word_1_416' title='bbox 1560 2766 1751 2808; x_wconf 81' lang='lat' dir='ltr'>„Scholiis“</span> <span class='ocrx_word' id='word_1_417' title='bbox 1776 2766 1810 2799; x_wconf 91' lang='lat' dir='ltr'>in</span> <span class='ocrx_word' id='word_1_418' title='bbox 1826 2764 2016 2799; x_wconf 75' lang='lat' dir='ltr'>societatis</span> 
     </span>
     <span class='ocr_line' id='line_1_42' title="bbox 237 2817 2016 2867; baseline -0.003 -11"><span class='ocrx_word' id='word_1_419' title='bbox 237 2822 520 2856; x_wconf 74' lang='lat' dir='ltr'>constitutiones</span> <span class='ocrx_word' id='word_1_420' title='bbox 546 2826 624 2857; x_wconf 91' lang='lat' dir='ltr'>tum</span> <span class='ocrx_word' id='word_1_421' title='bbox 650 2823 829 2857; x_wconf 88' lang='lat' dir='ltr'>similibus</span> <span class='ocrx_word' id='word_1_422' title='bbox 855 2822 1002 2867; x_wconf 84' lang='lat' dir='ltr'>scriptis</span> <span class='ocrx_word' id='word_1_423' title='bbox 1030 2822 1257 2867; x_wconf 86' lang='lat' dir='ltr'>perficiendis</span> <span class='ocrx_word' id='word_1_424' title='bbox 1284 2833 1428 2865; x_wconf 84' lang='lat' dir='ltr'>operam</span> <span class='ocrx_word' id='word_1_425' title='bbox 1457 2821 1566 2855; x_wconf 84' lang='lat' dir='ltr'>dabat</span> <span class='ocrx_word' id='word_1_426' title='bbox 1595 2820 1700 2864; x_wconf 83' lang='lat' dir='ltr'>(Epp.</span> <span class='ocrx_word' id='word_1_427' title='bbox 1720 2820 1843 2854; x_wconf 77' lang='lat' dir='ltr'>Nadal</span> <span class='ocrx_word' id='word_1_428' title='bbox 1870 2818 1919 2852; x_wconf 86' lang='grc'>111</span> <span class='ocrx_word' id='word_1_429' title='bbox 1947 2817 2016 2852; x_wconf 83' lang='grc'>702</span> 
     </span>
     <span class='ocr_line' id='line_1_43' title="bbox 238 2872 2015 2919; baseline -0.003 -9"><span class='ocrx_word' id='word_1_430' title='bbox 238 2876 344 2918; x_wconf 87' lang='grc'>731);</span> <span class='ocrx_word' id='word_1_431' title='bbox 377 2887 492 2919; x_wconf 87' lang='lat' dir='ltr'>neque</span> <span class='ocrx_word' id='word_1_432' title='bbox 519 2878 640 2910; x_wconf 86' lang='lat' dir='ltr'>tamen</span> <span class='ocrx_word' id='word_1_433' title='bbox 667 2876 726 2910; x_wconf 83' lang='lat' dir='ltr'>vel</span> <span class='ocrx_word' id='word_1_434' title='bbox 746 2876 858 2910; x_wconf 85' lang='lat' dir='ltr'>Halae</span> <span class='ocrx_word' id='word_1_435' title='bbox 886 2876 944 2909; x_wconf 87' lang='lat' dir='ltr'>vel</span> <span class='ocrx_word' id='word_1_436' title='bbox 972 2876 1057 2909; x_wconf 90' lang='lat' dir='ltr'>alibi</span> <span class='ocrx_word' id='word_1_437' title='bbox 1078 2875 1350 2909; x_wconf 88' lang='lat' dir='ltr'>Admonitiones</span> <span class='ocrx_word' id='word_1_438' title='bbox 1369 2874 1560 2908; x_wconf 84' lang='lat' dir='ltr'>absolvere</span> <span class='ocrx_word' id='word_1_439' title='bbox 1586 2874 1714 2918; x_wconf 89' lang='lat' dir='ltr'>potuit.</span> <span class='ocrx_word' id='word_1_440' title='bbox 1758 2872 1885 2906; x_wconf 79' lang='lat' dir='ltr'>Deliis</span> <span class='ocrx_word' id='word_1_441' title='bbox 1912 2882 2015 2916; x_wconf 84' lang='lat' dir='ltr'>opus-</span> 
     </span>
     <span class='ocr_line' id='line_1_44' title="bbox 236 2925 2014 2973; baseline -0.003 -10"><span class='ocrx_word' id='word_1_442' title='bbox 236 2929 328 2964; x_wconf 86' lang='lat' dir='ltr'>culis</span> <span class='ocrx_word' id='word_1_443' title='bbox 347 2929 392 2963; x_wconf 87' lang='lat' dir='ltr'>ad</span> <span class='ocrx_word' id='word_1_444' title='bbox 411 2929 602 2964; x_wconf 84' lang='lat' dir='ltr'>Societatis</span> <span class='ocrx_word' id='word_1_445' title='bbox 623 2930 799 2964; x_wconf 85' lang='lat' dir='ltr'>rationem</span> <span class='ocrx_word' id='word_1_446' title='bbox 827 2929 1088 2973; x_wconf 83' lang='lat' dir='ltr'>pertinentibus</span> <span class='ocrx_word' id='word_1_447' title='bbox 1109 2928 1328 2971; x_wconf 79' lang='lat' dir='ltr'>(„Dialogi&#39;‘‚</span> <span class='ocrx_word' id='word_1_448' title='bbox 1357 2926 1695 2969; x_wconf 78' lang='lat' dir='ltr'>„Obse1·vationes“,</span> <span class='ocrx_word' id='word_1_449' title='bbox 1727 2925 1925 2970; x_wconf 79' lang='lat' dir='ltr'>„Apologia</span> <span class='ocrx_word' id='word_1_450' title='bbox 1951 2935 2014 2969; x_wconf 89' lang='lat' dir='ltr'>pro</span> 
     </span>
     <span class='ocr_line' id='line_1_45' title="bbox 238 2978 2016 3026; baseline -0.003 -10"><span class='ocrx_word' id='word_1_451' title='bbox 238 2983 464 3024; x_wconf 82' lang='lat' dir='ltr'>Exercitiis“,</span> <span class='ocrx_word' id='word_1_452' title='bbox 495 2983 764 3025; x_wconf 52' lang='lat' dir='ltr'>,collectanezw</span> <span class='ocrx_word' id='word_1_453' title='bbox 796 2983 893 3025; x_wconf 88' lang='lat' dir='ltr'>etc.),</span> <span class='ocrx_word' id='word_1_454' title='bbox 929 2994 1079 3026; x_wconf 85' lang='lat' dir='ltr'>quorum</span> <span class='ocrx_word' id='word_1_455' title='bbox 1107 2982 1179 3016; x_wconf 85' lang='lat' dir='ltr'>alia</span> <span class='ocrx_word' id='word_1_456' title='bbox 1205 2981 1303 3026; x_wconf 78' lang='lat' dir='ltr'>typis</span> <span class='ocrx_word' id='word_1_457' title='bbox 1331 2981 1513 3025; x_wconf 82' lang='lat' dir='ltr'>exscripta</span> <span class='ocrx_word' id='word_1_458' title='bbox 1540 2983 1635 3019; x_wconf 84' lang='lat' dir='ltr'>suut,</span> <span class='ocrx_word' id='word_1_459' title='bbox 1672 2979 1743 3014; x_wconf 84' lang='lat' dir='ltr'>alia</span> <span class='ocrx_word' id='word_1_460' title='bbox 1770 2979 1805 3012; x_wconf 90' lang='lat' dir='ltr'>iu</span> <span class='ocrx_word' id='word_1_461' title='bbox 1832 2978 2016 3012; x_wconf 88' lang='lat' dir='ltr'>codicibus</span> 
     </span>
     <span class='ocr_line' id='line_1_46' title="bbox 239 3036 1176 3081; baseline 0 -12"><span class='ocrx_word' id='word_1_462' title='bbox 239 3036 365 3077; x_wconf 87' lang='lat' dir='ltr'>latent,</span> <span class='ocrx_word' id='word_1_463' title='bbox 401 3049 436 3070; x_wconf 87' lang='lat' dir='ltr'>v.</span> <span class='ocrx_word' id='word_1_464' title='bbox 457 3036 544 3081; x_wconf 70' lang='lat' dir='ltr'>Epp.</span> <span class='ocrx_word' id='word_1_465' title='bbox 565 3038 688 3070; x_wconf 68' lang='lat' dir='ltr'>Nuda(</span> <span class='ocrx_word' id='word_1_466' title='bbox 715 3037 729 3070; x_wconf 86' lang='grc' dir='ltr'>Ι</span> <span class='ocrx_word' id='word_1_467' title='bbox 758 3048 941 3077; x_wconf 82' lang='lat' dir='ltr'>xxlv—L;</span> <span class='ocrx_word' id='word_1_468' title='bbox 971 3036 1020 3071; x_wconf 88' lang='lat' dir='ltr'>lV</span> <span class='ocrx_word' id='word_1_469' title='bbox 1047 3036 1176 3069; x_wconf 79' lang='lat' dir='ltr'><strong>v—95.</strong></span> 
     </span>
    </p>
   </div>
   <div class='ocr_carea' id='block_1_6' title="bbox 239 3086 2012 3187">
    <p class='ocr_par' dir='ltr' id='par_1_7' title="bbox 239 3086 2012 3187">
     <span class='ocr_line' id='line_1_47' title="bbox 359 3086 2012 3135; baseline -0.004 -11"><span class='ocrx_word' id='word_1_470' title='bbox 359 3090 372 3110; x_wconf 83' lang='lat'>⁸</span> <span class='ocrx_word' id='word_1_471' title='bbox 398 3090 624 3124; x_wconf 78' lang='lat' dir='ltr'>Salvatorem</span> <span class='ocrx_word' id='word_1_472' title='bbox 660 3091 705 3125; x_wconf 84' lang='lat' dir='ltr'>da</span> <span class='ocrx_word' id='word_1_473' title='bbox 740 3090 978 3135; x_wconf 86' lang='lat' dir='ltr'>Coldisccpoli</span> <span class='ocrx_word' id='word_1_474' title='bbox 1005 3089 1040 3124; x_wconf 87' lang='lat' dir='ltr'>S.</span> <span class='ocrx_word' id='word_1_475' title='bbox 1061 3089 1094 3123; x_wconf 86' lang='lat' dir='ltr'>J.</span> <span class='ocrx_word' id='word_1_476' title='bbox 1126 3088 1421 3131; x_wconf 79' lang='lat' dir='ltr'>„amanuensem“</span> <span class='ocrx_word' id='word_1_477' title='bbox 1461 3098 1564 3122; x_wconf 86' lang='lat' dir='ltr'>suum</span> <span class='ocrx_word' id='word_1_478' title='bbox 1601 3086 1804 3130; x_wconf 81' lang='lat' dir='ltr'>significat;</span> <span class='ocrx_word' id='word_1_479' title='bbox 1840 3096 1874 3119; x_wconf 84' lang='lat' dir='ltr'>V.</span> <span class='ocrx_word' id='word_1_480' title='bbox 1901 3094 2012 3128; x_wconf 84' lang='lat' dir='ltr'>supra</span> 
     </span>
     <span class='ocr_line' id='line_1_48' title="bbox 239 3143 381 3187; baseline 0.014 -12"><span class='ocrx_word' id='word_1_481' title='bbox 239 3155 271 3187; x_wconf 89' lang='lat' dir='ltr'>p.</span> <span class='ocrx_word' id='word_1_482' title='bbox 299 3143 381 3177; x_wconf 82' lang='grc'><strong>295.</strong></span> 
     </span>
    </p>
   </div>
  </div>
 </body>
</html>
