2051 3433
217 179 302 222 318
750 175 852 211 1942.
880 175 920 210 Ρ.
940 175 1077 210 Paulus
1102 175 1275 209 Hoffaeus
1301 173 1456 210 Canisio.

216 297 417 350 moriae¹,
446 296 497 337 de
522 295 712 349 Colleqio,
748 296 806 336 vel
825 296 965 351 potius
990 295 1123 336 Domo
1146 294 1444 348 Professorum
1468 294 1692 349 Neomaqzjj
1712 295 1988 348 admittenda,

216 361 520 416 transiyenda;
552 375 659 416 quae
691 366 831 402 tamen
862 374 938 415 per
960 360 1008 402 P.
1026 360 1292 401 Richardum
1326 364 1515 400 nostrum
1528 359 1559 411 2,
1592 360 1698 401 sicut
1720 360 1891 414 ipsemet
1911 361 1991 402 hac

217 426 277 467 ad
297 427 559 468 Rhenensem
577 427 848 480 prouinciam
873 426 1045 466 rediens
1069 425 1175 466 mihi
1197 425 1399 479 exposuit,
1431 424 1612 476 feliciter
1635 430 1732 466 sunt
1756 430 1988 478 transacta,

216 506 307 532 cam
340 491 591 533 Reuerendo
634 491 863 532 admodum
895 491 944 532 P.
972 488 1185 532 Oliaerio“
1222 488 1472 542 [Manareo‚
1513 490 1745 544 praepositi
1777 491 1991 544 yeneralis

210 570 291 610 pro
325 557 562 598 Germania
596 561 631 597 et
664 556 813 597 Gallia
846 554 1103 608 assistentes

335 642 374 677 P.
394 644 549 677 Ioannes
574 643 783 676 Zauthenus
809 641 843 676 S.
863 642 896 676 J.
923 640 1100 687 *scripsit
1125 641 1310 675 Everardo
1336 640 1563 677 Mercuriano
1597 641 1803 686 praeposito
1831 641 1990 685 generali

216 696 406 740 Moguntia
432 697 489 731 26.
508 696 633 730 Martii
661 696 772 730 1576:
803 695 1082 737 „Procuratores
1109 694 1302 729 Societatis
1328 695 1543 738 Neomag...
1570 697 1656 729 sunt
1682 696 1775 729 inter
1798 694 1991 729 Senatores

217 749 384 785 Cauisius
409 750 525 784 frater
551 749 590 784 P.
609 749 724 784 nostri
751 748 928 783 Theodori
955 751 992 783 et
1017 748 1236 783 Wichardus
1263 748 1400 783 habens
1435 748 1548 783 filium
1576 747 1767 783 Societatis
1794 748 1990 793 Herbipoli,

214 805 292 838 tum
317 803 505 849 plaerique
533 803 701 839 Canonici
729 805 766 837 et
792 803 891 837 ciues
916 802 978 837 fidi
1005 803 1121 836 amici.
1158 801 1226 843 Qui
1252 804 1294 836 vt
1318 802 1407 836 inito
1434 802 1644 837 iamdudum
1669 802 1764 836 inter
1789 814 1828 836 se
1847 801 1991 836 foedere

216 856 387 892 Societati
413 857 534 892 oblata
560 857 653 891 bona
670 857 754 891 istic
772 859 999 897 conseruant,
1025 858 1164 900 tegunt,
1192 859 1339 899 augent,
1365 856 1474 891 aedes
1492 858 1702 901 comparant
1720 858 1756 890 et
1773 858 1990 897 restaurant,

215 911 267 945 ita
294 914 328 945 et
355 922 434 945 mea
540 910 822 945 custodiunt....
874 909 1144 955 Suppellectilia
1170 921 1256 943 vero
1291 909 1494 944 retinentur
1520 921 1541 943 a
1567 909 1677 944 vidua
1704 909 1811 944 Clara
1834 908 1991 944 Valken-

214 964 326 1009 burg,
368 976 460 1009 quae
495 976 577 999 cum
611 963 749 998 familia
798 974 864 998 sua
901 963 922 998 3
958 963 1142 1007 virginum
1180 963 1300 997 omnia
1335 974 1401 997 sua
1436 963 1472 997 in
1508 963 1700 998 Societatis
1734 974 1840 997 Vsum
1870 973 1990 997 conse-

215 1018 341 1053 crauit.
392 1018 517 1062 Neque
543 1018 580 1052 hi
607 1029 730 1052 omnes
756 1017 978 1051 aemulorum
1005 1019 1191 1051 morantur
1226 1016 1409 1058 inuidiam,
1446 1019 1508 1050 aut
1534 1017 1700 1060 quamuis
1730 1016 1851 1067 subire
1877 1015 1993 1060 gratis

215 1071 480 1114 difficultatem,
507 1071 698 1105 dummodo
726 1082 764 1106 se
783 1073 819 1105 et
838 1070 915 1116 pios
934 1070 1106 1112 solentur,
1133 1070 1321 1104 societatis
1348 1070 1469 1105 fructu
1488 1082 1526 1105 se
1545 1071 1758 1115 quandoque
1776 1071 1989 1115 potituros“.

215 1124 262 1159 Et
286 1124 419 1169 ÷÷Spira
444 1126 477 1160 4.
496 1126 653 1168 Augusti
675 1125 785 1160 1576:
811 1124 996 1159 Eiusmodi
1018 1125 1310 1169 „procuratores“
1331 1127 1418 1158 sunt
1448 1127 1610 1169 „praeter
1636 1123 1991 1158 Reuerendissimum

216 1178 463 1222 [Giulielmum
488 1179 690 1213 Lindanum
716 1179 925 1224 episcopum
950 1177 1292 1222 ruraemondanum]
1320 1178 1504 1223 plaerique
1533 1177 1702 1213 Canonioi
1730 1180 1766 1212 et
1796 1177 1990 1212 Senatores

214 1235 252 1267 et
277 1233 374 1267 ciues
400 1233 566 1278 plures“;
599 1232 788 1275 „videntur
814 1233 1025 1277 praecipuas
1053 1233 1183 1276 exequi
1210 1231 1445 1266 difficultates
1470 1243 1536 1266 nec
1562 1233 1639 1266 sine
1665 1243 1730 1266 suo
1757 1230 1991 1271 incommodo,

217 1286 410 1321 Senatores
445 1286 514 1321 duo
540 1286 723 1321 Arnoldus
750 1285 954 1321 Vichardus
980 1285 1118 1320 habens
1144 1285 1258 1319 filium
1285 1285 1478 1320 Societatis
1504 1285 1690 1330 Herbipoli
1718 1311 1746 1320 ..
1763 1311 1770 1319 .
1799 1287 1834 1319 et
1862 1283 1992 1319 Gerar-

215 1339 282 1375 dus
309 1339 485 1382 Canisius,
512 1342 716 1374 nostrorum
743 1342 887 1382 patrum
906 1339 1029 1373 frater.
1065 1339 1288 1384 cooperatur
1305 1339 1362 1373 his
1380 1350 1451 1373 non
1469 1339 1641 1381 segniter,
1670 1338 1822 1372 vitinam
1848 1338 1990 1381 integre
2050 1350 2051 1354 ¹

214 1394 444 1439 resipisceret
462 1394 641 1438 quondam
656 1395 789 1435 noster,
808 1392 1010 1428 Canonicus
1023 1393 1072 1427 M.
1088 1392 1245 1427 Thomas
1260 1393 1429 1427 Lentius“
1453 1391 1516 1436 (ex
1530 1392 1774 1438 autographis,
1790 1391 1910 1426 Germ.
1925 1391 1991 1426 137
2050 1392 2051 1407 ¹

216 1448 240 1482 f.
260 1448 345 1482 214α
371 1447 485 1492 2443).
1551 1455 1555 1460 '

216 1557 368 1595 1942.
443 1558 505 1594 Ρ.
529 1557 798 1595 PAULUS
829 1556 1193 1594 HOFFAEUS
1219 1558 1427 1603 provinciae
1448 1558 1482 1593 S.
1504 1558 1536 1592 J.
1557 1557 1772 1593 Germaniae
1797 1557 1993 1603 superioris

408 1613 635 1658 praepositus
663 1612 851 1648 CANISIO
880 1612 934 1657 (et
959 1615 1132 1657 quattuor
1157 1612 1238 1647 aliis
1264 1612 1470 1657 provinciae
1496 1611 1698 1656 Patribus).

1297 1671 1488 1706 Monachio
1514 1671 1610 1706 circa
1635 1673 1669 1706 4.
1690 1670 1814 1705 Martii
1841 1671 1944 1706 1576.

336 1737 391 1772 Ex
417 1737 584 1782 exemplo
619 1749 727 1771 manu
762 1737 886 1780 ignota
921 1738 1055 1782 scripto
1084 1736 1162 1781 (2⁰;
1190 1737 1212 1771 2
1238 1736 1326 1782 pp.)‚
1362 1736 1456 1781 quod
1483 1735 1655 1770 Hoffaeus
1680 1747 1747 1770 sua
1777 1747 1885 1769 manu
1910 1735 1992 1770 sub-

216 1792 392 1836 scriptum
417 1791 569 1825 Romam
595 1791 640 1825 ad
668 1791 936 1825 Mercurianum
962 1790 1208 1836 praepositum
1233 1790 1440 1834 generalem
1467 1790 1576 1825 misit.
1620 1789 1739 1824 Germ.
1768 1789 1834 1824 138
1861 1789 1886 1824 f.
1911 1789 1991 1824 355.

336 1871 529 1909 Praefatio
555 1871 732 1908 editoris:
784 1873 823 1907 P.
842 1875 998 1908 Ioannes
1024 1874 1235 1907 Rabenstein
1262 1872 1296 1908 S.
1317 1873 1350 1908 J.
1375 1874 1495 1907 rector
1530 1871 1672 1914 collegii
1698 1870 1992 1915 ingolstadiensis

216 1928 444 1962 Mercuriano
470 1927 694 1970 Ingolstadio
727 1928 783 1961 27.
802 1926 926 1961 Martii
955 1926 1045 1961 1575
1072 1926 1265 1972 *scripsit:
1302 1926 1412 1969 „Cum
1438 1925 1666 1960 Academicis
1702 1927 1738 1959 et
1770 1925 1909 1959 ciuibus
1935 1936 1993 1970 op-

216 1984 295 2016 tata
329 1993 417 2026 pace
452 1981 616 2023 fruimur,
652 1981 738 2015 licet
771 1981 917 2025 utrique
952 1981 1194 2024 ingemiscant
1225 1981 1341 2014 indies
1379 1979 1595 2014 Societatem
1627 1979 1781 2014 Cursum
1818 1981 1854 2012 et
1888 1978 1993 2023 paed-

217 2036 387 2079 agogium
407 2034 609 2069 deseruisse
639 2061 646 2069 .
659 2062 683 2069 ..
711 2033 807 2068 ultra
826 2035 893 2069 217
914 2034 1096 2069 studiosos
1122 2035 1286 2068 omnibus
1305 2034 1523 2079 computatis
1542 2035 1680 2067 certum
1700 2034 1756 2067 est
1775 2031 1993 2077 Jngolstadij

216 2102 287 2125 non
313 2090 480 2136 reperiri“
513 2088 574 2132 (ex
592 2090 744 2132 autogr„
765 2087 885 2123 Germ.
907 2088 975 2122 136
1001 2089 1026 2122 f.
1046 2087 1159 2131 224³).
1193 2086 1313 2132 Atque
1331 2091 1469 2122 certum
1488 2089 1555 2128 est,
1582 2098 1675 2120 anno
1696 2087 1786 2120 1575
1807 2088 1993 2120 senatores

218 2144 443 2179 academicos
481 2142 526 2177 ab
562 2142 712 2177 Alberto
747 2142 792 2176 V.
815 2142 995 2176 Bavariae
1028 2141 1117 2176 duce
1153 2141 1359 2175 venationis
1398 2153 1508 2175 causa
1546 2140 1808 2183 ingolstadium
1843 2139 1996 2173 advecto

219 2198 367 2244 petisse,
400 2197 573 2238 efficeret,
609 2199 650 2230 ut
675 2195 771 2230 Socii
797 2196 841 2230 ad
877 2207 929 2237 ea,
963 2207 1055 2240 quae
1082 2195 1339 2237 deseruissent,
1375 2195 1535 2229 redirent
1564 2195 1744 2238 (Meam-er
1769 2193 1791 2228 l.
1820 2205 1849 2228 c.
1869 2193 1903 2227 ΙΙ
1929 2193 1994 2233 29;

220 2252 349 2286 Prantl
374 2250 396 2285 l.
417 2262 446 2285 ο.
465 2251 481 2284 I
508 2249 716 2291 255-258;
744 2251 887 2284 Riezler
910 2249 933 2283 1.
954 2261 983 2283 c.
1003 2248 1054 2284 VI
1080 2249 1297 2292 301—302).
1350 2249 1549 2294 Propterea
1570 2249 1744 2290 Hoffaeus
1769 2246 1996 2292 praepositus

218 2305 449 2351 provincialis
475 2303 702 2338 Mercuriano
730 2303 903 2348 *scripsit
928 2303 1118 2337 Monachio
1147 2303 1176 2336 1.
1197 2302 1383 2336 Februarii
1413 2303 1522 2337 1576:
1561 2301 1715 2343 „Versor
1741 2300 1799 2335 hic
1824 2301 1860 2334 in
1886 2311 1997 2335 causa

219 2358 571 2402 Jngolstadiana·...
623 2357 710 2391 Eius
736 2357 787 2402 rej
816 2369 927 2391 causa
953 2368 1033 2390 cum
1062 2356 1200 2390 duobus
1226 2355 1493 2401 Commissarijs
1528 2354 1636 2389 simul
1667 2366 1747 2389 cum
1775 2354 1816 2388 D.
1845 2353 1996 2388 Peltano

217 2411 485 2456 Jngolstadium
522 2411 616 2445 intra
652 2411 811 2445 triduum
844 2422 901 2445 me
937 2410 1131 2450 conferam,
1167 2410 1229 2444 vbi
1264 2410 1441 2454 quaedam
1477 2410 1583 2443 erunt
1622 2407 1889 2457 interlocutorie
1915 2418 1996 2441 cum

219 2465 445 2500 Academicis
479 2464 725 2508 transigenda.
785 2463 941 2509 Operam
981 2464 1072 2498 dabo
1108 2466 1149 2498 vt
1184 2463 1241 2497 his
1271 2463 1427 2508 miserijs
1461 2462 1544 2497 finis
1580 2462 1784 2507 imponatur
1817 2460 1996 2505 simulque

218 2522 260 2554 vt
291 2518 455 2553 fundatio
492 2518 738 2552 conficiatur“.
789 2518 836 2552 Et
862 2517 1081 2552 *Monachio
1108 2517 1140 2552 2.
1167 2517 1291 2551 Martii
1320 2517 1432 2551 1576:
1465 2516 1566 2559 „Jam
1603 2526 1763 2550 mensem
1800 2526 1926 2549 versor
1960 2514 1997 2548 in

220 2572 474 2617 componendis
499 2572 620 2606 causis
654 2571 761 2606 huius
797 2573 833 2606 et
859 2571 1127 2615 Jngolstadiani
1154 2570 1318 2615 Collegij,
1354 2571 1416 2604 sed
1443 2570 1479 2604 in
1506 2568 1778 2603 fundationibus
1804 2567 1998 2613 praecipua

220 2628 276 2660 est
301 2625 521 2660 difficultas:
559 2625 623 2660 sed
657 2625 727 2660 nisi
762 2624 869 2660 fallor
894 2637 963 2659 non
989 2626 1112 2660 futura
1147 2625 1314 2669 magna“.
1366 2624 1412 2658 Et
1436 2622 1655 2657 “³‘Monachio
1683 2623 1716 2657 6.
1735 2622 1856 2656 Martii
1885 2621 1995 2655 1576:

220 2679 360 2714 Aulicis
386 2679 529 2723 quidem
555 2678 712 2713 nondum
738 2680 882 2723 tempus
908 2678 1113 2724 suppetisse
1144 2678 1188 2712 ad
1219 2677 1390 2720 „formale
1416 2677 1612 2722 scriptum“
1643 2675 1921 2715 conficiendum
1957 2685 1997 2709 se

222 2735 345 2766 tamen
383 2732 453 2766 iam
498 2743 658 2774 „summa
692 2744 811 2766 rerum
851 2732 990 2777 capita“
1032 2731 1183 2766 Romam
1221 2732 1366 2765 mittere
1402 2730 1464 2775 (ex
1499 2728 1744 2774 autographis.
1782 2727 1901 2762 Germ.
1928 2727 1994 2762 137

222 2786 246 2820 f.
268 2785 351 2820 117²*
380 2786 462 2819 119ξι
489 2785 610 2830 127“);
646 2786 745 2820 misit
779 2785 891 2829 igitur
916 2784 1041 2820 horum
1073 2785 1272 2830 „capitum¹‘
1303 2783 1507 2829 exemplum
1533 2782 1632 2824 illud,
1659 2781 1751 2826 quod
1777 2792 1887 2825 supra
1910 2780 1996 2814 dixi.

222 2838 277 2873 Ex
303 2840 485 2883 postremo
512 2840 632 2873 autem
660 2838 778 2883 capite
805 2840 1045 2882 cognoscitur,
1073 2849 1153 2872 eum
1181 2837 1302 2883 paullo
1326 2839 1410 2871 ante
1436 2836 1627 2871 eorundem
1656 2834 1814 2879 capitum
1833 2832 1998 2878 exempla

224 2891 368 2926 Canisio
395 2903 536 2936 quoque
572 2894 608 2926 et
639 2891 800 2936 reliquis,
837 2892 899 2936 qui
925 2891 961 2926 in
997 2891 1123 2926 eodem
1149 2892 1268 2936 capite
1293 2892 1548 2932 memorantur,
1584 2888 1727 2924 misisse
1754 2888 1879 2933 iisque,
1905 2898 1998 2932 quae

224 2944 354 2979 ibidem
380 2945 558 2987 dicuntur,
585 2945 788 2980 mandasse.

346 3073 356 3093 ¹
382 3071 422 3107 P.
441 3071 571 3114 Vinck,
607 3072 750 3116 collegii
775 3072 979 3116 moguntini
1013 3073 1145 3114 rector,
1182 3072 1214 3106 7.
1240 3071 1465 3117 Septembris
1493 3070 1583 3106 1576
1619 3068 1801 3104 Bononiae
1835 3068 1998 3101 mortuus

225 3127 303 3160 erat
330 3124 507 3170 (Hansen,
534 3125 620 3160 Akt.
649 3126 747 3170 712).

347 3178 359 3198 ¹
385 3178 617 3221 Zanthenum,
645 3181 730 3224 puto
760 3180 895 3224 (Duhr,
923 3179 998 3214 Jes.
1026 3179 1041 3213 I
1067 3179 1138 3214 99⁴
1166 3178 1265 3221 527).
