2062 3443
797 120 890 154 Mon.
915 119 1015 155 1249.
1069 120 1170 155 1580.
1782 127 1863 168 821

105 234 365 277 „Instituuntur
400 237 556 278 omnes“‚
592 240 783 281 antequam
819 237 864 271 ad
897 237 1033 271 maiora
1058 238 1280 282 perveniant,
1320 238 1614 282 „diligentissime
1642 239 1676 273 in
1703 240 1866 274 omnibus

100 288 307 322 catechismi
334 289 502 334 capitulis
529 301 574 323 ex
600 290 776 325 Canisi0“.
827 289 983 324 Litteras
1019 290 1178 334 integras
1204 291 1400 334 vulgarunt
1428 292 1554 326 Patres
1584 294 1745 326 Oratorii
1772 295 1867 327 Lon-

98 341 254 375 dinensz's
279 341 313 375 in
344 342 439 384 „The
474 342 601 377 letters
633 344 701 378 and
728 343 931 378 memorials
967 343 1006 377 of
1030 342 1190 377 William
1218 343 1385 378 Cardinal
1414 344 1553 386 Allen“‚
1590 344 1734 380 London
1764 346 1866 386 1882,

98 394 256 435 52—67;
286 406 319 429 V.
341 407 373 440 p.
397 396 452 430 65.

216 447 247 481 3.
276 447 457 483 Canisium
485 461 516 484 a.
538 450 628 485 1580
655 461 676 484 a
703 450 830 484 Iacobo
849 449 1106 494 Christophoro
1133 449 1260 484 Blarer
1284 462 1305 484 a
1324 450 1550 491 Wartensee,
1578 452 1744 497 episcopo
1772 452 1865 497 prin—

96 500 174 546 cipe
209 501 411 543 basileensi,
447 503 683 537 Bruntrutum
721 503 920 546 (Pruntrut,
957 503 1205 548 Porrentruy),
1242 503 1301 538 ubi
1337 504 1493 550 episcopi
1529 505 1750 539 basileenses
1779 508 1865 540 tunc

95 553 215 588 sedem
242 553 432 596 habebant,
459 556 502 589 ad
529 556 787 591 catechismum
813 556 1061 590 dioecesanum
1089 556 1382 591 conscribendum
1411 558 1622 592 arcessitum
1644 569 1722 592 esse
1741 558 1867 593 scribit

96 608 138 642 F.
169 609 294 651 Fiala,
334 608 458 642 Blarer
492 621 561 643 von
596 610 830 650 WVartmsee,
867 610 903 644 111
942 609 1110 651 „WVetzer
1144 609 1214 644 und
1251 609 1397 644 Welte's
1436 611 1761 645 Kirchenlexikon“
1805 612 1864 653 11⁹,

95 661 299 705 Freiburgi.
313 661 370 696 Br.
385 662 484 703 1883,
501 663 580 697 903.
602 662 726 707 Neque
743 675 826 697 vero
841 663 876 696 in
890 662 962 697 ullo
982 662 1079 697 fonte
1096 662 1266 697 historico
1286 663 1428 698 illorum
1448 667 1647 709 temporum
1667 664 1701 698 id
1722 665 1865 699 invenio

95 722 430 756 commemoratum;
458 719 494 749 et
512 727 604 750 anno
623 717 765 761 quidem
788 716 877 751 1580
896 716 1078 750 Canisium
1097 716 1284 750 Bruntruti
1305 729 1372 751 non
1395 717 1506 752 fuisse
1532 718 1623 752 satis
1641 721 1777 752 certum
1798 720 1863 753 est.

211 769 245 803 4.
274 769 402 803 Exstat
429 769 635 803 mandatum
667 771 883 814 Marquardi
909 781 930 802 (ι
957 771 1060 814 Βειῃ,
1093 769 1250 815 episcopi
1276 771 1449 815 principis
1475 771 1679 814 augustani,
1721 772 1862 814 „datum

94 822 128 856 in
147 833 229 856 arce
252 825 374 856 nostra
394 822 604 866 Dilingana“
628 823 682 858 31.
704 822 870 858 Octobris
889 823 990 864 1580,
1017 823 1052 857 in
1078 834 1147 867 quo
1173 823 1272 865 haec,
1299 826 1443 869 praeter
1468 824 1550 866 alia,
1576 825 1862 870 praecipiuntur:

98 875 359 916 „Ecclesiarum
379 879 580 910 nostrarum
600 876 823 921 Rectoribus,
847 877 1018 911 Parochis
1037 888 1229 921 eorumque
1248 877 1470 912 administris
1489 878 1622 912 diserte
1641 879 1864 921 mandamus,

93 930 133 963 ut
167 928 317 974 posthac
351 929 569 973 singularem
607 931 781 964 rationem
810 933 846 964 et
880 942 1002 965 curam
1038 930 1194 964 habeant
1221 930 1449 973 catechismi,
1486 943 1638 976 eumque
1664 944 1733 966 non
1760 932 1864 967 modo

91 982 128 1016 in
162 982 295 1016 scholis
324 981 591 1026 Ludimagistri‚
628 984 689 1017 sed
727 984 794 1028 ipsi
821 984 930 1018 etiam
957 983 991 1017 in
1022 983 1176 1028 templis,
1212 985 1424 1029 praesertim
1451 985 1576 1019 diebus
1603 985 1800 1020 Dominicis
1827 988 1864 1020 et

90 1035 195 1070 festis
221 1035 373 1080 publice,
402 1037 612 1081 praesertim
640 1049 660 1071 a
687 1037 846 1082 prandio,
872 1037 1018 1071 tradant
1035 1040 1071 1071 et
1089 1037 1281 1082 explicent.
1302 1065 1309 1072 .
1330 1065 1337 1073 .
1358 1066 1365 1073 .
1393 1038 1470 1080 Qua
1487 1039 1625 1073 ratione
1644 1039 1862 1080 curavimus,

91 1101 175 1123 vere
202 1088 376 1123 Catholici
405 1089 621 1124 Catechismi
657 1090 876 1135 exemplaria
912 1102 980 1124 non
1015 1102 1131 1135 pauca
1158 1091 1283 1125 Latine
1318 1091 1425 1126 simul
1453 1095 1489 1126 et
1516 1092 1728 1126 Germanice
1763 1092 1862 1137 typis

91 1142 229 1183 excudi,
265 1143 342 1177 eius
377 1143 563 1184 nimirum,
599 1144 659 1187 qui
695 1144 938 1188 superioribus
974 1144 1077 1178 annis
1113 1155 1133 1178 a
1168 1143 1373 1178 Venerabili
1409 1156 1559 1190 syncere
1594 1145 1695 1180 nobis
1731 1145 1862 1180 dilecto

93 1196 243 1230 Doctore
270 1196 376 1231 Petro
405 1196 547 1231 Canisio
574 1197 608 1231 S.
638 1198 669 1232 J.
697 1198 865 1242 theologo
891 1198 1008 1232 editus
1043 1198 1122 1233 fuit.
1174 1198 1272 1232 Haec
1298 1201 1417 1233 autem
1446 1199 1666 1245 exemplaria
1692 1200 1727 1234 in
1756 1201 1860 1234 Paro-

90 1249 180 1284 chiis
214 1250 348 1285 nostris
383 1250 518 1295 passim
556 1253 681 1285 extare
716 1253 751 1285 et
786 1251 829 1285 ob
864 1263 1086 1286 communem
1123 1252 1324 1286 iuventutis
1363 1253 1555 1298 populique
1590 1254 1745 1288 fructum
1782 1254 1861 1294 emi,

89 1303 236 1348 proponi
262 1315 304 1337 ac
332 1304 523 1338 memoriae
551 1316 691 1348 quoque
717 1305 878 1339 mandari
906 1304 1103 1339 volumus.“
1155 1305 1291 1340 Deinde
1316 1306 1505 1351 episcopus
1531 1306 1706 1351 parochos
1736 1307 1860 1350 „vehe-

90 1359 228 1391 menter
253 1356 450 1399 hortatur“‚
488 1359 528 1391 ut
557 1358 842 1399 „Catechismum
870 1358 1069 1392 Romanum
1104 1370 1286 1402 nunquam
1313 1360 1403 1394 satis
1438 1361 1643 1394 laudatum‘⁴
1673 1361 1740 1394 sibi
1769 1372 1860 1394 com—

89 1413 226 1454 parent,
259 1422 386 1455 „quum
414 1410 457 1445 ad
485 1411 631 1445 minoris
659 1411 875 1446 Catechismi
912 1423 1016 1456 quem
1044 1411 1200 1446 diximus
1227 1415 1262 1446 et
1288 1411 1435 1447 Rituum
1469 1425 1608 1458 quoque
1637 1413 1860 1449 Ecclesiasti-

89 1475 208 1498 corum
254 1464 529 1509 explicationem
563 1476 788 1510 summopere
824 1465 1004 1499 conferat⁸
1046 1466 1195 1507 (Franc.
1223 1467 1312 1500 Xav.
1345 1467 1558 1511 Thallzofer,
1594 1467 1762 1510 Beitriige
1799 1479 1861 1501 zur

89 1516 306 1552 Geschiclite
342 1518 404 1551 der
440 1518 640 1552 Katechese
676 1519 723 1552 im
760 1519 897 1552 Bistum
937 1519 1133 1562 Augsburg
1166 1519 1259 1553 nach
1295 1520 1356 1554 der
1395 1520 1782 1565 Glaubensneuerung,
1824 1520 1860 1555 in

93 1571 392 1612 „Katechetische
428 1572 578 1606 Blatter.
631 1571 751 1615 Organ
789 1572 851 1606 des
888 1572 1107 1606 Miinchener
1142 1573 1551 1608 Katecheten-Vereins“
1594 1573 1711 1608 XXVI
1747 1573 1861 1619 [Neue

88 1624 207 1668 Folge,
229 1625 258 1659 1.
279 1624 431 1669 Jahrg.],
452 1625 629 1670 Kempten
651 1626 752 1665 1900,
781 1626 930 1665 34—35;
958 1626 1002 1660 cf.
1023 1626 1131 1660 etiam
1150 1628 1289 1666 Braun.
1311 1627 1478 1662 Bischofe
1496 1639 1565 1661 von
1590 1628 1780 1671 Augsburg
1798 1628 1858 1669 IV,

86 1678 255 1722 42—43).
303 1678 357 1712 Ex
388 1679 511 1720 „modo
538 1679 802 1713 catechizandi‘
834 1683 952 1713 autem
980 1679 1080 1713 iussu
1108 1681 1267 1714 eiusdem
1293 1680 1502 1725 Marquardi
1529 1681 1685 1726 episcopi
1713 1681 1859 1725 Dilinga

87 1731 143 1766 23.
181 1732 335 1766 Ianuarii
374 1733 462 1766 1581
501 1732 596 1766 edito
631 1733 871 1776 intellegitur,
912 1732 1086 1777 parochos
1122 1734 1238 1767 iussos
1273 1746 1353 1768 esse
1388 1735 1585 1768 doctrinam
1625 1734 1857 1769 christianam

86 1785 211 1820 diebus
236 1785 349 1820 sacris
376 1785 505 1830 populo
532 1786 566 1819 in
594 1786 738 1831 templis
765 1786 945 1830 explicare
972 1798 1075 1820 mane
1106 1798 1191 1828 „aus
1218 1787 1296 1821 dem
1324 1788 1520 1822 deutschen
1547 1788 1729 1822 mittleren
1755 1788 1856 1823 Cate-

85 1838 221 1873 chismo
249 1838 402 1873 Canisii“
435 1842 470 1873 et
496 1843 577 1884 post
603 1840 790 1884 prandium
822 1851 907 1881 „aus
934 1840 1011 1873 dem
1040 1839 1182 1873 kleinen
1218 1841 1415 1874 deutschen
1443 1841 1669 1876 Catechismo
1698 1842 1854 1876 Canisii“

87 1891 301 1936 (lealhofer
319 1891 340 1927 l.
361 1904 389 1927 c.
410 1893 570 1932 35-36;
598 1893 644 1927 cf.
663 1892 917 1926 etiam'Braun
938 1893 958 1927 l.
980 1905 1008 1928 c.
1023 1894 1164 1927 4:3—44
1182 1896 1216 1927 et
1232 1895 1295 1928 Fr.
1311 1895 1357 1928 X.
1378 1895 1582 1939 Thallzofer,
1604 1895 1857 1939 Entwicklung

86 1945 147 1980 des
165 1945 415 1980 katholischen
436 1946 690 1980 Katechismus
709 1948 743 1980 in
765 1946 1006 1981 Deutschland
1027 1958 1095 1980 von
1116 1946 1280 1981 Canisius
1300 1948 1354 1982 bis
1372 1948 1546 1988 Deharbe‚
1567 1948 1741 1991 Freiburg
1759 1949 1779 1983 i.
1797 1949 1855 1984 ΒΓ.

88 1999 187 2040 1899,
215 1999 334 2043 7-9).
371 2000 423 2034 De
450 1999 644 2044 dilinganis
672 2000 743 2034 illis
770 2000 978 2034 catechismi
1006 2000 1178 2034 canisiani
1205 2001 1420 2035 editionibus
1439 2014 1474 2037 V.
1492 2014 1601 2047 supra
1627 2014 1659 2047 p.
1680 2001 1746 2037 687
1776 2003 1856 2038 765.

86 2092 234 2129 1249.
309 2092 407 2129 1580.

205 2154 373 2188 Canisius
400 2156 434 2187 in
464 2155 556 2187 libro
583 2156 800 2198 „Doctrinae
828 2156 1042 2189 Jesuitarum
1069 2157 1265 2198 praecipua
1291 2154 1431 2198 capz'ta“
1461 2157 1630 2199 Rupellae
1656 2157 1746 2190 edito
1773 2167 1855 2190 con-

84 2208 181 2241 viciis
206 2209 380 2250 afficitur.

201 2271 374 2317 Rupellae
395 2272 461 2315 (La
488 2272 685 2316 1100118118),
713 2272 806 2316 quod
832 2275 918 2307 tunc
945 2275 1023 2307 erat
1049 2273 1336 2316 Hugonottorum
1368 2273 1536 2318 oppidum
1564 2274 1856 2317 munitissimum,

82 2324 234 2370 primum
261 2336 292 2359 a.
316 2325 406 2360 1580
442 2326 576 2361 editum
605 2330 660 2360 est
685 2338 774 2371 opus
805 2326 1018 2369 „Doctrinae
1053 2326 1267 2360 Iesvitarum
1301 2327 1494 2371 praecipva
1519 2327 1649 2372 capita,
1684 2328 1716 2362 A
1742 2328 1856 2362 doctis

82 2378 295 2422 quibusdam
331 2379 524 2423 Theologis
563 2380 727 2424 (quorum
764 2379 844 2413 libri
879 2383 1052 2423 sequente
1089 2380 1219 2424 pagina
1255 2379 1496 2421 continentur)
1535 2383 1695 2422 retexta,
1731 2381 1856 2416 solidis

81 2431 279 2467 rationibus
304 2432 592 2477 testimoniisque
618 2444 802 2467 sacrarum
829 2432 1094 2477 Scripturarum
1123 2436 1157 2466 et
1184 2433 1376 2467 Doctorum
1404 2433 1539 2467 veteris
1566 2434 1749 2469 Ecclesiae
1775 2446 1855 2469 con-

82 2484 211 2519 futata.
262 2485 447 2530 Rupellae‚
485 2487 586 2531 Apud
623 2486 859 2531 Theophilum
895 2486 1060 2530 Regium.
1119 2487 1166 2520 M.
1195 2486 1236 2520 D.
1266 2486 1403 2521 Lxxx.“
1463 2487 1644 2529 „Alterum
1681 2488 1853 2522 eiusmodi

80 2539 336 2573 tractationum
363 2541 519 2574 tomum⁴⁴
543 2542 613 2574 iam
640 2540 758 2585 parari
778 2540 936 2574 affirmat
962 2540 1067 2574 huius
1094 2540 1179 2574 tomi
1199 2540 1313 2574 editor
1331 2552 1532 2584 anonymus
1550 2541 1584 2574 in
1611 2541 1852 2586 praefatione;

80 2591 116 2626 in
142 2603 213 2636 qua
238 2592 333 2627 haud
360 2593 510 2627 obscure
536 2593 728 2637 significat,
756 2605 799 2627 ex
820 2593 952 2628 Canisii
980 2593 1208 2628 catechismis
1236 2594 1449 2628 Iesuitarum
1480 2594 1717 2639 „hypocrisim
1737 2598 1773 2629 et
1791 2595 1853 2629 im-

79 2646 270 2690 pietatem“
301 2647 524 2691 apparuisse,
553 2650 589 2681 et
615 2648 650 2681 in
679 2647 755 2681 eius
787 2646 923 2691 „Opere
950 2646 1182 2681 catechistico
1208 2650 1262 2680 tot
1287 2650 1450 2681 veterum
1477 2647 1694 2693 testimonijs
1721 2649 1853 2682 referto

79 2698 305 2744 impudenter
331 2699 495 2735 doctores
522 2700 696 2735 ecclesiae
722 2701 758 2734 in
786 2700 1022 2745 patrocinium
1047 2711 1204 2734 errorum
1232 2700 1475 2735 iesuiticorum
1502 2701 1682 2745 pertrahi“
1715 2702 1756 2744 (f.
1775 2702 1852 2745 *2).

80 2750 268 2786 Ponuntur
301 2752 412 2797 igitur
446 2754 482 2787 in
516 2753 584 2787 hoc
619 2756 714 2787 tomo
741 2753 888 2787 Martini
916 2753 1108 2788 Chemnitii
1140 2753 1377 2796 „Theologiae
1407 2754 1620 2788 Iesvitarum
1659 2755 1852 2800 praecipua

80 2805 232 2850 capita“,
261 2806 299 2841 P.
328 2806 478 2851 Boquini
510 2807 694 2850 „Assertio
721 2807 855 2840 veteris
891 2818 932 2841 ac
958 2807 1033 2840 veri
1063 2806 1360 2847 Cln·istianismi“,
1397 2807 1528 2841 Donati
1555 2808 1696 2843 Gotvisi
1728 2808 1853 2851 „Fides

80 2858 162 2892 Iesv
187 2861 222 2893 et
248 2859 499 2895 1esvitarum‘.
550 2860 702 2902 Quantis
729 2862 848 2894 autem
876 2860 1015 2894 iniuriis
1043 2859 1208 2894 Canisius
1234 2859 1268 2893 in
1298 2860 1446 2904 Boquini
1475 2864 1511 2895 et
1537 2860 1680 2896 Gotvisi
1706 2862 1853 2907 scriptis

80 2911 268 2954 afficiatur,
304 2913 505 2947 ostenditur
529 2925 639 2958 supra
664 2925 697 2958 p.
722 2914 790 2948 693
819 2914 904 2953 754;
942 2915 978 2947 et
1004 2913 1046 2946 de
1072 2912 1246 2946 maledico
1276 2913 1336 2947 illo
1365 2913 1557 2949 Chemnitii
1593 2914 1682 2949 libro
1709 2916 1851 2960 copiose

79 2967 199 2999 actum
220 2968 276 3000 est
296 2967 383 3000 Can.
403 2966 678 3007 111809-—8143
708 2969 843 3010 quanta
870 2969 989 3000 autem
1016 2977 1095 3000 cum
1123 2966 1272 3000 levitate
1300 2969 1335 3000 et
1352 2967 1516 3002 socordia
1534 2979 1627 3003 nova
1653 2968 1742 3003 haec
1767 2968 1850 3003 libri

80 3017 187 3052 editio
210 3018 307 3052 facta
332 3020 390 3059 sit,
411 3019 469 3053 vel
496 3031 540 3052 ex
559 3031 600 3053 eo
620 3019 781 3063 intellegi
803 3022 932 3064 potest,
958 3019 1049 3063 quod
1072 3020 1186 3053 denuo
1207 3019 1418 3061 affirmatur,
1439 3020 1655 3055 Societatem
1681 3033 1701 3056 a
1720 3022 1851 3056 Ioanne

80 3070 187 3105 Petro
214 3071 364 3113 Caraffa,
392 3073 452 3116 qui
479 3075 604 3117 postea
630 3072 766 3107 Paulus
792 3072 853 3107 IV.
872 3084 965 3117 papa
992 3073 1070 3112 fuit,
1097 3071 1260 3106 Venetiis
1285 3072 1490 3108 institutam
1517 3084 1597 3108 esse
1627 3076 1674 3120 (p.
1694 3075 1744 3118 2).
1795 3075 1850 3110 De

79 3124 196 3169 operis
225 3124 437 3168 „Doctrinae
463 3127 551 3161 etc.“
574 3126 789 3161 editionibus
815 3126 1072 3171 posterioribus
1098 3137 1132 3160 V.
1151 3137 1261 3170 supra
1288 3138 1319 3171 p.
1340 3126 1420 3162 693.
