2051 3433
168 164 248 203 112
451 159 551 194 1836.
581 158 746 193 Canisius
773 158 811 192 P.
834 157 1054 192 Theodorico
1081 157 1235 192 Canisio.
1279 157 1507 196 FebrsMart.
1536 158 1636 194 1573.

163 278 390 332 voluptate
431 276 695 331 perlustraui
737 279 785 318 vt
826 289 1044 330 nunquam
1087 289 1254 330 sperem
1300 289 1366 317 me
1399 275 1605 318 satiatum
1639 275 1691 317 iri
1724 276 1856 318 donec
1889 276 1931 317 id

165 343 277 396 quod
309 342 521 396 reliquum
555 341 638 385 erit
671 341 814 396 operis
847 355 1056 396 accepero
1090 344 1134 383 et
1166 340 1298 383 variis
1330 340 1479 383 formis
1513 340 1557 382 in
1589 341 1726 383 lucem
1761 340 1932 383 edidero

164 408 217 450 ad
259 410 505 450 nostrorum
547 407 827 461 paruulorum
872 408 916 448 et
957 405 1236 460 plurimorum
1283 406 1462 448 aliorum
1504 405 1842 448 consolationem
1889 410 1933 448 et

164 472 398 516 vtilitatem
433 472 681 515 maximam.
730 471 872 513 Velim
915 475 1061 514 autem
1104 471 1215 513 seire
1248 470 1350 524 quid
1382 471 1715 513 amanuensibus
1748 470 1804 514 sit
1836 485 1931 525 per-

164 538 430 581 soluendum.
494 537 639 580 Nolim
682 536 891 590 siquidem
925 539 970 578 te
1008 550 1147 590 neque
1188 536 1375 590 aliquem
1417 539 1588 578 tuorum
1631 539 1829 590 sumptus
1861 550 1935 578 eos

164 604 278 646 ferre
311 617 418 656 quos
460 602 631 645 omnino
664 601 889 656 impressio
932 601 1047 644 ferre
1089 601 1230 644 debet.
1295 601 1417 654 Rogo
1462 600 1609 655 itaque
1644 605 1691 644 vt
1722 602 1801 643 hoc
1833 601 1935 643 mihi

165 668 410 722 significare
443 667 634 721 digneris
667 669 712 710 et
743 681 828 720 qua
860 667 902 708 in
936 680 984 708 re
1016 665 1253 720 gratificari
1281 665 1360 708 tibi
1391 666 1566 720 possim.
1619 667 1799 708 Jnterea
1831 681 1935 708 vero

165 748 233 776 me
265 734 352 777 tuis
394 736 652 787 tuorumque
691 732 892 787 precibus
934 731 1098 774 sanctis
1139 731 1390 773 commendo
1433 734 1477 774 et
1519 732 1642 773 deum
1687 745 1761 774 oro
1803 734 1851 774 vt
1892 735 1936 774 te

165 800 288 842 nobis
321 802 365 842 et
397 798 559 853 reipub.
596 812 701 840 suae
734 797 1004 840 Christianae
1038 810 1166 850 quam
1200 796 1439 839 diutissime
1484 799 1632 838 seruet
1663 796 1934 840 incolumem.

289 870 543 913 Reuerendo
577 870 806 912 admodum
840 868 962 912 Patri
996 869 1179 910 Domino
1214 868 1345 910 Petro
1373 867 1543 910 Canisio
1577 867 1809 911 Societatis
1832 868 1937 910 Jesu

170 937 431 990 Theolog0²².

284 1011 473 1046 Probabile
509 1013 573 1053 est,
609 1010 703 1045 hanc
738 1010 929 1056 epistulam
957 1011 1050 1044 inter
1080 1011 1132 1044 14.
1152 1011 1188 1043 et
1214 1009 1269 1044 21.
1290 1009 1471 1044 Februarii
1502 1008 1592 1043 1573
1629 1009 1748 1044 datam
1768 1021 1866 1050 esse;
1902 1009 1938 1044 in

166 1066 287 1101 codiee
313 1065 406 1099 enim
441 1065 477 1099 hi
506 1065 581 1099 dies
616 1064 754 1099 duabus
781 1064 954 1109 epistulis,
992 1075 1083 1108 quae
1118 1062 1210 1097 hano
1240 1063 1401 1108 proxime
1428 1062 1645 1096 antecedunt
1671 1065 1705 1096 et
1731 1067 1938 1107 sequuntur,

167 1119 314 1164 ascripti
340 1120 443 1159 sunt;
481 1118 547 1152 hoo
574 1120 695 1152 autem
730 1117 863 1152 litteris
888 1117 945 1152 27.
975 1116 1196 1162 Septembris
1226 1116 1315 1150 1573
1351 1127 1371 1149 a
1398 1115 1564 1150 Plautino
1590 1116 1710 1150 missis
1740 1116 1858 1159 (infra,
1886 1128 1939 1161 ep.

172 1173 275 1217 1853)
304 1174 440 1207 certum
468 1172 642 1206 efficitur:
670 1171 757 1205 Eam
784 1183 814 1205 a.
837 1171 927 1205 1573
956 1182 1040 1204 vere
1067 1173 1129 1204 aut
1155 1171 1294 1203 aestate
1321 1169 1441 1202 datam
1470 1180 1559 1203 esse.

168 1274 323 1312 1836.
423 1275 639 1310 CANISlUS
675 1274 736 1310 P.
766 1271 1221 1310 THEODORICO
1252 1271 1532 1309 GANISIO
1563 1272 1616 1309 S.
1645 1272 1698 1308 J.
1717 1297 1727 1316 ,
1765 1274 1940 1307 universi-

358 1330 446 1364 tatis
473 1329 688 1373 collegiique
717 1328 891 1372 dilingani
918 1328 1059 1362 rectori.

534 1389 724 1423 Monaehio
751 1389 809 1423 vel
837 1388 1038 1433 Oeniponte
1065 1387 1158 1421 inter
1183 1386 1275 1421 med.
1301 1386 1404 1421 Febr.
1431 1389 1467 1421 et
1495 1387 1630 1420 ineunt.
1657 1386 1762 1420 Mart.
1794 1386 1893 1421 1573.

288 1461 343 1496 Ex
370 1460 596 1506 autographa
614 1460 824 1495 Theodorici
851 1459 1017 1504 epistula,
1046 1469 1138 1503 quae
1157 1459 1212 1492 est
1230 1457 1409 1491 Monachii
1427 1456 1463 1491 in
1482 1457 1628 1492 archivo
1648 1458 1750 1501 regni
1770 1457 1940 1498 bavarici,

171 1516 254 1550 Cod.
287 1515 372 1558 „les.
399 1515 476 1558 Ing.
505 1514 650 1555 1359s1“
685 1514 745 1554 (cf.
776 1514 901 1548 Canu
928 1512 989 1556 Lv)
1018 1513 1042 1546 f.
1064 1511 1264 1546 326—327.

290 1577 343 1609 De
368 1575 560 1608 Brunnero
586 1574 752 1607 ministro
777 1574 994 1617 zwinyliano
1021 1573 1068 1605 ad
1093 1573 1194 1614 fidem
1214 1571 1430 1605 vatholoemn
1460 1573 1654 1614 aspirante.

287 1659 336 1700 P.
377 1659 657 1700 Theodoriczcs
693 1657 892 1698 Canisius
926 1657 1103 1710 Dilmqa
1138 1657 1205 1697 19.
1231 1656 1384 1697 Martii
1418 1655 1534 1696 1573
1567 1655 1840 1696 Monaclzium
1883 1654 1942 1694 ad

171 1725 379 1767 Simonem
419 1724 695 1765 Thada'aeum
731 1723 923 1775 Eekium)
968 1721 1131 1763 Alberti
1155 1721 1196 1763 V.
1236 1721 1451 1761 Bavariae
1491 1720 1611 1761 dacis
1644 1720 1940 1761 cancellarium

169 1790 526 1844 praecipuumque
567 1789 882 1841 consiliarium,
926 1789 1088 1829 litteras
1128 1787 1262 1838 misit,
1306 1787 1351 1827 in
1393 1786 1543 1840 quibus
1581 1786 1681 1826 haec
1724 1787 1943 1839 Ζεφυρίων.-

177 1855 296 1904 „Non
328 1856 390 1896 ita
421 1855 586 1909 pridem
621 1855 790 1909 scripsit
822 1853 881 1894 acl
913 1867 975 1894 me
1007 1853 1162 1894 Doctor
1193 1851 1345 1892 Petrus
1380 1852 1578 1892 Ccmisius
1617 1850 1758 1902 frater
1789 1855 1940 1902 hoster,

148 1930 213 1962 ‘se
258 1935 348 1962 cum
382 1920 700 1974 sslaqnzfficentia
752 1919 797 1961 T.
833 1933 987 1972 coram,
1035 1919 1085 1959 de
1130 1917 1311 1972 quodam
1355 1916 1524 1957 ιῙοαηηε
1564 1916 1805 1969 Βνιιηηθνο,
1849 1930 1940 1956 eon-

177 1987 388 2027 cionatore
419 1986 682 2040 Zioihyliano
716 1986 758 2026 in
800 1984 1064 2037 Turqauia‘,
1104 1983 1177 2037 qni
1210 1981 1267 2023 aci
1296 1981 1418 2035 fidem
1457 1981 1713 2023 Catholicam
1747 1982 1947 2023 ardenter

175 2053 347 2105 aspiret,
378 2050 659 2104 familiariter
691 2051 831 2105 eqisse,
866 2051 1052 2105 adeoque
1086 2048 1202 2102 apud
1234 2061 1324 2089 eam
1360 2047 1407 2087 id
1431 2046 1623 2100 effecisse,
1657 2052 1695 2088 vt
1717 2048 1754 2088 si
1776 2047 1946 2102 quando

176 2117 420 2171 Neophytus
443 2117 509 2157 hic
534 2118 576 2156 ih
600 2116 841 2157 Bauariam
866 2129 957 2156 cum
981 2128 1104 2156 vatore
1129 2118 1162 2154 et
1184 2112 1339 2165 libet-53,
1372 2127 1471 2167 quos
1504 2113 1607 2154 a'uos
1629 2112 1761 2163 habet,
1795 2114 1946 2162 veniat,

174 2183 389 2223 honestam
431 2181 511 2222 sibi
544 2182 820 2222 conditionem
863 2194 946 2221 ozon
982 2179 1228 2233 defecturam
1273 2183 1380 2219 certo
1410 2192 1662 2232 persuasam
1696 2178 1870 2218 habeat:
1911 2179 1948 2218 si

175 2253 315 2289 tamen
357 2248 549 2288 haereses
589 2248 713 2302 prius
755 2260 894 2287 omnes
937 2245 1115 2296 abiut-et,
1160 2249 1194 2285 et
1234 2244 1469 2285 Catholicae
1504 2244 1607 2296 fidei
1645 2242 1945 2297 professionem

175 2313 324 2365 faciat.
375 2313 540 2366 Scripsi
562 2326 630 2366 eqo
653 2312 763 2353 ham
796 2311 848 2352 D.
876 2311 1043 2364 Canisij
1072 2310 1320 2351 sententiam
1354 2308 1607 2350 salvabilem
1632 2310 1768 2350 virum
1797 2308 1851 2350 D.
1878 2308 1947 2350 Se-

178 2378 420 2419 bastianum
460 2378 511 2418 ab
548 2377 847 2432 Herpsthaim,
886 2377 1142 2417 Canonicum
1180 2375 1559 2425 Constantlensem,
1593 2375 1665 2428 qui
1694 2374 1948 2428 peculiarem

176 2445 303 2485 huius
330 2443 537 2498 Neophyti
569 2456 717 2483 curam
752 2443 794 2483 in
828 2456 870 2483 se
902 2443 1104 2496 recepisse
1138 2441 1315 2482 ridetur.
1364 2439 1416 2481 Js
1437 2441 1582 2480 literas
1615 2444 1844 2493 postremas
1870 2452 1947 2480 vna

177 2523 269 2552 cum
308 2508 495 2561 formula
536 2508 659 2562 fidei)
706 2508 840 2562 ipsius
881 2507 1108 2561 Neophyti,
1155 2506 1212 2547 ad
1254 2519 1328 2546 nos
1371 2506 1709 2545 transmisit...
1775 2504 1950 2546 Videtur

178 2574 434 2615 Brmmerus
476 2575 551 2614 iste
582 2587 729 2626 araeve
771 2577 807 2613 et
839 2573 970 2613 latine
1002 2586 1085 2613 woh
1118 2571 1349 2624 vulyariter
1382 2571 1537 2620 doetus,
1582 2575 1700 2611 acuto
1730 2574 1949 2624 praeterea

179 2645 215 2681 et
247 2653 348 2681 raro
381 2639 583 2692 inqenio.“
641 2638 782 2689 Quare
812 2638 1096 2679 Ueeodoricus
1120 2637 1297 2679 Eekxium
1331 2650 1405 2690 per
1439 2636 1596 2677 Christi
1631 2649 1811 2676 amorem
1845 2635 1949 2677 ohte-

179 2709 328 2756 statur,
364 2709 407 2744 ut
446 2704 661 2745 Brzlmzeri
695 2717 867 2744 causam
901 2703 984 2744 sibi
1016 2702 1166 2744 habeat
1199 2701 1543 2743 commendatam.

300 2785 444 2818 Petrum
473 2784 653 2819 Canisium
692 2795 769 2818 cum
800 2783 910 2817 Eckio
938 2784 980 2818 de
1010 2783 1192 2816 Brunnero
1221 2782 1435 2823 (l‘ruunero)
1476 2782 1594 2825 egisse
1621 2783 1706 2826 puto
1733 2781 1848 2815 medio
1876 2781 1951 2814 fere

183 2838 384 2878 Februario,
412 2849 490 2871 cum
509 2837 689 2871 Monachii
711 2837 888 2882 pontificis
906 2837 1085 2880 legatione
1105 2836 1197 2880 apud
1217 2836 1343 2869 ducem
1370 2836 1582 2878 fungeretur
1603 2834 1652 2878 (v.
1672 2845 1781 2879 supi-a
1800 2846 1832 2879 p.
1855 2835 1948 2877 110).

300 2915 328 2944 a)
349 2915 508 2940 Plautinus
526 2915 600 2939 hanc
620 2914 837 2946 inscriptionem
861 2914 888 2938 in
910 2914 1004 2945 eapile.
1025 2913 1226 2937 commentarii
1246 2912 1374 2943 scripsit.

307 3003 313 3021 ¹
341 3002 534 3047 *Epistula
570 3002 795 3046 autographa
827 3002 1063 3044 „Hi'ittlingae
1091 3002 1123 3035 in
1159 3000 1359 3043 Turgauia⁴⁴
1393 2999 1590 3042 (Tliurgau,
1628 3002 1722 3032 terra
1755 2998 1950 3041 lielveiica)

185 3057 214 3091 1.
236 3056 356 3090 Martii
378 3056 467 3090 1573
494 3067 514 3089 a
535 3057 726 3089 Brmmero
754 3055 797 3089 ad
825 3055 1077 3089 Sebastianum
1100 3054 1144 3088 ab
1164 3053 1397 3098 Herpstliaim
1425 3052 1644 3087 cathedralis
1671 3052 1844 3086 ecclesiae
1873 3063 1952 3085 con-

184 3109 394 3144 stantiensis
430 3109 637 3143 canonicum
665 3111 701 3143 et
731 3109 884 3151 „Montis
911 3108 1064 3142 Olineti‘
1097 3098 1311 3150 ('O⁰lenberg)
1342 3106 1584 3151 praepositum
1612 3105 1695 3139 data
1731 3108 1852 3139 exstat
1879 3104 1952 3138 Mo·

184 3162 302 3196 naehii
329 3163 364 3197 in
392 3161 538 3196 archivo
566 3162 665 3206 regni
694 3162 862 3203 hav-arici,
891 3161 1020 3196 Jesuit.
1048 3160 1195 3205 Ingolst.
1228 3160 1369 3201 1359sli
1396 3160 1420 3193 f.
1440 3160 1484 3194 65
1511 3160 1568 3194 66.
