2051 3433
180 161 264 200 546
675 156 779 191 2061.
808 156 974 191 Canisius
1003 156 1184 190 Everardo
1212 156 1448 190 Mercuriano.

179 292 308 331 quum
342 278 453 319 hanc
485 279 678 318 nostram
713 290 818 329 erga
851 290 897 318 se
928 276 1285 330 ingratitudinem
1319 279 1501 330 experta
1523 290 1654 330 saepe
1686 277 1830 326 fuerit,
1864 291 1948 318 non

180 357 226 385 se
260 357 411 397 parum
445 341 596 394 affligi,
640 344 685 383 et
724 341 776 383 de
808 342 900 383 solo
934 341 1140 383 mutando
1173 340 1388 383 interdum
1423 341 1652 394 cogitasse,
1695 342 1771 384 sed
1804 346 1949 384 tamen

180 422 226 450 se
260 408 427 450 cauisse
460 420 643 460 semper,
678 419 733 447 ne
764 420 866 448 suas
901 407 1102 459 querelas
1125 405 1358 448 Archiduci
1390 405 1544 448 fratri¹
1570 411 1646 449 aut
1668 408 1832 449 exteris
1854 407 1951 460 alijs

180 475 430 528 exponeret.
497 473 591 524 Ego
625 485 728 513 vero
770 475 818 514 ut
859 472 993 525 potui,
1039 471 1196 512 blanda
1237 471 1434 513 oratione
1467 475 1727 514 commotum
1761 472 1949 513 animum

182 538 374 592 Reginae
407 537 590 592 placaui,
624 539 882 589 nostrosque
915 536 1112 589 purgaui‚
1147 539 1191 578 et
1223 536 1349 577 simul
1382 536 1516 586 oraui,
1551 542 1598 579 vt
1630 537 1796 590 priores
1819 537 1952 578 offen-

180 605 324 645 siones
357 617 506 645 omnes
529 605 575 644 et
596 601 893 644 solicitudines
915 602 1036 652 istas,
1071 616 1122 643 ac
1145 601 1413 655 suspiciones
1435 601 1581 643 uarias
1603 601 1775 643 omnino
1798 601 1955 643 missas

180 670 359 717 faceret,
404 672 473 711 eta
515 681 692 721 prorsus
727 681 783 709 ex
815 667 958 709 animo
991 681 1068 708 suo
1111 667 1274 708 eiectas
1307 666 1525 720 sepeliret,
1568 666 1781 720 simulque
1814 673 1954 709 mater

181 738 226 777 et
251 735 441 776 Patrona
462 735 708 774 nostrorum
737 746 833 774 esse
866 735 1081 786 pergeret,
1114 746 1193 773 nos
1227 731 1398 784 quidem
1422 731 1565 773 officio
1583 734 1731 774 nostro
1755 736 1799 774 et
1820 732 1954 785 ipsius

180 799 438 842 fundatricis
481 797 773 852 expectationi
817 797 990 839 minime
1033 797 1258 839 defuturos
1292 796 1461 839 Christo
1493 796 1699 851 propicio.
1762 797 1953 839 Tandem

182 865 344 907 nostris
376 864 451 905 illa
475 863 590 905 votis
623 862 825 913 assensit,
859 876 993 915 seque
1024 862 1210 904 libenter
1233 861 1573 904 condonatur-am
1598 862 1720 911 dixit,
1755 861 1953 915 quicquid

185 945 210 972 a
258 929 380 972 nobis
430 927 725 970 molestiarum
772 928 1061 982 percepisset,
1109 928 1308 980 quodque
1350 941 1428 968 nos
1471 926 1610 968 ueteri
1652 927 1958 969 beneuolentia

182 994 383 1049 prosequi
418 995 552 1036 uellet
585 993 795 1048 promisit.

302 1060 396 1113 Ego
429 1059 491 1101 510
524 1059 678 1109 sentio,
714 1058 925 1112 Reginam
960 1058 1071 1099 hanc
1103 1058 1140 1098 si
1172 1059 1350 1111 propter
1383 1070 1558 1099 causam
1593 1057 1738 1106 ullam,
1776 1059 1867 1098 tum
1903 1057 1957 1097 ob

182 1125 505 1168 Confessarium
539 1139 662 1166 suum
705 1124 786 1166 hac
819 1123 935 1165 affici
977 1123 1262 1177 aegritudine.
1326 1122 1499 1164 Acerba
1532 1125 1600 1164 est
1632 1126 1864 1174 manetque
1896 1122 1957 1162 illi

182 1192 402 1239 memoria,
447 1190 559 1243 quod
595 1190 639 1232 P.
673 1189 862 1231 Lanoius
905 1188 985 1230 hac
1017 1188 1248 1238 transiens,
1293 1188 1338 1229 P.
1364 1188 1410 1229 T.
1436 1187 1608 1228 nomine
1641 1187 1868 1236 monuerit,
1909 1190 1959 1228 vt

182 1257 300 1299 illum
325 1257 464 1311 ipsum
488 1254 838 1297 Confessariumb
870 1253 1031 1296 mutari
1064 1257 1301 1308 pateretur,
1335 1252 1534 1305 quodque
1557 1252 1775 1306 repulsam
1808 1252 1959 1294 tulerit

183 1336 260 1377 pro
294 1322 444 1364 eodem
476 1320 764 1369 intercedens,
801 1323 849 1362 vt
870 1320 965 1374 ipsa
988 1319 1120 1361 etiam
1144 1318 1350 1360 defuncta
1383 1331 1406 1359 e
1432 1318 1522 1359 suis
1554 1317 1733 1359 aedibus
1754 1318 1816 1359 illi
1839 1317 1959 1359 cibus

183 1388 349 1430 aulicus
382 1387 580 1441 praeberi
614 1389 774 1440 posset.
828 1384 967 1427 Auxit
1000 1383 1372 1439 perturbationem
1400 1382 1590 1424 fortasse
1613 1383 1818 1437 Princeps
1841 1382 1958 1425 Guil-

183 1453 392 1503 helmus2,
427 1467 556 1506 quum
590 1455 694 1494 ante
726 1465 888 1505 paucos
920 1464 1091 1492 menses
1122 1449 1241 1491 illam
1276 1449 1417 1490 Halae
1448 1448 1671 1498 inuiseret,
1714 1462 1765 1490 ac
1798 1449 1850 1489 de
1883 1462 1959 1489 suo

185 1519 315 1561 etiam
360 1517 663 1560 Confessario3
704 1516 818 1570 apud
858 1515 978 1558 illam
1020 1517 1185 1568 ageret,
1229 1514 1341 1557 sicut
1385 1513 1488 1554 mihi
1531 1527 1675 1555 coram
1718 1513 1837 1555 fassa
1878 1516 1958 1555 est.

184 1584 369 1637 Vtrique
383 1582 571 1637 Principi
587 1586 712 1625 tanto
726 1582 867 1623 minus
886 1580 1193 1630 satisfacimus,
1210 1593 1293 1633 quo
1309 1579 1449 1633 magis
1463 1578 1753 1620 necessariam
1771 1578 1959 1620 instituti

184 1649 320 1692 nostri
354 1648 626 1702 disciplinam
650 1646 897 1696 defendere,
931 1649 975 1688 et
1006 1660 1162 1687 nouam
1187 1645 1297 1687 hanc
1330 1644 1567 1686 aulicorum
1590 1643 1959 1686 Confessariorum

184 1714 403 1757 licentiam
429 1727 629 1755 coercere
652 1712 889 1755 studemus,
931 1711 1077 1764 Atque
1099 1710 1342 1752 huiusmodi
1367 1712 1507 1752 tetros
1531 1709 1711 1760 fructus,
1735 1712 1784 1751 ut
1806 1721 1962 1750 vereor

185 1780 326 1835 plane,
352 1781 406 1821 ab
432 1779 551 1821 istisc
570 1777 869 1831 Confessarijs,
903 1777 1025 1819 uelut
1047 1790 1130 1817 non
1154 1775 1329 1829 optimis
1361 1775 1602 1823 arboribus,
1637 1774 1776 1827 magis
1798 1773 1959 1827 magis-

185 1859 269 1898 que
301 1844 438 1886 indies
471 1843 724 1897 colligemus
737 1844 765 1885 4.
814 1843 974 1884 Pareat
1005 1841 1090 1883 illis
1123 1843 1168 1883 et
1200 1839 1471 1894 Principibus
1502 1839 1747 1881 misericors
1769 1839 1900 1881 Deus.

305 1910 511 1953 Fortasse
554 1923 640 1950 non
685 1909 764 1950 abs
796 1922 842 1950 re
887 1907 1033 1956 fuerit,
1080 1905 1264 1948 blandas
1308 1905 1364 1947 ad
1405 1905 1619 1958 Reginam
1661 1904 1813 1947 literas
1856 1904 1962 1952 dari,

186 1976 399 2028 simulque
432 1975 484 2017 de
517 1974 730 2016 confectis
770 1972 1037 2015 fundationis
1078 1971 1217 2013 literis
1250 1971 1322 2024 agi
1354 1971 1536 2024 gratias,
1576 1983 1706 2022 quum
1738 1969 1781 2011 in
1814 1969 1963 2011 urbem

186 2044 314 2084 erunt
346 2040 522 2091 allatae,
556 2054 607 2081 ac
639 2039 765 2081 simul
798 2039 884 2081 tria
916 2052 992 2092 pro
1026 2036 1272 2078 fundatrice
1304 2050 1430 2077 sacra
1461 2035 1537 2076 illa
1570 2034 1832 2076 celebranda
1863 2047 1964 2088 pro-

186 2106 342 2149 mitti5.
408 2105 670 2148 Benedictus
703 2105 833 2154 Deus,
868 2103 981 2157 quod
1014 2103 1139 2144 huius
1172 2101 1342 2155 collegij
1367 2100 1574 2142 Halensis
1605 2099 1803 2142 fundatio
1837 2100 1963 2140 finem

187 2171 419 2226 acceperit,
464 2170 606 2212 minus
647 2173 695 2213 ut
735 2169 779 2211 in
821 2183 871 2211 eo
914 2167 1199 2211 laborandum
1241 2166 1300 2209 sit
1340 2180 1452 2208 nouo
1496 2165 1763 2208 Prouintiali.
1838 2164 1964 2206 Certe

189 2238 233 2280 P.
259 2237 441 2279 Hoffaeo
474 2235 623 2279 multis
654 2234 911 2288 magnisque
944 2232 1156 2285 molestijs
1189 2246 1241 2274 ea
1275 2245 1344 2273 res
1376 2231 1587 2281 constitit,
1621 2230 1877 2284 praesertim
1913 2229 1966 2271 ob

188 2303 461 2356 frequentem
494 2301 614 2343 illam
638 2300 911 2343 consiliorum
936 2297 1236 2347 mutationem,
1271 2311 1398 2350 quam
1422 2297 1464 2338 in
1492 2296 1573 2338 hac
1602 2295 1848 2337 fundatrice
1871 2294 1967 2348 plus

188 2369 297 2410 satis
330 2370 539 2422 expertus
571 2369 651 2409 est.
706 2366 901 2407 Eandem
935 2366 980 2406 et
1012 2377 1091 2405 nos
1124 2376 1274 2404 omnes
1297 2362 1343 2404 P.
1368 2362 1416 2404 Τ.
1440 2361 1663 2415 sacrificijs
1690 2363 1735 2402 et
1767 2360 1966 2414 precibus

187 2433 231 2474 in
264 2432 435 2474 Christo
470 2431 698 2486 plurimum
734 2429 1097 2472 commendamus.
1163 2428 1393 2482 (leniponti
1428 2428 1484 2467 26
1516 2426 1621 2479 Julij
1660 2427 1784 2468 1580.

1207 2499 1424 2551 ,Jndignus
1456 2497 1570 2539 filius
1601 2497 1645 2538 in
1677 2497 1847 2538 Christo

1319 2564 1477 2605 Petrus
1510 2562 1719 2604 Canisius.

309 2652 337 2676 a)
361 2650 420 2673 Hoc
443 2657 464 2672 v.
485 2657 578 2679 snpra!
603 2656 715 2672 versum
736 2648 877 2678 scriptum
899 2651 948 2670 est.
1042 2645 1071 2675 b)
1097 2647 1154 2669 Πομ
1177 2654 1198 2669 ι’.
1220 2654 1236 2669 ιι
1259 2648 1287 2669 (γ’.
1310 2646 1337 2668 in
1368 2644 1500 2675 mmyim’
1527 2644 1660 2667 additam
1682 2647 1731 2666 nst.
1826 2644 1850 2666 cl
1874 2643 1918 2663 Sin·
1940 2644 1968 2665 ’,ζ

190 2691 317 2715 rori-arie
340 2699 374 2714 ω·
396 2688 569 2714 huiusmodi

192 2787 317 2818 contra
344 2784 434 2817 vitia
462 2784 638 2827 quaedam
666 2783 802 2826 absque
830 2784 947 2816 fructu
977 2781 1169 2823 insurgant
1195 2783 1399 2813 nostrorum
1429 2784 1464 2812 et
1492 2786 1721 2812 externorum
1749 2780 1786 2810 ut
1815 2778 1969 2810 fortasse

192 2838 227 2870 in
263 2837 329 2871 hoc
364 2849 450 2871 casu
487 2837 632 2882 paulino
660 2837 804 2870 videtur
830 2835 1005 2870 accidisse
1032 2837 1068 2868 et
1094 2834 1201 2868 simul
1237 2833 1271 2866 in
1300 2833 1377 2877 ipso
1414 2831 1566 2875 reginali
1594 2834 1660 2865 etc.
1715 2831 1765 2864 lta
1793 2831 1968 2865 Lanatus.

192 2890 379 2924 Hoffaeum
419 2892 456 2924 et
482 2890 666 2924 Canisium
701 2890 842 2923 nomine
873 2887 1159 2931 „columnarium
1193 2887 1254 2929 (cf.
1284 2886 1351 2920 Gal
1387 2886 1419 2923 2,
1455 2887 1492 2926 9)
1530 2884 1740 2927 significans
1776 2894 1969 2926 eorumque

197 2943 504 2985 ,vehementiam“
536 2943 695 2976 nonnihil
724 2942 930 2987 improbans
958 2942 1019 2985 (ex
1048 2944 1207 2983 autogr.:
1236 2940 1356 2973 Germ.
1380 2938 1445 2973 138
1473 2938 1495 2971 f,
1518 2938 1630 2980 376⁸).

319 2997 326 3015 ¹
355 2996 578 3030 Ferdinando
609 2996 650 3029 ll.
670 2996 821 3040 principi
848 2994 979 3028 Tirolis
1006 2997 1074 3028 ete..

314 3049 327 3068 ²
353 3049 569 3083 Guilielmus
583 3049 623 3083 V.
639 3049 813 3083 Bavariae
829 3049 913 3089 dux,
929 3048 1030 3082 cuius
1044 3050 1160 3081 mater
1171 3047 1274 3080 Anna
1292 3057 1359 3079 una
1376 3048 1454 3079 erat
1468 3057 1512 3078 ex
1527 3043 1764 3087 Magdalenae
1778 3042 1970 3076 sororibus.

315 3103 327 3121 ³
356 3102 392 3135 P.
412 3101 597 3136 Dominico
625 3103 805 3145 Mengino.
952 3103 965 3121 ⁴
992 3100 1046 3135 Cf.
1067 3100 1118 3133 Mt
1146 3100 1177 3134 7.
1208 3099 1366 3139 15-20;
1396 3098 1450 3137 12,
1478 3098 1542 3139 333
1571 3097 1620 3130 Lc
1646 3097 1666 3130 6
1692 3096 1738 3129 43
1764 3098 1821 3130 44.

315 3156 327 3174 ⁵
354 3155 405 3189 De
432 3155 488 3188 his
514 3155 628 3189 sacris
656 3158 699 3189 ab
727 3155 890 3189 munibus
919 3153 1110 3188 Societatis
1128 3153 1376 3186 sacerdotibus
1405 3150 1579 3185 faciendis
1603 3162 1635 3183 v.
1659 3152 1745 3183 Gari.
1767 3149 1814 3182 Ill
1844 3149 1923 3182 353.
