2062 3443
566 141 732 182 Augusta
752 138 1015 172 vindelicorum
1047 137 1099 170 14.
1121 136 1204 171 Maii
1236 136 1335 171 1580.
1750 137 1832 178 537

187 259 302 293 Huius
328 257 506 302 epistulae
535 256 699 291 ultimum
728 258 847 300 caput,
875 254 966 298 quod
995 253 1036 287 de
1057 253 1356 296 Friburgensibus
1383 256 1417 286 et
1437 253 1479 286 de
1502 252 1627 286 loanne
1647 251 1837 285 Francisco

67 312 262 348 Bonhomio
289 311 455 356 episcopo
485 309 695 344 vercellensi
732 314 768 343 et
794 307 988 353 apostolico
1016 307 1108 351 apud
1139 306 1325 340 Helvetios
1357 306 1480 340 nuntio
1507 309 1572 342 est.
1610 305 1749 349 plenius
1776 316 1837 338 ex-

67 366 268 411 plicandum
295 375 374 398 esse
395 363 538 397 videtur
565 366 709 408 propter
727 374 779 401 ea,
806 373 898 406 quae
925 363 1048 405 postea
1075 360 1167 393 inter
1194 360 1258 393 lios
1277 364 1310 393 et
1331 360 1511 394 Canisium
1532 361 1634 392 erant
1653 361 1838 391 eventura.

189 425 216 458 l.
245 425 297 458 Ac
324 423 488 466 primum,
515 423 606 466 quod
635 422 677 455 ad
698 421 889 455 Societatis
915 419 1105 461 collegium
1128 419 1291 461 Friburgi
1313 419 1557 453 Helvetiorum
1578 417 1837 451 instituendum

67 479 206 516 attinet,
235 477 271 510 P.
293 478 468 519 Hoffaeus
494 474 724 520 provincialis
744 475 909 517 Augusta
933 474 972 506 16
1006 472 1094 506 Iunii
1117 473 1208 507 1580
1228 472 1314 506 haec
1334 473 1376 506 ad
1399 471 1660 505 Mercurianum
1682 470 1838 504 *iei'ert:

71 532 227 574 „Octauo
255 529 338 574 Maij
367 529 448 562 hinc
478 529 673 572 Lucernam
701 527 851 562 discessi
878 530 911 560 et
943 527 994 560 15.
1016 525 1114 569 Junij
1146 525 1304 559 Lucerna
1334 525 1401 559 huc
1429 535 1596 558 reuersus
1618 535 1716 558 sum:
1745 523 1837 556 Visi-

65 583 238 616 tationem
276 582 374 616 illius
409 582 559 626 Collegi-j
600 581 735 615 interea
775 580 934 623 absoluj,
973 578 1152 622 simulque
1193 578 1543 612 Reuerendissimum
1576 576 1838 610 Vercellensem

67 636 268 681 expectaui,
296 639 555 680 expectaturus
574 635 723 668 eundem
749 634 857 668 etiam
877 633 1010 666 diutius
1038 633 1103 666 nisi
1132 644 1173 665 ea
1201 632 1450 675 cognouissem
1471 632 1513 664 de
1534 630 1718 673 &ihm-go,
1746 640 1838 673 quae

68 701 163 724 nunc
196 689 255 723 hic
290 688 526 723 subscribam.
591 688 783 731 Postquam
820 687 1017 720 Lucernam
1059 685 1159 723 veni,
1200 685 1392 719 contestati
1432 684 1517 719 mihi
1556 687 1641 717 sunt
1679 682 1839 727 primarij

66 743 180 777 nostri
216 742 362 776 Patroni
399 745 432 775 et
470 742 610 785 quidem
649 741 820 778 dolenter.
857 739 1133 782 Friburgensem
1162 739 1331 773 Senatum
1369 739 1526 772 animum
1554 741 1590 771 et
1617 737 1838 770 voluntatem

67 798 251 830 mutasse¹
281 795 326 834 (si
353 800 473 829 tamen
502 806 659 838 vnquam
680 794 771 828 serio
791 805 867 827 eam
898 792 1119 826 voluntatem
1141 795 1224 826 ante
1251 792 1469 833 habuerunt)
1490 791 1532 825 de
1551 790 1720 833 erigendo
1740 790 1841 824 nobis

67 849 236 892 Collegio.
272 849 364 893 quod
393 848 533 892 quidem
564 847 762 891 Collegium
799 847 886 880 adeo
922 846 1026 880 auide
1053 846 1243 890 cupierunt
1271 845 1500 884 Lucet-nates.
1536 847 1575 877 vt
1612 844 1645 877 in
1672 855 1736 877 suo
1764 842 1840 877 Col-

67 902 160 947 legio
186 905 373 947 optassent
400 901 517 946 potius
537 901 578 934 ad
604 905 746 945 tempus
765 899 920 943 aliquam
941 910 1172 944 personarum
1201 899 1375 932 iacturam
1403 898 1496 932 ferre
1523 908 1627 941 quam
1648 898 1841 941 quicquam

70 956 195 990 amicis
215 955 514 998 Friburgensibus
529 966 550 988 a
564 954 666 988 nobis
684 953 820 997 negari,
837 953 927 997 quod
944 953 1079 986 scirent
1097 953 1220 996 quanti
1238 952 1387 986 referret
1406 951 1610 985 conseruari
1631 951 1664 984 in
1686 950 1753 984 fide
1768 950 1840 983 Fri-

69 1010 232 1053 burgum,
245 1008 338 1052 quod
352 1008 509 1052 Vndique
525 1019 545 1041 a
560 1007 654 1052 lupis
669 1007 881 1041 caluinianis
896 1006 1154 1039 circumdatum
1167 1008 1232 1039 est.
1254 1005 1468 1039 Existimaui
1484 1004 1595 1047 igitur
1608 1003 1694 1037 mihi
1706 1003 1841 1047 aliquid

68 1074 147 1097 esse
172 1061 387 1098 faciendum.
416 1064 456 1094 vt
474 1073 543 1105 quo
563 1061 679 1095 animo
699 1062 820 1094 essent
840 1059 1098 1102 Friburgenses
1117 1058 1250 1092 certius
1269 1070 1533 1101 cognoscerem.
1573 1058 1704 1091 Breues
1731 1056 1843 1100 igitur

68 1117 112 1150 ad
127 1116 296 1150 Senatum
315 1115 587 1158 Friburgensem
606 1114 765 1148 Lucerna
785 1113 872 1153 dedi,
893 1113 1022 1156 quibus
1041 1112 1136 1146 aliud
1157 1112 1242 1145 nihil
1264 1112 1478 1155 significauiy
1497 1123 1602 1155 quam
1623 1111 1689 1144 hoc
1708 1110 1841 1144 solum:

69 1181 125 1204 me
151 1169 318 1203 nimirum
345 1169 439 1202 serio
458 1180 499 1202 ac
517 1169 661 1211 saepius
680 1179 724 1201 ex
745 1167 831 1201 vrbe
850 1167 1022 1200 monitum
1043 1177 1132 1206 esse,
1161 1169 1200 1199 vt
1220 1166 1417 1200 Lucernam
1438 1177 1493 1198 me
1512 1166 1721 1205 conferrem,
1748 1163 1843 1197 velle

69 1223 162 1257 enim
180 1222 439 1265 Friburgenses
455 1220 652 1264 Collegium
673 1220 821 1264 erigere.
851 1220 907 1253 Me
927 1219 1037 1263 igitur
1053 1219 1235 1253 Lucernae
1254 1219 1402 1253 haerere
1420 1222 1455 1252 et
1475 1218 1672 1262 visitationj
1693 1229 1841 1252 vacare:

69 1276 138 1321 ipsi
169 1277 198 1310 si
227 1275 310 1320 quid
338 1286 394 1309 me
420 1274 567 1313 vellent,
603 1274 715 1308 sicubi
753 1285 807 1307 me
834 1284 979 1307 manere
1016 1276 1079 1307 aut
1104 1272 1212 1307 etiam
1241 1284 1309 1316 quo
1345 1283 1401 1306 me
1429 1271 1551 1305 venire
1577 1272 1708 1316 quidue
1735 1282 1843 1314 agere

69 1329 216 1370 vellent,
235 1340 291 1363 me
311 1340 449 1371 rogare,
477 1331 517 1361 vt
535 1327 601 1362 lioc
620 1327 705 1361 mihi
725 1327 878 1370 benigne
897 1326 1164 1370 responderent.
1197 1325 1470 1370 Responderunt
1488 1325 1599 1368 igitur
1616 1325 1670 1359 sic
1688 1325 1843 1369 quidem,

68 1386 109 1417 vt
135 1383 270 1416 nollent
304 1382 496 1426 quicquam
525 1382 558 1415 in
594 1392 705 1415 causa
732 1379 873 1424 collegij
902 1379 1055 1424 amplius
1082 1379 1177 1423 fierj;
1204 1380 1301 1413 sicut
1327 1379 1467 1413 illorum
1495 1378 1690 1422 originales
1716 1378 1843 1412 literae

69 1437 197 1470 docent
223 1447 313 1480 quas
333 1435 440 1469 simul
466 1434 523 1469 hic
550 1435 653 1468 mitto
680 1437 715 1468 et
743 1433 882 1467 illarum
911 1433 1115 1477 exemplum
1143 1433 1305 1473 latinum,
1334 1435 1374 1466 vt
1404 1432 1441 1466 P.
1461 1431 1504 1466 V.
1524 1432 1559 1466 in
1586 1435 1753 1477 promptu
1782 1431 1842 1465 ha-

69 1490 152 1524 beat·
178 1501 247 1533 quo
282 1500 320 1522 se
355 1499 529 1522 excusare
565 1489 645 1522 istic
682 1487 805 1532 possit.
858 1486 1037 1531 Respondj
1078 1498 1144 1529 ego
1188 1489 1312 1531 postea
1341 1485 1499 1525 Senatui,
1537 1485 1674 1528 gratias
1705 1484 1844 1528 agendo

70 1543 164 1587 quod
200 1542 266 1576 hac
294 1553 379 1575 cura
404 1552 469 1575 nos
504 1541 730 1579 liberassent.
766 1551 786 1574 a
813 1551 883 1583 qua
909 1539 952 1574 ob
988 1539 1170 1573 hominum
1205 1539 1389 1585 penuriam
1426 1550 1491 1573 nos
1518 1539 1751 1573 vehementer
1785 1538 1843 1572 ab·

71 1595 254 1630 horruisse
290 1601 326 1628 et
352 1594 441 1628 nihil
476 1605 622 1639 prorsus
650 1606 726 1627 eam
764 1604 976 1638 procurasse
1003 1592 1062 1627 vel
1089 1593 1289 1635 affectasse,
1325 1593 1459 1627 Romae
1485 1592 1587 1627 nobis
1616 1594 1730 1626 testes
1765 1603 1845 1626 esse

72 1649 106 1683 S.
126 1648 167 1683 D.
187 1648 359 1682 Nostrum
379 1650 415 1681 et
432 1647 709 1682 Jllustrissimos
729 1646 948 1687 Cardinales,
975 1646 1159 1680 Lucernae
1179 1658 1264 1680 vero
1282 1649 1397 1680 totum
1418 1646 1492 1680 fere
1510 1648 1688 1680 senatum.
1724 1646 1845 1679 Bonus

69 1701 227 1736 Nuntius
259 1701 489 1746 Apostolicus
527 1700 768 1735 Vercellensis
800 1700 946 1734 nimium
984 1711 1223 1745 praepropere
1259 1700 1352 1744 egit.
1389 1711 1454 1733 nec
1489 1699 1580 1734 satis
1616 1703 1740 1738 caute,
1777 1699 1844 1733 etsi

70 1755 153 1800 plus
171 1756 261 1790 satis
280 1755 472 1790 crediderit
490 1753 544 1799 ijs,
572 1765 662 1798 quos
680 1765 785 1788 nosse
803 1753 893 1788 satis
911 1754 1066 1787 nondum
1092 1754 1226 1798 potuit:
1254 1754 1467 1797 prudentius
1494 1754 1642 1787 fecisset
1660 1752 1689 1786 si
1710 1752 1845 1786 maiore

70 1808 218 1843 consilio
240 1819 327 1842 vsus
354 1808 494 1848 fuisset,
522 1810 557 1841 et
585 1819 648 1841 nec
674 1807 778 1841 nobis
804 1818 869 1841 nec
895 1807 1021 1841 amicis
1042 1807 1328 1841 Lucernensibus
1354 1806 1567 1841 inconsultis
1586 1806 1734 1840 Romam
1761 1817 1844 1840 mox

69 1873 214 1896 causam
251 1861 484 1896 deuoluisset.
543 1862 629 1894 Cum
667 1860 777 1904 igitur
814 1861 970 1894 viderem
1007 1872 1107 1905 spem
1146 1860 1282 1894 nullam
1320 1871 1510 1905 superesse
1545 1861 1656 1894 futuri
1694 1859 1845 1905 Collegij

70 1915 330 1959 Friburgensis,
366 1926 534 1949 reuersus
570 1925 648 1948 sum
685 1916 720 1947 in
747 1913 979 1955 Prouintiam,
1015 1926 1059 1948 ne
1094 1914 1123 1948 si
1163 1916 1393 1958 expectarem
1429 1913 1708 1954 Vei-cellensem,
1745 1916 1780 1947 et
1817 1913 1846 1947 is

70 1969 307 2014 importunius
345 1980 425 2002 cum
464 1967 763 2011 Friburgensibus
801 1979 857 2001 me
897 1970 1086 2012 praesente
1125 1978 1233 2011 agere
1268 1967 1388 2006 vellet,
1427 1968 1504 2001 sine
1539 1967 1660 2001 fructu
1696 1966 1775 2000 odio
1811 1970 1847 1999 et

69 2022 280 2067 suspicioni,
316 2033 358 2056 ac
395 2022 423 2055 si
461 2033 534 2055 rem
567 2021 764 2055 etiamnum
799 2021 1017 2059 affectarem,
1053 2032 1109 2055 me
1144 2023 1329 2065 totamque
1365 2020 1581 2054 Societatem
1617 2031 1845 2065 exponerem.

69 2076 210 2120 Reliqui
247 2079 367 2110 tamen
404 2075 527 2109 literas
555 2074 737 2108 Luccrnae
773 2086 835 2118 pro
863 2074 1176 2109 Reuerendissimo
1204 2074 1437 2113 Vercellensi,
1473 2074 1602 2118 quibus
1629 2074 1748 2107 abitus
1776 2075 1846 2108 mei

68 2141 215 2164 causam
242 2129 402 2174 exposuj,
438 2128 617 2172 simulque
653 2127 855 2172 significauj
893 2140 949 2162 me
984 2131 1150 2172 paratum
1186 2128 1272 2169 fore,
1309 2127 1338 2162 si
1375 2128 1459 2172 quid
1495 2127 1649 2172 amplius
1677 2127 1848 2161 mandare

69 2185 132 2217 aut
158 2195 213 2217 me
240 2183 348 2217 etiam
376 2193 544 2216 reuocare
564 2181 662 2215 velit.
706 2181 836 2215 Laetor
861 2181 939 2215 sine
966 2193 1044 2215 mea
1072 2181 1145 2215 vlla
1173 2181 1279 2226 culpa
1306 2181 1398 2215 hanc
1421 2192 1566 2215 causam
1594 2180 1661 2214 hoc
1687 2183 1847 2225 tempore

72 2237 266 2271 cecidisse:
305 2236 368 2270 vix
394 2236 487 2270 enim
517 2236 639 2269 credet
665 2234 704 2269 P.
725 2235 768 2268 V.
788 2237 924 2279 quanta
959 2235 1108 2279 penuria
1135 2235 1341 2268 idoneorum
1368 2235 1611 2279 operariorum
1649 2234 1737 2268 haec
1764 2234 1848 2267 Pro-

74 2291 189 2324 uintia
214 2289 371 2324 laboret‘
405 2289 467 2333 (ex
494 2291 650 2332 autog1·.;
679 2288 800 2323 Germ.
821 2288 888 2324 158
915 2288 938 2322 f.
960 2288 1207 2331 1852—1862).

187 2344 220 2377 2.
247 2343 321 2377 Nec
349 2354 434 2376 vero
461 2353 571 2376 causa
597 2341 740 2385 collegii
767 2341 1007 2385 friburgensis
1033 2342 1139 2375 unica
1163 2344 1240 2375 erat
1259 2341 1362 2382 ratio,
1389 2343 1535 2386 propter
1553 2352 1659 2385 quam
1681 2340 1849 2375 Canisius

68 2397 226 2441 optabat,
262 2408 306 2429 ne
333 2396 425 2430 Socii
453 2407 533 2429 cum
565 2395 758 2429 Bonliomio
790 2395 960 2437 „multum
996 2395 1171 2429 haberent
1207 2394 1425 2439 commercij,
1462 2395 1674 2439 praesertim
1703 2395 1737 2428 in
1764 2393 1848 2428 Hel-

195 2497 205 2518 ¹
231 2497 371 2531 Hoffaei
398 2496 541 2531 litterae
568 2496 734 2539 Friburgi
760 2495 794 2530 in
828 2495 994 2538 „consilio
1021 2495 1220 2530 cotidiano“
1250 2496 1423 2530 recitatae
1450 2498 1535 2530 sunt
1553 2496 1608 2530 26.
1628 2495 1714 2529 Maii
1737 2495 1848 2537 1580;

69 2553 255 2585 senatores
281 2554 401 2585 autem
429 2550 618 2584 dixerunt:
656 2550 882 2584 Lucernense
908 2549 1110 2592 collegium,
1147 2560 1226 2583 cum
1254 2561 1323 2583 non
1360 2549 1482 2594 plures
1508 2560 1615 2593 quam
1647 2550 1668 2583 6
1695 2549 1850 2584 Iesuitas

68 2603 228 2645 haberet,
256 2604 413 2638 maxima
440 2603 659 2649 reipublicae
686 2603 738 2637 illi
765 2602 946 2648 impendia
973 2605 1109 2642 facere;
1147 2614 1262 2646 neque
1288 2602 1400 2646 igitur
1435 2602 1527 2636 bona
1554 2602 1753 2637 marsensia
1780 2603 1849 2636 col-

71 2657 165 2701 legio
192 2657 357 2701 Friburgi
385 2657 622 2691 sustentando
644 2658 845 2701 suppetere,
872 2667 988 2700 neque
1008 2656 1278 2700 rempublicam,
1306 2656 1399 2699 quod
1418 2655 1500 2690 aliis
1520 2657 1589 2690 iam
1608 2659 1703 2690 esset
1723 2656 1850 2690 obruta

70 2711 247 2751 oneribus,
283 2711 474 2755 quicquam
502 2710 698 2754 adiungere
725 2721 849 2755 posse:
877 2709 955 2744 ideo
982 2709 1192 2754 provinciali
1221 2709 1506 2754 respondendum
1534 2720 1633 2744 esse:
1661 2709 1752 2743 Fieri
1780 2721 1849 2744 non

70 2775 185 2810 posse,
212 2766 252 2798 ut
278 2763 468 2808 collegium
496 2763 662 2807 Friburgi
689 2763 921 2803 conderetur;
960 2764 1092 2797 civium
1121 2765 1239 2796 autem
1277 2762 1369 2797 filios
1397 2763 1595 2797 Lucernam
1630 2763 1780 2797 missum
1808 2763 1848 2797 iri

72 2818 132 2861 (ex
167 2817 295 2852 Codice
323 2817 494 2852 Actorum
530 2817 668 2851 consilii
699 2816 867 2859 „Manual
903 2816 966 2850 des
992 2816 1189 2859 'I'a'glichen
1226 2816 1341 2850 Raths
1378 2816 1440 2850 der
1475 2815 1574 2850 State
1611 2816 1798 2861 Frijburg“
1830 2828 1850 2851 a

70 2871 126 2905 25.
144 2870 355 2905 Decembris
383 2871 473 2905 1579
509 2870 552 2904 ad
591 2871 648 2904 24.
678 2871 768 2904 Iunii
798 2869 888 2904 1580
925 2870 1107 2915 perducto,
1143 2870 1203 2914 qui
1241 2872 1296 2904 est
1323 2869 1488 2914 Friburgi
1525 2870 1559 2903 in
1597 2870 1745 2905 archivo
1783 2871 1849 2904 rei-

72 2924 256 2969 publicae;
293 2935 327 2957 n.
358 2924 455 2965 119).
506 2924 555 2958 At
581 2923 756 2967 Gregorio
783 2923 878 2957 Xlll.
911 2923 1035 2957 consul
1071 2926 1291 2967 senatusque
1326 2923 1460 2958 litteris
1487 2923 1662 2967 Friburgo
1698 2923 1754 2957 26.
1783 2923 1849 2958 De-

72 2977 226 3011 cembris
258 2976 345 3010 1579
379 2976 473 3010 datis
500 2976 784 3017 affirmaverant,
810 2988 849 3011 se
877 2977 910 3010 in
942 2978 1126 3019 „unionem
1154 2976 1362 3011 monasterii
1389 2976 1554 3011 Marsens
1582 2988 1644 3021 pro
1671 2977 1851 3011 erectione

71 3033 107 3064 et
141 3029 404 3064 stabilimento“
435 3029 576 3073 collegii
607 3029 733 3072 „facile
768 3030 1012 3064 consensisse‘
1044 3030 1151 3073 idque
1187 3030 1247 3069 ita,
1282 3033 1323 3064 ut
1357 3029 1521 3074 pontifex
1559 3030 1672 3074 primo
1709 3041 1850 3074 quoquc

71 3086 231 3128 tempore
270 3082 392 3117 Socios
433 3094 496 3127 per
538 3083 782 3128 praepositum
821 3083 1028 3127 generalem
1066 3083 1281 3126 Friburgum
1321 3083 1517 3118 mittendos
1556 3094 1684 3117 curare
1727 3090 1850 3128 posset

74 3136 470 3180 (Steffens-Reinhardt,
496 3135 606 3170 Nunt.
627 3137 640 3170 1
667 3137 765 3180 703).
