2062 3443
375 147 523 194 Neapoli
551 148 645 183 inter
672 148 852 183 ineuntem
879 160 924 183 m.
945 148 1078 183 Maium
1107 150 1143 183 et
1169 149 1260 184 med.
1280 161 1326 185 m.
1347 150 1440 194 Aug.
1470 151 1572 186 1572.
1804 156 1857 196 39

56 281 61 285 ·
94 265 187 300 infra
204 264 351 305 dicetur,
370 263 468 297 Tom.
491 264 532 298 16
551 275 583 308 p.
599 264 798 298 495—493.
829 264 980 298 Eaedem
1000 264 1143 299 litterae
1162 267 1310 300 exstant
1329 266 1389 310 (Β)
1411 267 1445 300 in
1465 267 1625 309 „Alfonsi
1644 267 1860 302 Salmeronis

93 317 265 352 Toletani.
285 343 293 351 .
313 344 320 351 .
340 343 347 351 .
390 316 681 361 Disputationum
717 317 752 351 in
780 317 959 362 Epistolas
987 318 1196 359 Canonicas,
1233 321 1269 352 et
1295 319 1549 365 Apocalypsin]
1577 320 1686 355 Tomo
1722 325 1859 365 quarto,

94 397 129 406 ..
149 397 156 405 .
176 370 210 404 in
244 370 366 404 ordine
402 373 520 404 autem
556 369 654 405 Tom.
675 369 804 412 XVI.“,
837 370 1003 404 Coloniae
1030 371 1250 416 Agrippinae
1289 373 1389 413 1615,
1426 373 1624 408 388-390.
1676 374 1860 418 Epistulae

94 425 214 470 partes
239 422 381 468 aliquas
407 422 537 467 gallice
563 435 689 458 versas
715 423 833 468 posuit
862 426 904 459 L.
924 425 1051 458 Michel
1077 424 1110 458 S.
1130 425 1174 466 J.,
1204 425 1268 459 Vie
1295 425 1341 459 du
1368 426 1620 461 Bienheureux
1648 427 1769 461 Pierre
1797 428 1856 462 Ca-

92 477 214 517 nisius,
250 476 389 511 Societe
416 477 459 511 de
485 477 796 521 Saint—Augustin,
823 477 913 511 Lille
942 477 1041 518 1897,
1071 478 1158 518 36&
1197 478 1281 512 item
1309 479 1484 524 epistulae
1510 483 1646 525 partem
1675 480 1860 526 hispanice

92 529 244 565 reddidit
268 531 370 564 Ram.
395 532 531 564 Gara-ia
558 530 592 565 S.
610 530 656 571 J.,
684 530 776 564 Vida
803 530 859 565 del
888 530 998 565 Beato
1024 531 1139 565 Pedro
1165 531 1318 573 Canisio,
1346 533 1485 567 Madrid
1516 534 1616 574 1865,
1643 534 1731 574 281;
1768 545 1859 568 com-

93 584 194 629 plura
228 594 273 617 ex
308 583 432 617 iisdem
469 583 601 618 litteris
637 584 841 628 germanice
876 584 1026 628 protulit
1058 586 1160 620 Flor.
1186 586 1285 620 Rt'ess
1320 585 1354 620 S.
1385 586 1438 627 J.,
1474 586 1546 621 Der
1581 587 1693 631 selige
1733 587 1860 622 Petrus

48 650 51 654 ’
92 637 265 677 Canisius,
292 636 468 680 Freiburg
494 636 517 671 i.
538 637 595 672 ΒΓ.
626 638 727 679 1865,
756 637 956 672 531-532.

210 728 398 765 Praefatio
425 729 600 766 editoris:
637 731 844 776 Alphonsus
871 730 1057 765 Salineron
1087 731 1144 774 (de
1171 743 1241 776 quo
1272 733 1393 768 Can.1
1420 733 1529 776 246³)
1559 734 1603 768 ab
1631 745 1662 769 a.
1684 734 1784 775 1569,
1822 737 1859 768 ut

91 783 126 819 S.
145 783 325 818 Francisci
353 784 505 828 Borgiae
532 785 726 829 praepositi
763 784 942 828 generalis
969 787 1005 819 et
1031 785 1223 819 multorum
1253 786 1447 821 amicorum
1483 787 1792 821 adhortationibus
1826 790 1861 821 et

91 837 321 882 petitionibus
338 838 578 879 satisfaceret,
598 838 747 883 Neapoli
765 838 901 883 scripta
916 849 992 878 sua,
1011 837 1173 882 inprimis
1189 838 1504 884 interpretationes
1519 839 1611 875 Novi
1627 840 1860 881 Testamenti,

91 902 180 936 quas
214 891 251 924 in
285 891 489 936 praecipuis
516 891 640 925 ltaliae
678 891 824 925 urbibus
850 902 982 934 magna
1009 903 1088 926 cum
1125 891 1229 926 laude
1265 904 1284 926 e
1309 905 1412 927 sacro
1438 896 1614 937 suggestu
1651 894 1859 938 protulerat,

92 943 188 989 prelo
219 944 369 989 parabat
389 945 589 989 (Epistolae
609 947 831 980 Salmerom’s
849 944 880 978 11
899 944 1023 989 xxw).
1063 944 1191 987 Quare,
1219 957 1299 980 cuni
1322 947 1375 981 13.
1395 947 1579 981 Februarii
1601 948 1690 981 1585
1711 947 1860 992 Neapoli

90 998 182 1032 diem
201 1009 407 1043 supremum
426 998 549 1039 obiret,
577 998 750 1043 plurimos
769 998 915 1042 reliquit
933 999 1209 1033 commentarios
1228 999 1389 1041 biblicos,
1418 1012 1560 1045 eosque,
1588 1002 1628 1034 ut
1649 1001 1685 1035 P.
1706 1002 1858 1035 Bartho-

89 1053 244 1086 lomaeus
269 1051 377 1085 Perea
404 1053 445 1085 de
470 1053 610 1086 Niceros
637 1052 671 1086 S.
693 1052 725 1087 J.
746 1052 873 1086 intima
900 1052 1157 1086 consuetudine
1185 1053 1216 1086 ei
1244 1053 1387 1088 iunctus
1414 1054 1570 1098 epistula
1596 1054 1652 1089 20.
1673 1054 1858 1089 Februarii

95 1105 180 1140 1585
207 1105 291 1139 data
317 1107 472 1139 testatus
499 1109 562 1147 est,
591 1105 641 1139 ita
669 1105 851 1140 absolutos
878 1107 913 1139 et
941 1105 1147 1150 perpolitos‚
1176 1109 1216 1140 ut
1241 1107 1366 1141 statim
1393 1108 1490 1152 typis
1517 1108 1674 1142 exscribi
1701 1111 1859 1153 possent,

99 1159 174 1201 „sin
200 1169 267 1202 que
295 1159 337 1192 de
363 1170 405 1193 su
432 1162 534 1204 parte
560 1158 721 1193 tuviesse
748 1170 816 1203 que
843 1160 988 1193 reveer⁴⁴
1023 1159 1059 1202 (l.
1081 1171 1109 1194 c.
1129 1160 1162 1194 Il
1189 1160 1287 1203 819).

207 1223 399 1258 Praeterea
413 1223 608 1266 Salineron,
627 1227 668 1259 ut
686 1224 725 1259 P.
742 1226 960 1259 Francisens
978 1226 1123 1259 Foliam·
1141 1225 1176 1260 S.
1192 1227 1224 1260 J.
1241 1227 1317 1260 eius
1336 1226 1504 1262 librarius
1521 1227 1599 1261 sive
1618 1227 1859 1268 amanuensis,

90 1289 194 1322 quem
221 1289 402 1319 vocamus,
433 1278 484 1313 16.
505 1278 690 1312 Februarii
719 1278 809 1313 1585
837 1279 880 1313 ad
909 1278 1096 1313 Claudium
1126 1279 1354 1323 Aquavivam
1382 1281 1626 1325 praepositum
1653 1281 1858 1325 generalem

89 1331 239 1372 rettulit,
275 1331 421 1375 reliquit
451 1343 518 1374 „vn
554 1331 643 1366 libro
679 1331 713 1365 di
748 1331 877 1366 lettere
913 1331 1114 1366 dottissime
1135 1350 1141 1358 ·
1164 1332 1229 1366 che
1255 1332 1386 1368 scrisse
1413 1345 1433 1367 a
1460 1333 1602 1374 diuersi,
1638 1345 1743 1379 sopra
1771 1334 1861 1367 varii

88 1384 186 1419 dubii
205 1384 298 1418 della
315 1385 506 1419 scrittura‘
522 1387 590 1420 etc.
612 1385 648 1426 (l.
666 1397 696 1420 c.
712 1385 808 1429 810).
844 1385 969 1429 Itaque
989 1386 1103 1430 prima
1121 1398 1268 1431 operum
1288 1387 1506 1422 Salineronis
1526 1387 1633 1421 editio
1652 1387 1860 1421 curantibus

90 1438 130 1473 P.
149 1438 269 1478 Perez,
296 1449 400 1482 quem
429 1438 513 1480 dixi,
541 1441 577 1472 et
603 1439 659 1473 Fr.
681 1438 936 1483 Christophoro
962 1438 1079 1484 Lopez
1106 1439 1139 1474 S.
1160 1440 1190 1473 J.
1211 1440 1308 1474 faeta
1335 1443 1390 1474 est
1417 1452 1446 1475 a.
1470 1441 1702 1476 1597-1602
1722 1440 1860 1474 Matriti

89 1493 196 1526 tomis
225 1491 278 1533 16,
316 1494 352 1525 et
378 1491 411 1525 in
439 1491 564 1526 ultimo
600 1496 696 1526 tomo
731 1492 862 1526 litteris
890 1492 961 1526 illis
993 1493 1249 1535 „doctissimis“
1281 1493 1449 1527 adiuncta
1475 1496 1530 1528 est
1567 1494 1731 1539 epistula,
1769 1505 1860 1538 quae

91 1545 184 1580 infra
210 1547 360 1590 ponetur
390 1545 660 1589 (Sommervofsel
686 1545 708 1580 1.
728 1558 756 1580 c.
776 1545 844 1580 VII
871 1546 1080 1588 479—480;
1107 1546 1290 1591 Epistulae
1311 1548 1532 1581 Salmerom‘s
1561 1548 1574 1581 l
1601 1558 1858 1587 xxv—xxvl1;

91 1599 120 1632 Ι.
141 1599 291 1642 Εἰιφᾱε
317 1599 461 1633 Uriarte
487 1598 520 1633 S.
542 1599 584 1641 J.,
622 1598 794 1642 catalogo
829 1600 1007 1633 razonado
1043 1599 1085 1633 de
1122 1599 1238 1634 Obras
1273 1601 1460 1635 andnimas
1494 1613 1518 1646 y
1554 1601 1782 1635 seudonimas
1818 1601 1860 1634 de

91 1652 245 1686 Antores
272 1652 314 1686 de
341 1651 375 1686 la
402 1652 598 1697 Compasiia
626 1653 668 1686 de
687 1652 794 1687 Jesus
820 1653 1105 1697 pertenecientes
1132 1655 1152 1688 a
1178 1654 1212 1687 la
1231 1654 1379 1696 antigua
1399 1654 1601 1689 Asistencia
1620 1654 1799 1699 Espafiola
1818 1654 1860 1696 ll,

91 1705 228 1739 Madrid
257 1705 357 1748 1904,
396 1705 594 1741 505-508,
623 1705 721 1748 532).
773 1705 875 1741 Hanc
911 1706 1103 1751 epistulam
1139 1707 1183 1740 ad
1212 1707 1395 1742 Canisium
1429 1719 1508 1742 esse
1544 1708 1665 1742 datam
1702 1720 1747 1741 ex
1783 1710 1861 1753 ipsa

91 1758 198 1794 facile
223 1761 334 1804 patet.
379 1759 560 1794 Canisium
581 1759 765 1794 Salmeron
791 1772 861 1794 non
887 1760 1002 1794 solum
1029 1760 1159 1795 absens
1186 1773 1229 1795 ex
1258 1761 1334 1795 eius
1360 1761 1461 1795 libris
1488 1763 1523 1795 et
1549 1773 1592 1796 ex
1621 1761 1785 1807 epistulis
1813 1762 1856 1796 ab

91 1823 131 1847 eo
156 1812 223 1848 sibi
248 1813 369 1848 missis
399 1812 458 1857 (cf.
485 1815 568 1847 Can.
592 1813 640 1847 111
667 1813 884 1857 214-433),
920 1814 983 1848 sed
1020 1813 1127 1848 etiam
1165 1826 1336 1859 praesens
1362 1817 1531 1856 noverat3
1568 1826 1650 1849 nam
1679 1815 1729 1849 illi
1757 1815 1861 1849 ambo

92 1877 123 1900 a.
145 1866 232 1900 1547
261 1866 412 1901 concilio
438 1867 633 1901 tridentino
660 1866 856 1901 interfuere
882 1866 1040 1909 theologi
1068 1870 1103 1901 et
1129 1879 1160 1902 a.
1183 1868 1472 1903 1549—1550111
1491 1868 1728 1903 universitate
1747 1868 1860 1912 ingol—

90 1919 262 1954 stadiensi
298 1919 515 1964 theologiam
551 1920 777 1955 tradiderunt
814 1920 1050 1963 (Can.1246
1078 1921 1159 1963 250,
1196 1922 1422 1966 681-697);
1460 1924 1585 1966 postea
1620 1922 1860 1967 compluriens

88 1972 223 2008 Romae
254 1974 347 2008 inter
373 1985 412 2008 se
439 1974 623 2018 congressi
650 1976 745 2015 sunt,
772 1974 874 2008 velut
899 1986 930 2009 a.
958 1974 1048 2008 1558
1075 1977 1111 2008 et
1139 1975 1240 2010 1565.
1284 1975 1509 2020 Quamquam
1536 1977 1657 2009 autem
1685 1976 1860 2021 epistulae

91 2025 308 2062 Salmeronis
335 2029 478 2072 tempus
504 2027 703 2073 ascriptum
728 2040 798 2062 non
825 2030 890 2070 est,
917 2027 984 2062 hoc
1004 2028 1062 2062 vel
1089 2028 1203 2062 obiter
1226 2040 1305 2062 eam
1330 2029 1534 2072 legentibus
1561 2029 1692 2073 liquet:
1720 2029 1860 2074 Scripta

89 2082 145 2115 est
181 2080 403 2125 aliquantulo
441 2083 602 2126 tempore
640 2085 831 2126 postquam
868 2081 1036 2116 Canisius
1074 2082 1241 2125 „Librum
1281 2082 1324 2116 de
1362 2082 1585 2127 Corruptelis
1624 2082 1732 2117 Verbi
1771 2083 1855 2117 Der‘

90 2133 241 2178 primum
268 2134 344 2169 sive
372 2134 414 2169 de
440 2135 474 2170 S.
494 2135 625 2169 Ioanne
651 2135 818 2180 Baptista
844 2135 878 2168 in
906 2134 1021 2169 lucem
1049 2136 1236 2176 emiserat;
1264 2147 1369 2180 quem
1397 2138 1567 2170 autumno
1596 2136 1678 2170 anni
1707 2136 1795 2170 1571
1827 2137 1859 2171 in

92 2187 282 2222 Germania
307 2188 443 2222 editum
463 2200 542 2223 esse
561 2191 704 2223 constat
723 2188 829 2233 (Can.
851 2189 900 2223 VI
928 2189 1025 2232 712).
1066 2188 1189 2234 Neque
1209 2201 1295 2223 vero
1321 2192 1402 2234 post
1421 2201 1464 2223 in.
1485 2190 1646 2234 Aprilem
1665 2189 1748 2223 anni
1770 2190 1860 2225 1573

92 2239 273 2276 Salmeron
292 2241 457 2287 scripsit;
487 2253 527 2276 eo
546 2243 639 2276 enim
659 2245 818 2287 tempore
837 2254 917 2276 cum
938 2242 1080 2277 Canisio
1099 2245 1177 2277 erat
1194 2243 1329 2277 Romae
1349 2244 1383 2277 in
1403 2243 1682 2287 congregatione
1700 2244 1861 2287 generali

92 2292 280 2330 Societatis
301 2295 351 2338 (v.
371 2296 475 2337 infra,
503 2307 659 2330 monum.
681 2297 786 2340 1132)
802 2310 808 2331 :
835 2296 896 2331 ubi
915 2307 994 2331 cum
1015 2308 1056 2330 eo
1075 2296 1149 2330 fere
1168 2296 1286 2331 omnia
1304 2296 1366 2331 illa
1384 2299 1542 2331 tractare
1569 2299 1711 2342 poterat
1730 2297 1860 2339 verbis,

91 2358 181 2392 quae
207 2347 264 2383 his
290 2350 424 2384 tractat
449 2349 592 2384 litteris.
645 2349 699 2384 Ne
725 2352 806 2394 post
832 2361 990 2384 mensem
1019 2350 1162 2394 quidem
1191 2350 1330 2384 Iunium
1356 2362 1387 2384 a.
1410 2351 1500 2385 1572
1527 2350 1690 2394 scripsit;
1719 2362 1801 2384 nam
1826 2351 1860 2384 in

92 2401 244 2446 epistula
258 2402 438 2446 queritur:
459 2402 576 2445 „Quae
593 2403 641 2445 [in
657 2403 776 2438 Gallia
791 2406 826 2438 et
839 2402 1046 2448 Germania]
1062 2403 1231 2438 haereses
1243 2403 1469 2448 potissimum
1481 2407 1639 2448 serpant,
1655 2405 1714 2448 qui
1729 2403 1862 2437 libriin

92 2453 222 2498 vulgus
248 2455 490 2490 seducendum
510 2459 740 2501 spargantur,
768 2456 816 2502 [in
837 2456 956 2502 Italia]
975 2469 1080 2491 nemo
1097 2457 1215 2498 novit;
1242 2484 1250 2492 .
1272 2485 1278 2492 .
1298 2484 1305 2492 .
1327 2460 1461 2501 quanta
1480 2456 1692 2492 difficultate
1717 2457 1862 2501 legendi

92 2505 353 2543 haereticorum
371 2509 482 2544 libros
501 2509 657 2544 facultas
677 2509 726 2554 [in
746 2510 865 2555 ltalia]
885 2510 1108 2556 impetretur,
1137 2511 1245 2544 etiam
1264 2510 1307 2545 ab
1326 2511 1388 2552 eis,
1416 2510 1476 2554 qui
1495 2522 1574 2545 cum
1595 2510 1728 2545 Christi
1746 2510 1862 2553 gloria

90 2562 129 2594 et
147 2561 329 2597 Ecclesiae
355 2563 475 2598 fructu
503 2563 583 2598 illos
609 2563 729 2608 legere
755 2566 918 2609 possunt,
945 2564 1128 2607 ambigere
1147 2575 1215 2597 non
1235 2564 1380 2606 vales“;
1408 2564 1497 2598 haec
1524 2567 1620 2598 certe
1639 2564 1674 2598 in
1694 2564 1727 2599 S.
1747 2564 1801 2597 Pii
1817 2564 1860 2598 V.

91 2614 252 2660 tempora
285 2616 436 2657 cadunt;
464 2618 550 2651 tunc
586 2617 678 2651 enim
707 2616 841 2652 Romae
876 2629 921 2652 ne
956 2617 1130 2662 praelatis
1157 2617 1299 2661 quidem
1328 2629 1370 2652 ea
1405 2617 1563 2652 facultas
1598 2617 1861 2652 concedebatur

93 2666 199 2711 (Can.
218 2669 250 2703 V
276 2670 362 2711 315;
392 2670 437 2705 cf.
456 2670 488 2704 V
515 2671 612 2714 222),
641 2673 749 2715 atque
776 2674 885 2706 etiam
912 2671 1028 2716 ipsum
1048 2670 1292 2705 Sahneronem
1319 2671 1456 2706 frustra
1482 2683 1561 2706 eam
1589 2683 1609 2706 a
1635 2671 1699 2706 Pio
1725 2671 1859 2714 petisse

91 2721 202 2756 conici
237 2725 356 2767 potest
391 2735 436 2758 ex
471 2723 607 2768 aliquot
642 2724 806 2769 epistulis
842 2725 920 2759 eius
949 2724 1054 2770 (Epp.
1075 2726 1298 2759 Salmerom's
1323 2725 1356 2759 II
1386 2725 1448 2760 191
1488 2724 1596 2768 283);
1633 2736 1758 2759 verum
1799 2725 1860 2760 l'io

92 2784 138 2808 m.
167 2774 260 2810 Maio
290 2776 379 2811 1572
418 2776 494 2811 vita
532 2778 667 2819 functo,
707 2777 904 2822 Gregorius
939 2778 1035 2812 Xlll.
1066 2779 1135 2812 iam
1176 2779 1338 2823 proximo
1377 2790 1500 2813 mense
1540 2779 1858 2823 „benignamenteu

93 2827 289 2863 Salmeroni
316 2841 394 2864 eam
430 2830 641 2865 facultatem
670 2831 814 2873 tribuit;
852 2832 895 2866 de
922 2843 992 2877 qua
1019 2843 1056 2866 re
1087 2832 1288 2866 cardinales
1315 2832 1547 2877 inquisitores
1577 2832 1628 2867 12.
1649 2832 1742 2867 Iunii
1769 2832 1859 2866 1572

92 2879 231 2918 litteras
249 2883 422 2918 dederunt
443 2884 480 2928 (1.
501 2896 529 2919 c.
549 2884 582 2918 11
609 2884 826 2928 282—285).
871 2886 1008 2920 Deinde
1034 2885 1101 2920 hoc
1119 2885 1235 2919 notari
1255 2885 1380 2921 debet:
1408 2886 1594 2921 Salmeron
1620 2886 1687 2920 hac
1706 2885 1861 2931 epistula

92 2936 295 2980 respondet,
321 2939 362 2972 ut
380 2937 456 2982 ipse
475 2939 536 2979 ait,
564 2939 606 2973 ad
626 2938 769 2973 litteras
789 2939 923 2974 Oanisii
941 2939 973 2974 8.
994 2938 1160 2974 Octobris
1179 2939 1282 2974 datas
1301 2943 1336 2974 et
1354 2940 1461 2985 paulo
1481 2942 1562 2974 ante
1581 2940 1637 2974 25.
1653 2939 1860 2974 Decembris

93 2987 161 3022 sibi
186 2989 348 3031 traditas,
375 2990 412 3025 in
438 2991 568 3036 quibus
588 2991 754 3026 Canisius
780 2992 897 3037 ipsum
924 2993 1087 3037 urgebat,
1114 2995 1154 3027 ut
1180 2994 1456 3028 commentarios
1483 2994 1526 3028 de
1552 3005 1656 3028 sacra
1675 2993 1860 3037 Scriptura

94 3039 296 3078 absolveret
330 3046 366 3078 et
390 3043 426 3078 in
460 3043 577 3079 lucem
610 3045 812 3087 emitteret;
839 3046 906 3080 hoc
941 3050 1060 3080 autem
1088 3046 1263 3081 desiderio
1290 3047 1425 3082 Canisii
1451 3047 1592 3081 animus
1619 3046 1861 3091 occupabatur

95 3104 141 3129 m.
159 3093 304 3130 Octobri
330 3097 413 3131 anni
435 3098 546 3140 1571;
572 3110 655 3133 nam
685 3099 739 3134 10.
759 3098 926 3134 Octobris
948 3100 1035 3135 1571
1058 3100 1097 3134 Ρ.
1119 3099 1336 3145 Hieronymo
1363 3101 1486 3135 Natali
1505 3100 1696 3136 Societatis
1723 3099 1860 3134 vicario

95 3149 253 3189 generali
277 3149 338 3184 ille
356 3151 520 3196 scripsit:
553 3152 611 3195 „P.
631 3152 873 3187 Salmeronem
893 3153 997 3187 audio
1024 3154 1060 3187 in
1087 3165 1193 3198 opere
1211 3165 1275 3188 suo
1294 3155 1461 3198 egregios
1487 3165 1702 3200 progressus
1728 3154 1859 3195 facere,
