2062 3443
757 139 870 174 Roma
897 140 930 174 8.
949 138 1036 173 Maii
1065 139 1166 174 1574.
1761 144 1846 184 211

82 257 187 292 huius
215 256 392 302 epistulae
419 256 620 302 exemplum
648 256 746 297 illud,
778 256 872 300 quod
899 257 1020 290 exstat
1048 254 1213 289 Holmiae
1242 255 1482 298 (Stockholm)
1513 256 1546 290 in
1574 256 1720 291 archivo
1746 258 1849 301 regni

80 311 222 352 suecici,
246 310 456 355 „Ahlqvists
470 310 761 354 Sammlungeffl.
789 309 976 355 Epistulae
997 309 1210 342 mentionem
1230 309 1411 343 fecerunt:
1433 311 1740 345 StamRostowslci
1754 311 1788 345 S.
1802 311 1848 351 J.,

84 364 350 398 Lituanicarum
378 364 570 399 Societatis
598 364 678 399 Iesu
704 363 934 398 historiarum
963 365 1042 403 etc.,
1079 362 1206 396 Vilnae
1236 363 1336 404 1768,
1364 364 1454 408 App.
1475 363 1516 397 ad
1537 364 1558 398 l.
1579 364 1599 397 2
1629 364 1698 406 (ed.
1719 364 1766 405 2⁰,
1793 365 1847 398 ed.

81 419 107 452 I.
136 419 320 451 Martinov
346 417 380 452 S.
407 418 452 459 J.,
488 417 837 452 Parisiis-Bruxellis
866 416 966 457 1877,
1001 416 1108 458 403);
1147 416 1193 450 H.
1215 418 1380 460 Blanda,
1416 417 1464 451 Le
1491 417 1715 460 Saint-Sicge
1743 420 1778 452 et
1812 419 1848 452 la

79 470 194 505 Suede
215 471 345 505 durant
370 470 405 505 la
423 471 577 505 seconde
596 471 716 504 moitie
739 471 785 505 du
803 470 903 504 XVI⁶
921 470 1041 509 siecle,
1068 469 1180 504 Notes
1199 473 1235 504 et
1253 470 1464 505 documents
1484 471 1507 512 Ι,
1536 471 1638 505 Paris
1662 472 1761 512 1906,
1789 471 1846 506 98.

198 538 405 570 γεπαίὶοηθς
429 538 574 579 fortiter
597 538 779 580 ferendae.
825 537 1005 569 Saxoniae
1031 537 1187 570 electoris
1213 537 1344 569 dietum
1372 538 1413 569 de
1439 538 1580 570 les-uitis
1613 538 1846 579 fuldensibus.

81 591 174 632 Quid
199 591 290 624 sidem>
316 591 358 623 de
385 591 554 634 relt'yt'one
579 593 717 624 sentiat.
757 591 925 633 Pontifex
955 592 1171 623 Germaniae
1196 591 1385 624 studiosus.
1424 592 1669 624 Adulescentes
1693 593 1797 626 suec-i.

195 698 252 703 —
275 680 353 703 ——2
375 675 541 717 Tenere
582 679 627 718 te
667 674 877 717 memoria
908 688 992 716 non
1026 674 1187 723 dubito,
1232 688 1341 727 quae
1379 674 1542 729 scripta
1575 678 1676 718 sunt
1709 690 1733 717 a
1766 676 1846 718 Sa-

75 738 222 794 piente
254 739 306 781 de
338 753 402 790 eo,
438 754 534 782 cum
568 754 650 794 quo
675 740 868 783 Societas
890 739 1013 782 vobis
1037 743 1104 782 est
1136 739 1215 792 (sic
1238 739 1349 781 enim
1372 739 1537 782 inducit
1561 741 1800 783 Eberianos
1816 743 1843 792 ¹,

76 807 152 846 aut
174 818 334 854 eorum,
359 804 520 846 similes
543 805 788 858 loquentes)
813 804 993 847 Grauis
1016 807 1096 847 est
1127 803 1273 846 nobis
1297 804 1451 846 etiam
1475 805 1535 846 ad
1560 805 1843 852 videndum,

74 869 311 922 quoniam
336 870 608 912 dissimilis
632 874 710 912 est
733 871 852 924 alijs
870 870 980 912 vita
1002 869 1165 920 illius,
1191 872 1239 911 et
1263 870 1566 912 immutatae
1594 875 1712 914 sunt
1730 871 1845 913 viae

73 934 222 977 eius2.
287 934 378 985 Quo
411 935 552 977 minus
574 936 723 978 mirari
755 936 899 986 debes,
935 935 971 976 si
993 949 1073 978 vos
1100 949 1269 988 quoque
1292 949 1450 988 graues
1473 935 1579 978 estis
1601 935 1843 978 hominibus

70 999 166 1042 istis
189 1000 320 1042 etiam
353 1001 408 1043 ad
431 1001 676 1052 videndum,
711 1001 746 1043 si
769 1001 863 1043 vias
886 1015 1035 1043 omnes
1058 1004 1102 1043 et
1124 1001 1315 1043 rationes
1338 1001 1652 1055 peruestigant,
1687 1001 1841 1055 quibus

71 1078 94 1107 e
125 1066 281 1108 finibus
322 1066 410 1108 suis
442 1067 697 1121 propulsare
729 1081 808 1109 vos
850 1070 1024 1120 queant.
1070 1066 1233 1108 Verum
1266 1069 1390 1109 tanto
1423 1066 1561 1109 maior
1593 1071 1660 1110 est
1692 1069 1844 1110 vestra

70 1129 284 1173 foelicitas
324 1134 369 1175 et
401 1131 638 1183 beatitudo,
681 1135 843 1186 quanto
885 1132 1071 1174 maiores
1112 1145 1138 1174 a
1170 1131 1328 1174 Christi
1370 1132 1661 1186 perduellibus
1693 1147 1842 1186 perse-

70 1195 265 1239 cutiones
297 1196 518 1240 toleratis:
561 1199 598 1240 A
633 1198 786 1251 quibus
819 1197 923 1239 nihil
956 1200 1037 1245 est,
1082 1197 1192 1250 quod
1229 1197 1351 1239 vobis
1384 1198 1602 1248 metuatis,
1647 1198 1841 1251 quando-

69 1260 238 1315 quidem
263 1263 446 1316 capilli
469 1263 658 1317 capitis
682 1263 848 1305 vestri
871 1276 1044 1305 omnes
1070 1262 1325 1305 numerati
1356 1264 1516 1317 sunt3,
1551 1266 1608 1314 et,
1634 1264 1746 1316 quod
1768 1264 1841 1306 ille

68 1326 260 1370 futurum
284 1328 494 1381 promisit,
518 1342 572 1370 ne
594 1343 704 1370 vnus
723 1328 893 1382 quidem
912 1342 1059 1370 eorum
1077 1328 1280 1383 peribit4:
1299 1328 1353 1369 In
1376 1329 1638 1382 patientia
1661 1331 1841 1372 vestra

67 1392 412 1448 possidebitis
429 1394 625 1436 animas
642 1395 889 1447 vestras5‚
904 1407 983 1436 nec
998 1397 1170 1436 vestras
1181 1396 1351 1436 tantum
1368 1393 1534 1436 animas
1549 1395 1838 1448 possidebitis,

67 1471 217 1500 verum
234 1461 278 1501 et
295 1472 443 1501 eorum
462 1459 629 1502 animas
647 1459 815 1502 Christo
833 1458 1127 1510 lucrifacietis,
1146 1458 1219 1512 qui
1237 1472 1313 1501 vos
1330 1473 1415 1500 non
1433 1459 1598 1501 minore
1613 1474 1724 1502 nunc
1742 1460 1839 1503 odio

66 1526 398 1578 persequuntur,
433 1538 560 1578 quam
595 1525 695 1567 olim
727 1524 877 1568 Iudaei
899 1524 1131 1575 Christum,
1164 1524 1208 1566 in
1241 1524 1363 1566 cuius
1385 1524 1648 1567 Societatem
1682 1525 1839 1569 adsciti

67 1588 211 1638 estis⁶‚
241 1593 290 1632 vt
311 1589 407 1632 sitis
438 1590 565 1645 socij
599 1590 913 1645 passionum,
944 1589 1044 1632 olim
1068 1589 1203 1632 futuri
1226 1589 1329 1644 socij
1359 1590 1763 1633 consolationis⁷
1795 1593 1840 1634 et

67 1654 213 1708 gaudij
229 1655 492 1709 sempiterni.
512 1656 799 1705 Quamobrem
815 1655 1046 1698 viriliter
1063 1655 1224 1708 agite,
1241 1658 1289 1697 et
1307 1655 1666 1698 confortentur
1684 1656 1839 1698 corda

65 1720 284 1762 vestrass.
330 1720 491 1770 Quibus
513 1735 626 1763 nunc
657 1735 817 1775 graues
849 1721 955 1764 estis
977 1721 1032 1763 ad
1055 1721 1302 1771 videndum,
1336 1720 1364 1775 ij
1389 1735 1472 1762 non
1495 1721 1558 1763 ita
1580 1722 1716 1764 multo
1739 1725 1839 1776 post

64 1785 180 1828 vltro
220 1787 390 1840 magnis
422 1787 621 1841 precibus
661 1788 715 1829 ad
749 1801 795 1829 se
837 1801 915 1829 vos
951 1786 1212 1836 inuitabunt,
1256 1789 1301 1828 et
1332 1790 1382 1828 vt
1414 1786 1677 1829 salutaribus
1709 1801 1837 1841 prae-

65 1850 215 1905 ceptis,
249 1853 294 1893 et
326 1852 537 1906 exemplis
569 1852 729 1895 vestris
761 1852 917 1895 instrui
948 1850 1128 1906 possint,
1171 1851 1309 1893 modis
1342 1852 1538 1893 omnibus
1571 1853 1836 1894 contendent

69 1920 116 1958 et
150 1916 447 1960 elaborabunt.
498 1917 702 1967 Quamuis
735 1917 770 1959 si
793 1931 899 1959 vera
931 1921 1032 1960 sunt
1064 1931 1174 1970 quae
1206 1917 1328 1959 nobis
1360 1917 1428 1958 hic
1459 1917 1839 1968 renunciabantur,

65 1980 120 2023 ab
152 1981 466 2024 Eberianorum
497 1981 696 2036 Principe
737 1982 842 2024 nihil
883 1986 1036 2025 contra
1068 1996 1146 2024 vos
1184 1985 1328 2025 actum
1363 1984 1431 2024 est
1463 1982 1589 2031 serio,
1633 1982 1733 2035 quin
1765 1983 1838 2025 ille

64 2046 226 2088 dixisse
258 2046 420 2090 fertur:
455 2048 638 2089 Etiamsi
671 2047 789 2089 mille
821 2048 942 2090 volet
973 2048 1027 2089 ad
1061 2061 1108 2089 se
1136 2061 1294 2089 vocare
1317 2047 1465 2089 Abbas
1487 2047 1727 2098 Fuldensis,
1760 2061 1839 2102 per

62 2126 131 2154 me
163 2112 306 2156 licet9.
369 2112 467 2155 Non
500 2113 571 2155 ille
601 2113 784 2156 multum
817 2127 896 2155 sua
930 2113 1095 2155 referre
1128 2114 1268 2166 putat,
1315 2126 1401 2165 qua
1433 2112 1614 2165 quisque
1646 2112 1704 2155 sit
1735 2113 1836 2155 reli-

62 2177 202 2231 gione.
269 2178 482 2221 Lutherus
515 2178 746 2221 haereseos
778 2178 1084 2221 condemnauit
1116 2177 1408 2231 Zuinglianos‚
1443 2181 1488 2220 et
1520 2179 1581 2220 eis
1613 2181 1835 2232 receptum

63 2243 157 2285 dari
194 2243 335 2286 vetuit
372 2244 415 2285 in
458 2243 524 2286 his
566 2243 708 2295 terris,
756 2258 866 2297 quae
906 2244 1085 2286 verbum
1128 2243 1257 2294 illius,
1298 2245 1507 2296 tanquam
1541 2243 1622 2285 Dei
1655 2244 1835 2286 verbum

63 2308 245 2351 adorare
278 2310 575 2363 coeperuntw,
618 2311 679 2351 At
711 2309 826 2363 apud
858 2308 1098 2351 Eberianos
1140 2308 1290 2350 eodem
1332 2308 1426 2350 loco
1459 2312 1560 2351 sunt
1591 2308 1837 2362 Zuingliani

180 2400 210 2432 a)
230 2401 354 2433 Aliquos
373 2402 462 2426 huius
481 2402 624 2433 epistulae
643 2405 755 2433 partes,
774 2403 877 2427 saltem
895 2402 1025 2433 primam
1046 2404 1071 2425 e!
1092 2404 1263 2429 emb-emam,
1283 2409 1300 2424 a
1316 2400 1417 2425 Rescio
1431 2400 1555 2425 omissas
1569 2408 1639 2431 esse,
1659 2409 1835 2433 quamquam

63 2444 97 2468 ab
117 2450 148 2468 eo
168 2450 225 2467 non
244 2443 441 2474 significatur,
461 2451 497 2468 eat
516 2444 591 2475 ipsis
612 2447 705 2468 tamen
728 2444 871 2475 epistulae
892 2444 987 2468 verbis
1006 2443 1206 2474 ιτοῃηοεεῐῖιινς
1226 2444 1262 2473 cs.
1283 2443 1369 2467 etiam
1392 2442 1485 2473 infra,
1501 2451 1532 2473 p.
1546 2443 1623 2467 2121).

183 2557 194 2576 ¹
221 2555 471 2591 protestantes
497 2557 724 2601 potissimum
753 2557 936 2600 significat
962 2556 1134 2595 Saxones,
1161 2556 1223 2600 qui
1250 2555 1402 2589 Paulum
1432 2555 1525 2590 Eber
1555 2554 1590 2598 (†
1620 2556 1725 2599 1569)
1755 2567 1833 2601 pro-

61 2608 234 2644 fessorem
261 2608 587 2653 vitembergensem
615 2610 675 2653 (de
702 2621 772 2654 quo
802 2611 890 2644 Can.
917 2609 969 2643 111
993 2610 1082 2650 490;
1111 2608 1160 2642 IV
1187 2608 1256 2643 368
1270 2608 1299 2652 ⁶)
1327 2609 1583 2653 sequebantur.

181 2662 194 2682 ²
219 2662 290 2707 Sap
317 2662 348 2703 2,
377 2663 440 2703 15;
468 2662 525 2697 his
544 2663 664 2698 verbis
690 2663 808 2697 Iesum
839 2662 1106 2708 „apertissime“
1137 2662 1337 2705 significari
1363 2662 1523 2696 affirmat
1542 2662 1578 2696 S.
1599 2663 1833 2706 Augustinus,

61 2715 113 2750 De
140 2715 297 2750 civitate
323 2715 389 2749 Dei
415 2716 438 2750 l.
460 2717 512 2755 17,
540 2728 570 2751 c.
589 2717 634 2750 20
662 2716 808 2760 (Inique,
836 2717 875 2750 P.
895 2716 956 2750 lat.
977 2715 1056 2749 XLI
1083 2716 1182 2759 554).

181 2770 193 2790 ³
219 2769 267 2803 Lc
288 2770 342 2811 12,
362 2770 402 2810 7;
430 2770 475 2804 cf.
495 2770 550 2803 Mt
571 2771 624 2809 10,
643 2770 699 2805 30.
799 2771 812 2790 ⁴
838 2769 892 2804 cf.
912 2769 961 2803 Lc
980 2769 1109 2808 21,18.
1196 2770 1208 2788 ⁵
1232 2769 1280 2803 Lc
1299 2769 1429 2809 21,19.
1506 2769 1519 2789 ⁶
1546 2768 1599 2804 Cf.
1622 2769 1638 2803 1
1660 2768 1729 2803 Cor
1750 2769 1779 2810 1,
1799 2770 1831 2804 9.

180 2823 192 2843 ⁷
219 2823 240 2857 2
267 2821 335 2859 Cor
364 2824 392 2864 1,
421 2824 452 2858 7.
560 2824 573 2844 ⁸
599 2823 647 2858 Ps
675 2824 730 2865 30,
757 2823 820 2863 25;
852 2823 897 2858 cf.
925 2822 973 2857 Dt
999 2823 1053 2863 31,
1081 2823 1121 2863 6;
1150 2823 1167 2856 1
1197 2822 1265 2856 Cor
1293 2823 1347 2862 16,
1377 2823 1418 2856 13
1446 2824 1513 2856 etc.

179 2877 193 2896 ⁹
218 2876 295 2910 Hoc
321 2876 478 2920 Augusti
505 2876 682 2911 Saxoniae
714 2876 887 2921 principis
913 2875 1080 2910 electoris
1109 2875 1184 2918 (qui
1212 2886 1257 2909 m.
1277 2874 1423 2910 Octobri
1452 2875 1544 2910 1573
1571 2886 1591 2909 a
1618 2875 1831 2910 Balthasare

61 2930 104 2964 de
122 2928 310 2964 Dernbach
329 2929 468 2969 abbate,
489 2932 529 2964 ut
546 2930 700 2964 iesuitas
719 2929 832 2964 Fulda
850 2929 1010 2975 pelleret,
1037 2929 1306 2973 postulaverat;
1335 2941 1368 2963 v.
1388 2940 1496 2973 supra
1515 2941 1548 2974 p.
1569 2929 1636 2963 149
1650 2928 1674 2972 ¹)
1697 2929 1830 2963 dictum

61 2983 104 3017 ad
131 2983 348 3017 cardinalem
367 2983 576 3017 Comensem
600 2983 791 3017 rettulerat
810 2982 1106 3016 Bartholomaeus
1125 2993 1145 3015 a.
1163 2982 1286 3016 Portia
1312 2983 1460 3016 nuntius
1487 2982 1707 3027 apostolicus
1726 2981 1830 3016 Oeni-

61 3039 168 3081 ponte
193 3037 226 3071 9.
245 3035 452 3070 Decembris
481 3037 570 3071 1573
598 3037 825 3080 (Schellhass,
851 3035 959 3070 Nunt.
987 3035 1039 3069 111
1066 3035 1165 3078 266).
1209 3034 1262 3069 Cf.
1290 3035 1398 3069 etiam
1425 3046 1534 3080 supra
1561 3047 1594 3080 p.
1614 3035 1669 3069 25.

169 3090 194 3110 ¹⁰
219 3089 398 3124 Lutherus
425 3089 637 3134 Zwinglium
663 3091 698 3124 in
725 3090 831 3124 fidem
859 3089 1092 3124 christianam
1119 3099 1226 3131 quam
1253 3088 1409 3122 maxime
1441 3088 1665 3130 sediciosum,
1693 3088 1828 3131 Zwing-

62 3142 175 3177 lianos
200 3142 401 3178 haereticos
436 3143 708 3188 animarumque
744 3143 993 3177 interfectores
1020 3153 1099 3176 esse
1134 3141 1332 3176 affirmavit
1361 3142 1410 3185 (v.
1442 3143 1585 3185 Grisar,
1616 3141 1751 3175 Luther
1776 3141 1828 3174 III

1467 3201 1541 3235 14*
