2051 3433
173 168 255 208 130
394 163 494 198 1848.
524 162 699 199 Eleos-affl
726 162 940 218 Ferdinandi
967 162 994 196 1.
1021 161 1095 196 filia
1121 161 1276 196 Canisio.
1319 161 1469 196 Mantua
1495 162 1587 206 Aug.
1611 161 1714 197 1573.

288 283 353 324 De
385 295 454 323 me
487 281 591 323 nihil
623 281 761 323 habeo
785 280 940 330 dicere,
974 280 1055 321 nisi
1089 279 1202 332 quod
1226 293 1360 333 pergo
1384 279 1545 332 aliquid
1568 279 1756 321 scribere
1789 282 1940 322 contra

169 347 423 398 haereticos,
467 346 705 390 destitutus
745 345 919 388 interim
953 345 1068 387 socio
1111 344 1364 395 studiorum,
1408 358 1534 398 quem
1568 344 1731 387 Romae
1769 344 1939 398 quidem

170 412 405 467 expetiui¹.
471 412 577 454 Oret
618 426 695 466 pro
738 425 805 452 me
848 411 893 453 P.
913 411 960 453 T.
996 410 1227 461 dominum,
1270 412 1319 452 ut
1360 412 1539 452 sanctae
1580 409 1851 452 obedientiae
1897 409 1940 451 in

171 478 367 520 omnibus
400 477 683 520 satisfaciam.
749 476 899 518 Saluto
942 478 1194 518 reuerenter
1225 476 1271 517 P.
1298 475 1522 525 Palmium,
1556 475 1602 518 P.
1627 475 1863 517 Oliuerium
1897 477 1942 517 et

170 544 215 586 P.
240 543 478 585 Fonsecam
512 556 597 584 una
630 555 725 583 cum
748 541 951 583 Patribus
984 541 1179 583 omnibus
1192 541 1221 584 2.
1268 540 1477 582 Dominus
1509 540 1673 583 IESVS
1706 539 1938 583 nobiscum.

171 607 400 662 Oeniponti
436 610 501 650 11.
527 606 727 660 Augusti,
766 607 891 650 1573.
1003 667 1032 704 p
1080 665 1113 706 T

1452 724 1667 778 Jndignus
1700 725 1812 767 filius

1440 790 1595 832 Petrus
1628 790 1836 832 Canisius.

291 874 318 925 †
351 874 594 916 Admodum
618 873 873 916 Reuerendo
904 872 947 914 in
971 872 1140 915 Christo
1164 872 1286 915 Patri
1319 875 1467 915 nostro
1501 873 1547 916 P.
1571 872 1794 915 Euerardo
1826 872 1942 914 Mer-

173 940 350 982 curiano
383 938 638 994 Praeposito
673 936 917 992 [Gener]ali
952 937 1184 980 Societatis
1216 938 1362 981 IESV.
1478 937 1655 980 Romae.

289 1027 344 1061 Ex
369 1026 506 1061 ultimis
532 1026 639 1061 huius
665 1025 842 1071 epistulae
868 1024 1058 1059 sententiis
1078 1025 1315 1068 cognoscitur,
1344 1024 1527 1059 Canisium
1546 1036 1586 1059 eo
1613 1027 1772 1070 tempore
1792 1025 1827 1058 in
1854 1024 1942 1059 libro

170 1081 330 1115 mariano
349 1080 591 1125 componendo
610 1079 680 1114 iam
695 1091 765 1113 non
784 1079 836 1113 uti
854 1079 1015 1124 potuisse
1030 1090 1138 1123 opera
1153 1078 1191 1112 P.
1204 1079 1349 1112 Antonii
1365 1078 1514 1113 Guisani
1528 1079 1577 1121 (v.
1594 1080 1681 1113 Can.
1694 1078 1743 1112 'VI
1758 1078 1826 1113 703
1846 1078 1942 1121 714).

171 1135 318 1169 Hoffaeo
345 1133 555 1179 provinciali
582 1134 760 1167 Polaucus
786 1133 943 1167 vicarius
969 1131 1148 1176 generalis
1175 1132 1286 1166 Roma
1315 1132 1369 1167 10.
1388 1131 1544 1166 Ianuarii
1573 1132 1663 1166 1573
1699 1132 1942 1176 *sm-ipserat:

174 1188 230 1231 „Si
258 1191 276 1222 e
303 1188 396 1222 uisto
423 1187 542 1232 quello
570 1187 635 1221 che
661 1187 686 1220 il
713 1187 828 1220 Padre
846 1186 1000 1220 Antonio
1028 1187 1178 1229 guisano
1205 1185 1331 1227 scriue,
1359 1188 1395 1219 et
1421 1186 1445 1219 il
1472 1197 1577 1230 parer
1603 1185 1638 1219 di
1664 1185 1707 1220 V.
1728 1184 1768 1220 R.
1788 1186 1883 1219 circa
1909 1185 1944 1218 di

171 1242 223 1276 cio
251 1253 336 1287 pare
363 1253 432 1286 qua
459 1243 480 1275 a
506 1241 708 1285 p1·0posito“
740 1240 802 1284 (ex
829 1252 951 1285 apogr.
972 1239 1082 1274 eiusd.
1103 1242 1230 1284 temp.;
1259 1239 1378 1273 Germ.
1401 1239 1468 1274 109
1487 1239 1511 1273 f.
1533 1239 1644 1282 10812).

290 1296 330 1329 In
356 1294 599 1339 *,‚Cataloyo“
628 1296 747 1328 autem
775 1305 1008 1338 personarum
1035 1293 1242 1337 provinciae
1269 1292 1484 1327 Germaniae
1511 1292 1706 1337 superioris
1733 1291 1777 1326 ab
1796 1292 1943 1326 Hoffaeo

171 1349 382 1395 provinciali
402 1348 576 1382 Kalendis
597 1348 780 1382 Januariis
801 1347 892 1382 1574
911 1347 994 1381 dato
1022 1347 1064 1381 de
1092 1359 1132 1381 eo
1156 1346 1306 1381 dicitur:
1338 1346 1595 1389 „Concionator
1613 1345 1695 1380 Ger.
1715 1344 1943 1391 [Oeniponte]

171 1403 382 1437 Praefectus
410 1401 666 1443 Bibliothecae,
703 1413 790 1446 prae
824 1401 990 1435 manibus
1025 1400 1134 1434 habet
1168 1401 1296 1443 ingens
1332 1411 1420 1445 opus
1448 1400 1490 1434 de
1517 1399 1741 1434 confessione
1768 1399 1945 1433 catholica

170 1458 192 1491 4
219 1457 403 1491 doctorum
430 1456 615 1490 Ecclesiae
642 1455 912 1489 conficiendum.
956 1454 1147 1488 Talentum
1165 1453 1397 1488 concionandi
1416 1454 1506 1488 satis
1532 1453 1662 1488 bonum
1682 1455 1718 1487 et
1743 1452 1940 1487 scribendi⁴‘

173 1510 233 1553 (ex
266 1509 430 1553 Catalogi
465 1509 671 1554 apographo
706 1520 799 1543 saec.
828 1508 923 1543 XVI.
952 1508 1011 1542 vel
1036 1507 1150 1542 XVII.
1186 1507 1331 1552 scripto.
1383 1507 1475 1541 Hist.
1504 1507 1582 1542 Soc.
1609 1506 1652 1541 41
1682 1506 1705 1540 f.
1728 1506 1842 1549 17112).
1892 1505 1944 1540 De

172 1564 397 1599 confessione
423 1562 484 1597 illa
512 1575 544 1597 v.
564 1574 673 1607 supra
699 1574 732 1607 p.
752 1563 809 1596 47.

293 1616 458 1651 Canisius
494 1627 580 1650 vero
615 1616 681 1650 hoc
716 1618 877 1660 tempore
905 1614 962 1649 vel
997 1614 1154 1649 maxime
1190 1615 1224 1648 in
1261 1614 1490 1658 scriptionem
1527 1616 1651 1648 contra
1677 1613 1945 1648 Centuriatores

171 1670 376 1705 incumbere
403 1672 553 1715 poterat,
581 1670 665 1714 quia
692 1681 755 1714 pro
781 1680 821 1703 eo
840 1669 880 1703 P.
899 1669 1050 1703 Ioannes
1068 1668 1188 1702 Nasus
1206 1667 1247 1701 O.
1267 1667 1304 1702 F.
1325 1667 1371 1701 M.
1394 1666 1453 1711 (de
1480 1679 1548 1711 quo
1574 1666 1677 1711 plura
1696 1666 1804 1710 infra)
1825 1677 1944 1700 coram

172 1724 396 1759 Ferdinando
423 1724 466 1758 II.
486 1722 678 1758 archiduce
705 1722 979 1757 contionabatur
1008 1721 1058 1765 (v.
1078 1722 1181 1763 infra,
1207 1732 1362 1755 monum.
1386 1721 1476 1755 1160
1504 1720 1625 1760 1165).

292 1779 468 1820 Hoffaeus
494 1780 615 1811 tamen
642 1776 876 1822 provincialis
902 1775 1092 1810 Monachio
1121 1775 1174 1809 12.
1195 1774 1416 1819 Septembris
1440 1774 1529 1808 1573
1557 1773 1820 1808 Mercurianum
1848 1774 1943 1807 *mo-

171 1832 268 1866 nuit:
310 1832 437 1873 „Pater
464 1830 630 1865 Canisius
657 1830 725 1864 etsi
752 1841 822 1864 non
849 1830 1090 1869 concionetur,
1126 1828 1176 1862 ait
1206 1831 1327 1862 tamen
1355 1827 1527 1872 Princeps
1553 1827 1670 1872 ipsun]
1697 1826 1814 1861 adhuc
1840 1838 1943 1861 suum

172 1896 251 1919 esse
291 1884 587 1925 concionatorem,
626 1895 695 1928 quo
722 1883 831 1917 verbo
869 1883 963 1917 idem
990 1882 1100 1916 Pater
1137 1882 1272 1925 ligatus
1304 1883 1359 1915 est
1394 1892 1458 1914 nec
1492 1883 1611 1914 tutum
1647 1883 1702 1914 est
1731 1880 1800 1914 alio
1828 1880 1944 1925 ipsum

172 1940 316 1972 mittere
351 1939 445 1972 sicut
472 1938 615 1972 videtur
650 1937 854 1971 desiderare
889 1936 1010 1971 nescio
1047 1948 1091 1970 ex
1127 1935 1257 1979 quibus
1293 1934 1489 1980 principijs.
1541 1934 1658 1977 Cogor
1693 1945 1778 1967 vero
1814 1933 1944 1967 bonum

172 1994 311 2037 patrem
339 1991 522 2035 Dilingam
554 1991 697 2025 mittere
724 1993 764 2024 vt
791 1990 837 2024 ibi
864 1990 899 2023 in
926 2001 991 2024 suo
1019 2001 1124 2033 opere
1151 2000 1266 2032 Vsque
1293 1988 1336 2022 ad
1364 1987 1505 2022 Pascha
1535 1990 1663 2032 pergat
1688 1986 1784 2021 haud
1811 1986 1946 2030 absque

174 2045 323 2090 Collegij
351 2045 573 2079 incommodo
602 2043 663 2087 (ex
690 2045 850 2087 autogr.;
879 2043 998 2078 Germ.
1021 2042 1086 2077 153
1114 2043 1137 2077 f.
1158 2042 1273 2084 204b).
1318 2042 1467 2076 Labitur
1493 2041 1604 2086 igit-ur
1630 2041 1838 2083 Sacchinus,
1865 2051 1945 2074 cum

172 2098 316 2134 scribit:
353 2098 519 2133 Canisius
546 2109 577 2132 a.
601 2098 689 2132 1573
717 2096 830 2131 Roma
859 2096 1120 2141 „Oenipontum
1146 2107 1313 2130 reuersus
1340 2094 1552 2137 Evangelici
1583 2094 1790 2139 interpretis
1816 2104 1946 2127 munus

175 2181 209 2188 ..
230 2153 402 2198 .repetiit
438 2150 540 2194 (Can.
570 2152 666 2195 288).
718 2152 807 2185 Item
843 2152 975 2194 Boero,
1012 2161 1094 2184 cum
1130 2149 1276 2184 scribit:
1316 2149 1373 2191 „Si
1409 2159 1559 2182 nascose
1593 2147 1652 2181 nel
1688 2159 1751 2182 suo
1788 2146 1946 2190 Collegio

174 2206 403 2251 d'Inspruch‚
440 2205 654 2250 ripigliando
680 2204 713 2238 le
749 2205 963 2243 intramesse
999 2203 1214 2238 fatiche...
1243 2203 1299 2236 del
1335 2202 1519 2247 predicare
1555 2201 1625 2235 alla
1658 2204 1765 2242 corte,
1801 2201 1854 2234 cis>
1880 2200 1946 2234 che

174 2263 341 2306 prosegu'i
368 2270 389 2293 a
415 2260 491 2293 fare
518 2271 581 2304 per
607 2261 661 2292 tre
688 2259 772 2292 anni
799 2257 978 2292 continui“
1012 2256 1114 2301 (Can.
1136 2256 1233 2297 358).

175 2369 329 2406 1848.
417 2367 787 2405 ELEONORA
817 2368 1031 2403 Perdinandi
1052 2369 1076 2403 Ι.
1096 2367 1323 2412 imperatoris
1341 2366 1425 2408 filia,
1453 2364 1637 2400 Guilielmi
1655 2364 1826 2400 Mantuae
1845 2364 1946 2399 ducis

364 2435 465 2463 uxor,
493 2421 694 2458 CANISIO.
1010 2422 1161 2455 Mantua
1188 2421 1284 2455 circa
1310 2419 1467 2454 medium
1493 2431 1539 2453 m.
1559 2420 1764 2462 Augustum
1794 2418 1898 2453 1573.

294 2489 349 2523 Ex
379 2488 614 2533 autographis
633 2487 768 2522 Canisii
793 2490 828 2522 et
848 2486 1074 2521 Hermanutii
1100 2485 1276 2531 epistulis.
1322 2484 1442 2520 Germ.
1466 2484 1542 2525 183,
1568 2495 1602 2518 n.
1622 2484 1709 2524 271;
1737 2484 1857 2519 Germ.
1880 2482 1946 2517 153

176 2544 202 2578 f.
234 2543 310 2578 185.

299 2603 564 2644 C(›nse.s·sm·1'1cm
588 2612 810 2644 yermanmn,
838 2602 900 2644 qui
925 2602 966 2634 de
993 2601 1164 2634 Sociecate
1190 2600 1245 2642 sit,
1271 2600 1368 2641 petit.

297 2686 496 2727 Canisius
522 2686 747 2740 Oemponte
769 2687 808 2727 8.
834 2685 1087 2740 Septembris
1111 2685 1227 2725 1573
1250 2683 1525 2724 Marem-iano
1553 2682 1793 2735 praeposito
1822 2694 1946 2734 qene-

177 2752 260 2792 ναίί
292 2752 352 2791 sic
383 2752 553 2804 scripsit
593 2751 643 2791 cle
676 2750 887 2792 Eleonora
920 2747 1272 2800 (1534—155)-1')‚
1308 2746 1578 2788 Ferdinandi
1611 2745 1644 2787 I.
1681 2746 1947 2800 imperatoris

174 2816 279 2870 filia,
313 2830 419 2870 quae
453 2831 490 2857 (ι.
519 2818 630 2856 1561
656 2816 879 2857 Guilielmo
915 2815 1012 2856 duci
1042 2818 1272 2855 ›nantuano
1302 2817 1528 2867 nupserat:
1555 2811 1761 2865 „Scripsit
1794 2810 1851 2851 ad
1886 2824 1947 2850 me

299 2959 308 2980 ¹
335 2959 436 3000 Vide,
463 2970 555 3004 quae
581 2959 647 2993 sub
673 2959 771 3003 ipsas
798 2959 864 2993 has
890 2958 1032 2992 litteras
1059 2957 1234 2992 dicentur.

296 3013 309 3033 ²
335 3014 366 3047 9.
388 3012 476 3047 Maii
505 3012 594 3047 1573
621 3025 641 3046 a
668 3012 945 3056 congregatione
972 3011 1132 3055 generali
1167 3010 1272 3045 electi
1304 3011 1405 3044 erant
1442 3007 1635 3053 praepositi
1663 3006 1842 3051 generalis
1872 3017 1945 3048 „as-

176 3067 388 3101 sistentes“:
425 3066 494 3100 Pro
530 3065 634 3099 Italia
672 3066 709 3100 P.
735 3065 952 3100 Benedictus
988 3064 1168 3105 Palmius;
1206 3075 1269 3108 pro
1305 3062 1508 3104 Lusitania,
1544 3061 1656 3096 Indiis
1691 3059 1945 3100 Orientalibus,

178 3119 330 3154 Brasilia
357 3119 396 3154 P.
416 3118 546 3153 Petrus
572 3118 749 3159 Fonseca;
778 3130 841 3163 pro
868 3118 1054 3163 Hispania,
1082 3117 1248 3157 Peruvia,
1276 3116 1379 3150 Nova
1406 3115 1581 3160 Hispania
1600 3114 1638 3149 Ρ.
1659 3113 1832 3156 Aegidius
1853 3112 1944 3147 Gon·

177 3172 292 3214 zalez;
321 3184 383 3217 pro
411 3171 603 3207 Germania
629 3174 664 3206 et
691 3171 809 3206 Gallia
836 3172 875 3205 P.
895 3171 1076 3206 Oliverius
1103 3171 1295 3204 Manareus
1325 3168 1454 3212 (*A‹·tcc
1483 3179 1602 3211 congr.
1630 3166 1652 3201 l.
1673 3179 1702 3201 c.
1729 3178 1762 3211 p.
1784 3166 1880 3209 109).
