2062 3443
358 149 557 194 Oeniponte
582 149 676 184 inter
701 149 890 183 exeuntem
917 158 949 182 a.
972 146 1061 182 1573
1087 149 1124 181 et
1149 147 1305 182 medium
1331 158 1362 182 a.
1386 147 1485 182 1576.
1729 150 1811 190 257

135 267 377 301 Rcbadeneira
406 269 515 301 1572:
626 272 628 423 J
845 265 1011 298 Canisius
1021 277 1031 296 .-

175 3042 203 3075 a)
223 3043 302 3068 Haec
320 3043 455 3075 suppleta
474 3046 542 3067 sunt
561 3050 597 3068 ea:
616 3041 684 3067 edit.
707 3041 763 3073 inq.
787 3042 863 3066 1590.

179 3159 190 3180 ¹
215 3159 271 3194 Mt
296 3159 327 3201 3,
354 3159 394 3200 9;
422 3159 471 3193 Le
497 3159 530 3201 3,
556 3159 588 3194 8.
735 3158 748 3179 ²
774 3157 863 3192 Rom
890 3157 923 3199 4,
953 3157 1006 3191 17.

128 3221 437 3256 Braunsberger,
456 3221 569 3249 Ganisii
588 3221 743 3256 Epistulae
763 3221 796 3247 el:
814 3221 898 3248 Acta.
929 3220 993 3247 Vll.

1349 265 1588 297 Ribadeneeffra
1619 266 1709 298 1586
1719 278 1729 298 .·

1261 334 1393 368 nostris
1455 334 1674 378 temporibus
1736 345 1814 367 con-

1261 387 1437 430 gruentia,
1475 390 1510 421 et
1545 388 1725 431 praesenti
1762 399 1815 421 ec-

1261 439 1392 474 clesiae
1429 440 1541 475 statui
1577 442 1661 474 sunt
1696 451 1816 474 neces-

1260 494 1366 527 saria.
1404 494 1552 538 Accepit
1579 494 1744 527 nimirum
1773 494 1816 527 ab

1261 558 1310 588 eo,
1339 547 1398 591 qui
1425 547 1513 581 haec
1531 547 1628 581 solus
1647 547 1731 581 dare
1759 559 1815 591 po-

1263 600 1343 641 tuit,
1380 602 1439 644 qui
1477 613 1529 635 ex
1567 600 1816 645 lapidibus

1260 654 1477 688 suscitat
1512 654 1652 689 filios
1680 654 1817 688 Abra-

1260 706 1377 748 hae',
1405 711 1623 752 vocatque
1643 719 1690 741 ea
1709 718 1816 751 quae

1261 772 1347 794 non
1374 763 1484 794 sunt
1516 764 1739 805 tanquam
1767 772 1818 794 ea

1262 825 1372 857 quae
1396 815 1533 848 sunt2.
1560 814 1627 856 Qui
1646 814 1689 848 ad
1708 814 1816 859 subij-

1262 868 1423 901 ciendam
1452 869 1488 901 et
1523 868 1817 912 prosternendam

1261 920 1396 955 saeculi
1447 920 1554 955 huius
1605 921 1817 956 vanitatem.

1261 974 1446 1008 duodecim
1474 975 1671 1019 piscatores
1698 974 1818 1018 elegit.

1262 1031 1303 1062 vt
1321 1029 1502 1072 patefacta
1518 1028 1706 1073 Evangelij
1726 1027 1817 1064 luce.

1262 1081 1432 1115 tenebrae
1447 1093 1618 1122 errorum,
1634 1082 1816 1116 vitiorum—

1261 1146 1330 1179 que
1349 1135 1516 1177 omnium,
1544 1135 1587 1169 ab
1605 1136 1735 1169 animis
1759 1135 1817 1170 ho-

1261 1188 1398 1222 minum
1441 1188 1631 1233 depulsae,
1674 1189 1818 1234 penitus

1261 1244 1529 1277 euanescerent.
1595 1242 1673 1276 Hac
1725 1242 1818 1276 enim

1261 1294 1410 1336 ratione,
1445 1306 1484 1329 se
1514 1307 1634 1329 rerum
1661 1296 1818 1330 omnium

1261 1348 1443 1383 dominum
1455 1349 1642 1383 verissime
1650 1349 1818 1390 ostendit,

1263 1405 1298 1436 et
1327 1405 1369 1436 vt
1402 1402 1510 1436 rebus
1545 1403 1709 1437 omnibus
1745 1405 1818 1437 vim

1261 1467 1363 1490 suam
1400 1455 1554 1500 largitur
1583 1458 1692 1500 atque
1717 1459 1818 1491 natu-

1261 1521 1350 1550 ram,
1380 1509 1431 1543 ita
1457 1521 1586 1544 nomen
1612 1511 1741 1554 cuique
1768 1513 1818 1545 at-

1263 1574 1333 1607 que
1371 1563 1526 1608 pretium
1564 1563 1735 1608 imponit,
1778 1566 1819 1599 vt

1261 1617 1354 1651 tanti
1369 1628 1532 1661 quaeque
1546 1628 1604 1651 res
1617 1617 1675 1659 sit,
1695 1617 1819 1661 quanti

1263 1682 1342 1704 eam
1361 1670 1457 1704 Deus
1476 1670 1656 1705 aestimat.
1694 1671 1819 1715 Neque

1237 1727 1238 1755 l
1263 1724 1356 1758 enim
1366 1723 1819 1769 Deus,prinicpibushuius

1265 1777 1402 1812 saeculi
1429 1779 1485 1812 est
1510 1777 1650 1819 similis,
1678 1779 1738 1822 qui
1756 1779 1819 1813 mi-

1238 1855 1239 1858 *
1263 1831 1396 1866 nistros
1420 1831 1563 1875 quidem
1581 1831 1730 1875 eligunt,
1757 1832 1820 1867 sed

1264 1885 1374 1920 bonos
1391 1884 1576 1919 ministros
1593 1885 1736 1919 efficere
1751 1897 1820 1920 non

1263 1941 1424 1984 possunt.
1474 1938 1555 1983 Ipse
1593 1950 1678 1973 vero
1717 1939 1820 1983 eligit

1238 1992 1517 2032 ,ministros
1544 1992 1652 2026 noui
1687 1994 1819 2027 testa-

1238 2045 1434 2094 *mentia
1473 2047 1509 2079 et
1546 2057 1612 2080 sua
1645 2045 1821 2081 electione

1238 2102 1239 2107 ’
1263 2099 1409 2134 idoneos
1438 2099 1536 2140 facit,
1572 2101 1607 2133 et
1633 2099 1677 2133 ad
1703 2100 1821 2134 omnia

1264 2164 1358 2198 quae
1401 2152 1481 2187 vult
1529 2152 1669 2187 habiles
1711 2155 1820 2197 atque

1263 2207 1472 2242 instructos.
1491 2206 1719 2252 Quapropter
1739 2218 1819 2241 cum

1265 2260 1414 2295 effectus
1440 2260 1583 2294 diuinae
1601 2260 1758 2302 virtutis,
1786 2262 1822 2294 et

1265 2313 1377 2359 [res]⁸
1402 2316 1475 2348 tam
1503 2313 1636 2348 multas
1662 2312 1821 2359 [atque]·‘¹

1240 2372 1241 2416 ζ
1265 2367 1494 2402 admirabiles
1545 2367 1731 2401 videamus
1785 2367 1822 2401 in

1240 2422 1241 2439 ¹
1264 2421 1416 2464 Ignatio,
1435 2431 1569 2464 eaeque
1584 2422 1741 2465 apertae,
1760 2431 1821 2455 ex-

1265 2475 1413 2520 positae,
1449 2473 1634 2517 oculisque
1664 2474 1821 2508 omnium

1240 2521 1241 2566 l
1265 2529 1316 2562 ita
1333 2527 1518 2562 subiectae
1536 2527 1619 2568 sint,
1639 2529 1679 2561 vt
1696 2527 1822 2571 negari

1240 2571 1242 2630 l
1265 2593 1335 2616 non
1361 2580 1502 2626 possint
1521 2580 1606 2624 (nisi
1633 2580 1677 2615 ab
1701 2592 1741 2615 eo
1761 2581 1821 2625 qui

1266 2637 1375 2678 neget
1392 2633 1503 2668 solem
1518 2633 1666 2668 meridie
1684 2633 1819 2678 lucere)

1266 2691 1303 2723 et
1328 2688 1464 2722 maiora
1488 2687 1628 2732 Ignatio
1655 2687 1740 2722 dare
1766 2699 1821 2722 co-

1266 2753 1415 2786 gamur:
1459 2741 1585 2775 demus
1622 2740 1730 2775 etiam
1772 2740 1822 2775 illi

1265 2795 1355 2830 haec
1363 2805 1454 2840 quae
1464 2794 1601 2828 minora
1612 2797 1707 2835 sunt,
1719 2794 1820 2829 intel-

1265 2849 1492 2893 ligamusque
1511 2859 1634 2882 omnes
1648 2847 1728 2882 illos
1745 2859 1821 2893 per-

1266 2903 1383 2937 fectae
1402 2902 1500 2935 vitae
1526 2901 1656 2942 radios,
1683 2912 1728 2935 ex
1754 2900 1821 2935 hac

1266 2955 1468 2990 diuinarum
1539 2954 1821 2989 illustrationum

1541 3017 1558 3029 Q

1155 3155 1167 3175 ³
1192 3154 1213 3188 2
1241 3153 1309 3188 Cor
1334 3154 1365 3195 3,
1393 3154 1424 3188 6.

1493 3213 1535 3246 17
