2051 3433
189 132 273 173 392
319 129 420 165 1973.
441 129 526 163 Can.
542 127 780 163 Mercuriano.
811 129 864 165 10.
879 129 1000 164 Martii
1019 130 1118 163 1577.
1157 129 1258 164 1974.
1279 129 1364 164 Can.
1384 130 1624 165 Mercuriano.
1654 131 1710 166 12.
1723 131 1846 166 Martii
1865 133 1968 169 1577.

188 250 266 289 aut
295 247 529 290 indicatam
555 247 686 290 etiam
711 262 765 289 ex
789 249 908 298 urbe,
938 262 1109 302 sequar.
1151 249 1363 303 Transegi
1386 249 1496 291 hanc
1518 249 1717 303 hyemem
1739 250 1967 310 laboriose⁷

188 326 239 354 ac
272 326 411 354 meam
446 312 737 367 praesentiam
779 313 848 355 hic
881 313 1172 355 necessariam
1205 313 1339 356 fuisse
1373 318 1489 368 puto,
1533 319 1583 357 ut
1616 315 1798 357 edicioni
1840 316 1966 360 simul

188 379 232 419 et
273 377 578 432 typographo¹
624 378 937 421 consuleretur.
1002 378 1133 420 Faxit
1174 379 1396 428 Dominus,
1443 384 1491 422 ut
1534 380 1643 421 liber
1688 381 1829 422 editus
1871 395 1967 423 cum

188 442 332 485 fructu
371 446 501 485 exeat
543 443 733 493 tandem,
777 456 828 485 ac
869 443 992 485 bonis
1036 446 1269 496 utcumque
1311 444 1569 494 satisfaciat,
1614 446 1685 498 qui
1724 445 1971 489 haereticos

189 508 383 550 offendet
415 507 708 562 proculdubio.

309 573 445 615 Credo
480 574 524 615 P.
551 573 853 627 prouintialis2
886 588 982 616 esse
1011 574 1288 624 sententiam,
1323 577 1371 617 ut
1394 589 1523 629 opere
1545 574 1629 616 iam
1654 575 1769 618 edito
1793 576 1967 618 redeam

192 638 500 692 Oenipontum,
535 638 616 680 etsi
651 638 794 680 nullus
827 638 920 680 fere
952 639 1040 681 illic
1062 639 1120 681 sit
1143 654 1245 680 usus
1269 653 1391 681 meae
1414 640 1702 694 praesentiae,
1737 644 1968 694 postquam

189 704 356 746 Rector
388 706 584 745 mutatus
617 706 684 745 est
698 704 727 746 3.
772 704 865 757 Ego
899 704 1233 758 ingrauescente
1265 704 1350 746 iam
1385 707 1533 747 aetate
1565 719 1648 747 non
1674 706 1866 748 delector
1887 707 1969 748 hoc

189 769 317 822 graui
349 769 569 823 pugnandi
612 782 772 822 genere
815 772 967 812 contra
999 769 1223 817 sectarios,
1265 784 1348 823 quo
1380 770 1592 812 hactenus
1625 785 1761 813 annos
1803 771 1971 824 aliquot

188 834 446 888 consumpsi,
480 848 619 887 neque
652 834 744 875 sine
777 848 935 887 magno
968 835 1116 876 labore
1151 833 1327 889 [id]³[?]
1363 836 1578 877 sustinere
1610 850 1798 890 possum.
1852 836 1896 878 Si
1925 837 1968 878 in

186 899 421 953 scriptione
464 899 781 953 persistendum
824 903 913 949 est,
958 903 1005 942 ut
1047 914 1156 941 unus
1195 905 1327 953 atque
1368 901 1481 942 alter
1524 900 1648 944 Pont.
1685 901 1830 944 Maii.4
1865 902 1967 943 mihi

188 964 483 1012 demandauit,
528 964 610 1006 etsi
653 964 724 1018 alij
769 978 792 1005 e
825 964 984 1007 nostris
1027 965 1164 1006 multo
1207 969 1354 1007 essent
1395 968 1521 1008 tanto
1560 966 1727 1008 muneri
1761 967 1968 1020 aptiores,

188 1044 372 1083 aequum
406 1034 473 1072 est
506 1044 574 1071 me
606 1030 784 1083 obsequi
818 1030 1066 1072 maioribus,
1132 1031 1334 1084 Alioquin
1378 1034 1421 1073 et
1453 1031 1591 1073 leuius
1623 1031 1739 1080 mihi,
1783 1034 1827 1074 et
1861 1032 1968 1074 Ger-

187 1095 357 1138 manico
400 1095 558 1150 populo
592 1095 752 1145 utilius,
798 1098 843 1137 et
885 1095 1140 1148 quibusdam
1185 1097 1377 1138 nostris5
1419 1096 1589 1150 gratius
1630 1096 1723 1138 fore
1764 1097 1968 1151 putarim,

188 1160 246 1203 sib
279 1161 569 1203 Germanicis⁰
609 1160 768 1202 libellis
806 1160 982 1202 edendis
1025 1175 1200 1216 operam
1244 1161 1428 1204 daremd.
1492 1162 1559 1204 Ad
1598 1176 1725 1215 quam
1769 1176 1858 1204 rem
1893 1162 1969 1204 Di-

187 1227 331 1280 lingae
363 1227 434 1268 uel
466 1226 730 1280 Jngolstadij
775 1226 900 1268 sedes
944 1226 1046 1268 mihi
1080 1227 1345 1269 commodior
1377 1227 1471 1269 fore
1505 1227 1738 1270 uideretur.
1805 1227 1968 1269 Verum

188 1306 243 1334 ex
276 1292 504 1335 uoluntate
537 1292 808 1346 superiorum
841 1294 961 1334 totus
994 1293 1175 1346 pendeo,
1216 1307 1397 1346 quorum
1431 1293 1658 1335 uoluntate
1690 1293 1796 1334 nihil
1829 1293 1970 1335 habeo

188 1357 423 1410 antiquius,
459 1357 859 1410 quomodocumque
893 1357 943 1401 de
976 1372 1045 1399 me
1078 1358 1252 1400 tandem
1288 1361 1500 1401 statuant.

308 1423 353 1466 P.
377 1423 658 1465 Prouintialis
691 1437 836 1464 coram
867 1423 1067 1477 Principe
1092 1424 1272 1466 Alberto
1305 1438 1418 1465 nunc
1453 1423 1747 1474 concionatur,
1783 1426 1827 1466 et
1855 1423 1971 1465 sicut

187 1502 434 1543 speramus,
480 1503 574 1530 cum
622 1489 767 1531 fructu
810 1488 938 1530 aulae
980 1489 1263 1532 Bauaricaess.
1320 1489 1567 1531 Gaudemus
1609 1489 1661 1530 de
1703 1489 1968 1530 Lucernensi

188 1554 372 1607 collegio
404 1554 580 1596 tandem
615 1554 932 1604 constituendo,
968 1554 1052 1596 etsi
1084 1569 1228 1596 aerem
1263 1569 1346 1596 non
1380 1554 1568 1596 maxime
1601 1554 1837 1596 salutarem
1871 1567 1969 1595 esse

188 1619 349 1663 dicant.
400 1619 661 1662 Commendo
686 1633 753 1661 me
787 1620 832 1662 P.
858 1619 909 1661 V.
935 1619 1159 1674 sacrificijs
1193 1622 1237 1662 et
1270 1620 1470 1674 precibus
1502 1620 1544 1661 in
1578 1619 1748 1661 Christo
1781 1632 1966 1673 semper,

187 1685 400 1738 simulque
433 1685 576 1728 saluto
610 1685 656 1728 P.
680 1684 951 1727 Assistentes
991 1688 1278 1728 reuerentere.
1343 1685 1553 1727 Dominus
1586 1684 1786 1737 Belgicos
1825 1687 1969 1727 motus

187 1750 365 1792 tandem
399 1753 644 1804 componat,
687 1764 738 1792 ac
779 1752 953 1792 nostros
993 1750 1037 1792 in
1078 1753 1265 1804 utraque
1299 1750 1532 1792 Germania
1573 1751 1795 1804 operarios
1837 1749 1969 1792 utiles

190 1815 338 1858 faciat.
403 1815 667 1871 Jngolstadij
708 1818 759 1858 10
793 1815 939 1871 Martij
979 1817 1103 1859 1577.

1311 1940 1446 1982 Filius
1478 1940 1680 1994 indignus

1145 2006 1235 2048 Pet.
1261 2005 1459 2048 Canisius
1492 2019 1622 2047 manu
1655 2005 1846 2060 propria.

308 2078 335 2129 ἦ·
383 2076 628 2118 Admodum
674 2077 931 2118 Reuerendo
979 2077 1022 2118 in
1067 2077 1238 2119 Christo
1285 2077 1407 2119 Patri
1451 2079 1601 2118 nostro
1649 2077 1708 2119 .P.
1744 2075 1970 2118 Euerardo

188 2141 476 2193 Mercuriano,
515 2142 767 2196 Praeposito
802 2142 1005 2184 Generali
1039 2142 1272 2184 Societatis
1305 2142 1459 2185 JESV.
1524 2142 1702 2184 Romae.

315 2212 566 2246 Mercurianus
594 2211 738 2246 Canisio
765 2212 950 2257 respondit
978 2213 1031 2246 14.
1051 2212 1138 2245 Maii
1167 2212 1270 2246 1577.

188 2310 339 2347 197'4.
429 2311 647 2346 CANISIUS
675 2309 1058 2347 EVERARDO
1087 2310 1545 2348 MERCURIANO
1579 2311 1782 2356 praeposito
1809 2311 1970 2355 generali

380 2365 572 2400 Societatis
599 2366 691 2399 Iesu.
1342 2365 1564 2408 Ingolstadio
1595 2365 1647 2399 12.
1668 2365 1788 2398 Martii
1821 2365 1920 2399 1577.

307 2430 362 2464 Ex
382 2430 606 2474 autographo
628 2430 700 2471 (20;
728 2431 771 2473 Ἃ
792 2442 844 2475 p.;
868 2430 902 2463 in
922 2441 955 2474 p.
975 2430 997 2463 4
1017 2430 1123 2464 inscr.
1143 2433 1178 2464 et
1198 2431 1397 2473 particulae
1415 2430 1518 2473 sig.);
1549 2429 1714 2463 Canisius
1733 2429 1767 2463 in
1787 2429 1972 2474 superiore

190 2484 355 2526 margine
381 2484 518 2529 primae
546 2484 700 2528 paginae
721 2484 887 2528 scripsit:
919 2483 1153 2528 „Exemplum
1181 2484 1411 2517 secundum.“
1459 2483 1578 2517 Germ.
1601 2484 1667 2517 183
1694 2484 1719 2517 f.
1737 2482 1970 2517 2652—‘26612

310 2553 501 2589 Praefatio
529 2553 704 2589 editoris:
741 2555 815 2589 lam
844 2555 926 2589 inde
952 2555 997 2589 ab
1023 2554 1162 2599 aliquot
1188 2555 1292 2588 annis
1321 2555 1471 2588 Ioannes
1500 2554 1649 2588 lacobus
1678 2553 1805 2587 Khuen
1836 2554 1878 2587 de
1907 2553 1972 2587 Be-

188 2608 267 2653 lusy
304 2607 596 2653 archiepiscopus
631 2608 913 2651 salisburgensis
949 2611 985 2642 et
1020 2608 1063 2642 de
1099 2608 1291 2642 seminario
1328 2607 1537 2642 clericorum
1576 2607 1796 2641 instituendo
1832 2617 1853 2640 a
1884 2606 1969 2640 Gre-

310 2685 338 2712 a)
360 2686 393 2709 Π
413 2685 463 2708 hor
486 2685 527 2708 rel
547 2685 643 2708 simile
667 2693 688 2709 ι’.
710 2686 895 2716 suppleatur.
916 2692 963 2709 res
985 2685 1048 2715 ipsa
1072 2684 1188 2708 ridetur
1208 2684 1333 2715 eariyere.
1426 2682 1457 2714 b)
1479 2684 1617 2714 Sequitur
1637 2682 1677 2713 in,
1697 2683 1787 2707 oblite.
1874 2685 1900 2709 cl
1921 2683 1971 2707 Se-

188 2726 290 2756 quitur
312 2724 407 2755 libris,
427 2726 517 2750 obliti.
588 2724 618 2757 d)
641 2727 720 2750 llam·
739 2727 883 2750 sententia
904 2726 1021 2757 sigynata
1043 2728 1094 2755 est,
1117 2729 1145 2750 ut
1167 2734 1269 2756 supi-(1.
1332 2726 1359 2750 el
1382 2726 1427 2749 lta
1450 2727 1478 2749 (¹.
1501 2726 1561 2756 ipse
1582 2725 1710 2749 con-remi!
1731 2732 1767 2748 ea·
1787 2724 1935 2749 amanter.

313 2810 319 2828 ¹
350 2808 477 2842 Davidi
506 2810 676 2842 Sartorio.
825 2808 837 2829 ⁵¹
864 2808 1014 2842 Hoffaei.

310 2863 322 2882 ³
352 2864 418 2896 Pro
447 2863 484 2896 l‘.
513 2862 727 2896 Wendelino
754 2862 870 2896 Volck
897 2873 928 2896 a.
960 2861 1050 2896 1576
1086 2865 1204 2894 rector
1238 2860 1359 2895 factus
1396 2864 1474 2895 erat
1502 2861 1539 2895 P.
1571 2861 1725 2895 Ioannes
1752 2860 1972 2894 Habenstein

195 2915 330 2959 (Duhr,
358 2916 466 2949 .les.1
495 2915 562 2950 190
574 2916 616 2958 4).
763 2917 775 2935 ⁴
803 2915 837 2950 S.
857 2915 944 2949 Pius
972 2914 1013 2949 V.
1033 2916 1069 2948 et
1089 2913 1285 2957 Gregorius
1313 2914 1409 2948 XlIl.

309 2969 322 2987 ⁵
351 2968 397 3002 Ut
425 2968 494 3003 PP.
516 2968 628 3001 Paulo
657 2968 805 3002 Hoffaeo
832 2971 867 3002 et
893 2967 1115 3001 Theodorico
1142 2967 1296 3007 Caluisio,
1325 2978 1358 3001 v.
1380 2968 1485 3007 infra,
1512 2978 1667 3000 monum.
1690 2966 1792 3000 1205.

310 3021 323 3040 ⁶
350 3021 522 3055 Albertus
549 3021 591 3055 V.
611 3021 684 3055 dux
711 3021 756 3055 ab
782 3021 932 3054 Hoffaeo
963 3019 1265 3065 „postulaverat“,
1294 3024 1334 3053 ut
1353 3019 1531 3054 Monachii
1555 3019 1737 3062 „Aulicarn
1766 3019 1973 3052 concionem

189 3073 568 3117 Quadragesimaleni“
597 3074 746 3108 haberet
766 3074 959 3118 (Hoffaens
984 3071 1248 3113 *Mercurian0,
1276 3072 1465 3107 Monachio
1492 3073 1549 3107 31.
1569 3072 1691 3106 Martii
1712 3072 1814 3106 1577.
1851 3071 1972 3105 Germ.

193 3127 258 3161 138
286 3127 311 3160 f.
335 3127 447 3170 134³).
