2062 3443
149 150 253 186 2033.
282 150 449 185 Canisius
477 152 513 184 et
539 150 631 185 Socii
660 151 699 185 P.
719 150 831 185 Paulo
858 151 1017 186 Hoffaeo.
1060 150 1249 185 Monachio
1276 154 1343 186 etc.
1370 152 1440 186 lan.
1461 155 1497 186 et
1516 152 1615 187 Febr.
1640 152 1739 187 1579.
1776 157 1855 197 491

84 273 276 317 languidus
302 275 338 307 et
365 276 546 317 aegrotus,
582 275 749 308 continuo
786 277 907 308 manet
934 276 1029 307 retro
1064 274 1259 308 fornacem.
1312 275 1461 320 Accepit
1489 275 1593 309 hodie
1629 275 1856 310 medicinam.

88 325 160 361 Ora
185 338 249 371 pro
275 326 377 361 nobis
403 327 450 360 nii
479 327 597 361 Pater.
647 327 760 361 Vale*
777 326 823 372 [9]
854 327 1079 361 Lanshoutae
1108 328 1176 363 20.
1195 327 1357 372 Januarij

1382 381 1516 415 Seruus
1542 381 1763 415 Dominicus.

203 449 311 495 Pater
337 450 517 485 Michael¹
544 462 660 495 neque
687 451 745 486 hic
771 462 886 495 neque
914 451 948 485 in
977 451 1100 485 multis
1137 451 1218 485 aliis
1245 451 1332 486 locis
1369 452 1458 486 bene
1484 452 1686 486 audit-sed
1714 455 1858 486 transeo

87 504 170 549 quia
196 504 282 538 mihi
309 515 374 538 sua
400 505 536 538 astutia
556 507 591 538 et
610 504 733 538 multis
752 504 906 538 miseriis
926 505 1070 548 egregie
1098 504 1313 539 aduersatus
1333 508 1398 546 est,
1427 517 1506 539 cum
1535 505 1706 550 principis
1733 506 1857 539 futura

85 557 267 592 memoria.
319 557 364 591 Et
391 557 452 591 ille
478 569 562 591 suos
589 569 712 592 omnes
748 559 952 602 superiores
988 558 1132 602 decipit.
1184 558 1307 592 Habeo
1335 559 1393 593 hic
1428 559 1557 593 bonum
1586 570 1627 593 ac
1654 559 1751 603 pium
1779 570 1860 593 con·

83 609 274 645 fessarium
292 629 299 635 ·
315 611 395 645 laus
422 610 507 645 Deo.

199 664 252 698 De
278 675 356 698 meo
382 664 499 698 reditu
524 664 614 698 nihil
642 664 729 705 dico,
758 664 842 708 quia
868 664 1126 699 Serenissimus
1153 665 1271 699 omnia
1308 665 1386 699 uult
1414 665 1589 705 ordinare,
1626 665 1677 699 sic
1714 665 1857 700 tandem

81 728 137 751 me
163 729 308 752 seruum
335 729 377 751 ac
402 717 586 752 subditum
614 717 784 752 fecistis*
801 718 815 738 ¹³

84 828 246 865 2033.
344 828 561 863 CANlSlUS
590 831 625 863 et
651 829 711 863 alii
740 830 955 863 Germaniae
982 829 1178 874 superioris
1205 828 1327 863 SOCH
1355 828 1415 864 l'.
1439 827 1666 865 PAULO
1699 827 1855 863 1101*-

270 880 452 917 Fisssso
483 882 536 917 S.
565 881 619 917 J.
648 883 853 927 praeposito
880 883 1105 927 provinciali.

914 942 1104 976 Monachio
1132 946 1199 976 etc.
1227 942 1393 976 Ianuario
1421 946 1457 976 et.
1483 942 1677 977 Februario
1706 942 1809 976 1579.

198 1013 252 1048 Ex
287 1013 490 1047 litterarum
528 1012 692 1057 exemplo
732 1012 950 1057 archetypo,
990 1025 1095 1047 manu
1133 1013 1256 1056 ignota
1291 1013 1426 1058 scripto
1462 1017 1498 1047 et
1532 1013 1858 1058 subscriptionibus

78 1066 314 1111 autographis
351 1066 410 1109 (de
436 1066 567 1110 quibus
593 1066 696 1111 plura
732 1067 826 1100 infra
853 1067 1032 1110 dicentur)
1071 1068 1208 1101 numito
1236 1066 1315 1110 (20;
1345 1068 1365 1101 2
1393 1079 1467 1112 pp.;
1497 1067 1532 1100 in
1560 1079 1591 1112 p.
1611 1068 1634 1101 4
1661 1067 1858 1112 inscriptio,

79 1120 121 1154 de
148 1131 218 1164 qua
245 1120 374 1163 infra);
404 1119 522 1154 Germ.
544 1121 609 1154 157
638 1120 663 1154 f.
690 1119 920 1154 1832—18412.

197 1187 360 1219 Ethicam
388 1187 427 1219 in
455 1187 681 1219 universitate
708 1187 977 1226 ‘'rmolstadieusl
994 1187 1205 1219 tradendam
1226 1198 1295 1219 esse
1322 1188 1358 1219 iu
1385 1187 1624 1219 studiosorum
1654 1185 1856 1229 theoloste’ae,

78 1241 173 1274 ‘im-[s
199 1242 522 1283 (protestantium),
548 1240 794 1283 philosophicae
817 1242 975 1282 {si-otiam
1002 1245 1031 1273 et
1059 1241 1172 1282 ipsius
1198 1241 1384 1273 Societatis
1410 1251 1528 1273 causa.

882 1317 1056 1360 Jhesus.

495 1389 719 1438 Rationes,
753 1392 933 1443 propter
965 1403 1073 1442 quas
1105 1388 1281 1431 videtur
1312 1388 1441 1431 lectio

495 1454 676 1496 Moralis
707 1454 972 1508 Jngolstadij
1007 1469 1033 1496 a
1065 1453 1226 1497 nostris
1258 1454 1441 1508 suscipi-

725 1520 849 1570 enda,
884 1520 921 1562 si
953 1520 1163 1562 offeratur
1176 1521 1205 1561 2.

199 1591 403 1641 Primum,
439 1591 522 1633 Est.
553 1605 605 1633 ea
637 1591 767 1634 lectio
802 1595 1096 1634 consentanea
1129 1591 1360 1633 admodum
1383 1590 1585 1634 instituto
1609 1589 1854 1641 Societatis⁷

83 1671 177 1699 cum
211 1659 318 1710 agat
350 1656 403 1698 de
437 1656 683 1699 Virtutibus
715 1659 760 1700 et
791 1657 925 1712 vitijs.

199 1721 409 1773 Secundo,
455 1721 615 1764 Reddit
656 1722 878 1765 auditores
921 1722 1102 1765 affectos
1147 1722 1201 1764 ad
1247 1721 1511 1775 Theologiae
1555 1721 1768 1772 studium,
1812 1723 1855 1764 et

79 1787 330 1830 instructos.

197 1852 360 1902 Tertio,
404 1852 611 1905 Magnam
650 1852 877 1906 praebebit
915 1852 1076 1894 nostris
1118 1852 1388 1894 occasionem
1428 1853 1536 1894 bene
1569 1852 1761 1894 merendi
1804 1852 1856 1894 de

78 1917 426 1960 adolescentibus
447 1918 473 1959 J
479 1917 735 1972 urisperitis,
770 1932 952 1972 quorum
974 1918 1199 1972 plaerique
1222 1921 1324 1960 sunt
1348 1917 1571 1972 haeretici,
1606 1921 1650 1960 et
1680 1917 1856 1970 quibus-

78 1997 172 2026 cum
208 1983 282 2024 vix
315 1983 524 2025 habemus
557 1983 689 2025 aliam
723 1984 994 2025 occasionem
1030 1983 1339 2039 conuersandj;
1375 1983 1722 2036 quandoquidem
1755 1982 1856 2024 reli-

78 2063 186 2103 quas
208 2051 454 2090 nostrorum
488 2049 698 2091 lectiones
731 2063 816 2091 non
850 2050 1055 2091 audiunt:
1090 2049 1201 2090 hanc
1233 2053 1379 2092 autem
1412 2049 1574 2091 idcirco
1609 2048 1857 2090 auidissime

79 2114 292 2165 audirent,
327 2117 378 2156 vt
409 2113 603 2156 iacerent
637 2115 751 2156 bona
773 2114 1058 2157 fundamenta
1081 2114 1213 2156 Juris.
1263 2114 1400 2164 Adde,
1438 2114 1550 2167 quod
1574 2113 1749 2168 plurimi
1771 2127 1856 2154 non

78 2179 382 2233 Philosophiae
415 2179 555 2230 modo,
590 2193 742 2222 verum
775 2179 908 2222 etiam
942 2179 1124 2223 studiosi
1157 2180 1290 2230 duris,
1324 2179 1509 2234 idipsum
1544 2191 1856 2233 saepenumero

78 2244 400 2299 expetiuerunt.

197 2308 374 2358 Quarto,
417 2309 543 2351 Felix
594 2324 765 2364 quoque
809 2323 1067 2364 progressus
1111 2309 1296 2364 triplicis
1340 2323 1492 2352 cursus
1536 2308 1858 2363 Philosophicjss

78 2374 301 2428 postulare
344 2375 530 2426 videtur,
573 2379 622 2417 vt
664 2389 716 2417 ea
756 2375 886 2418 lectio
929 2376 987 2418 sit
1027 2388 1162 2430 penes
1202 2378 1390 2418 nostros.
1455 2375 1568 2416 Nam
1612 2388 1690 2428 per
1728 2377 1857 2428 pacta

78 2440 193 2483 inter
225 2454 304 2482 nos
344 2443 389 2482 et
420 2440 719 2490 Academicos,
763 2441 923 2484 debent
965 2440 1148 2485 studiosi
1182 2439 1489 2494 Philosophiae
1532 2442 1710 2494 praeter
1751 2439 1858 2481 duas

78 2505 288 2548 lectiones
329 2506 571 2548 ordinarias
610 2506 938 2561 Philosophicas
980 2507 1268 2560 quotidianas,
1312 2505 1462 2547 audire
1503 2506 1644 2547 altero
1686 2504 1856 2558 quidem

79 2585 191 2612 anno
236 2570 467 2614 lectionem
511 2572 893 2623 Mathematicam,
941 2573 1081 2615 altero
1125 2572 1348 2613 Moralem.
1413 2571 1492 2613 Jta
1536 2573 1584 2612 vt
1631 2570 1759 2624 plane
1804 2569 1858 2611 ad

79 2639 253 2679 nostras
275 2636 486 2689 lectiones
509 2637 695 2691 astringi
718 2651 804 2679 non
827 2638 1008 2691 possint,
1044 2637 1125 2679 nisi
1149 2637 1277 2678 simul
1301 2636 1617 2689 astringantur,
1652 2638 1702 2676 vt
1723 2635 1858 2677 inter-

198 2729 225 2759 a)
248 2730 309 2754 Hoc
330 2737 352 2754 v.
373 2730 524 2754 obscurius
543 2730 750 2761 scriptumest.
787 2729 922 2762 Vespere
935 2730 947 2754 ζ)
973 2728 1067 2754 Verte
1080 2732 1092 2753 ἵ
1165 2728 1195 2759 b)
1217 2730 1249 2753 P.
1264 2729 1407 2759 Iloffaeus
1423 2728 1619 2759 provincialis
1641 2728 1669 2751 in
1691 2727 1780 2751 huius
1799 2727 1859 2758 epi·

79 2770 174 2795 sesclae
193 2774 272 2803 tergo
291 2771 429 2802 sci-ipsit:
448 2770 585 2803 Epistola
606 2770 755 2802 Dominicj
776 2770 814 2796 ad
834 2770 866 2797 P.
884 2771 1061 2804 Reyneruni
1081 2770 1204 2803 scripta.
1226 2776 1315 2802 quam
1338 2770 1439 2795 tamen
1460 2768 1493 2803 P.
1507 2768 1669 2801 Reynerus
1691 2775 1751 2793 non
1771 2767 1859 2793 vidit.

202 2882 210 2902 ¹
237 2881 385 2923 Marius,
413 2893 543 2925 regens
570 2883 792 2917 contubernii
820 2883 989 2917 iuvenum
1016 2883 1258 2917 studiosorum
1286 2882 1523 2916 monacensis.

199 2934 212 2955 ²
238 2934 319 2968 Non
344 2934 576 2978 theologiam,
612 2936 676 2970 sed
703 2935 965 2981 philosophiam
1001 2936 1172 2970 moralem
1200 2937 1279 2969 sive
1310 2935 1506 2976 „ethicam“
1536 2934 1733 2977 significari
1761 2936 1860 2978 patet

81 2999 126 3021 ex
152 2987 241 3032 ipsis
267 2988 409 3030 litteris,
443 3000 535 3032 quae
561 2991 774 3033 sequuntur.
818 2989 1084 3034 Philosophiam
1113 2991 1232 3022 autem
1261 2989 1295 3021 in
1323 2988 1560 3022 universitate
1588 2987 1860 3031 ingolstadiensi

80 3040 147 3075 hoc
172 3044 335 3086 tempore
362 3044 397 3075 et
423 3042 615 3077 Societatis
641 3041 804 3077 homines
831 3047 867 3077 et
893 3044 962 3077 viri
989 3042 1130 3077 externi
1156 3041 1368 3081 tradebant;
1397 3041 1441 3076 cf.
1470 3052 1579 3086 supra
1605 3053 1638 3086 p.
1662 3041 1738 3075 113.

205 3096 218 3115 ⁸
248 3094 432 3137 ‚Artium“
462 3095 539 3129 sive
565 3094 811 3140 philosophiae
841 3107 989 3139 „cursus
1017 3096 1155 3137 integer
1189 3095 1297 3128 trium
1325 3095 1393 3128 erit
1410 3106 1583 3129 annorum
1603 3106 1683 3128 cum
1703 3093 1860 3131 dimidio,

82 3159 195 3192 usque
222 3148 266 3182 ad
293 3148 552 3193 promotionem
578 3148 622 3182 ad
650 3149 944 3192 magisterium“:
976 3150 1249 3183 constitutiones
1275 3148 1309 3182 S.
1329 3148 1372 3189 J.‚
1401 3148 1442 3182 P.
1460 3149 1492 3189 4,
1519 3159 1550 3182 c.
1573 3149 1626 3187 15.
1654 3159 1688 3182 n.
1708 3148 1740 3182 2.
