2062 3443
655 136 747 170 Mon.
779 135 878 170 1262.
918 135 965 169 M.
987 135 1179 169 Novembri
1208 146 1238 168 a.
1262 135 1364 170 1580.
1808 141 1890 181 835

128 251 295 286 euitauda
332 252 561 293 incommoda,
598 256 631 287 et
659 253 842 287 curabitur
879 264 938 297 per
975 252 1228 286 instructiones
1264 253 1370 286 etiam
1398 254 1554 298 scriptas
1581 266 1700 288 eorum
1729 255 1788 298 qui
1815 255 1893 288 mit-

126 306 261 345 tuntur,
288 307 328 339 ut
354 305 521 350 deinceps
547 307 760 340 caueantur“
786 308 846 347 (et
869 305 1074 350 apographo
1093 317 1123 338 a.
1147 305 1235 339 1587
1264 305 1298 338 in
1327 318 1428 340 usum
1457 308 1660 351 provinciae
1681 307 1894 342 Germanum

126 358 321 403 superioris
346 359 499 403 scripto;
529 359 612 394 Cod.
644 361 703 402 „ss.
726 360 787 394 10“
819 371 850 404 p.
872 359 1041 402 40—42).

128 473 279 510 1262.
364 476 405 512 M.
434 476 625 512 Novembri
653 486 684 512 a.
713 475 808 512 1580.

248 550 426 590 Quomodo
451 550 583 591 factum
603 551 658 593 sit,
688 554 722 581 nt
746 550 912 582 Csmisius
930 549 1150 590 Fribmyzcm
1171 548 1409 582 Helrete'ornm
1430 550 1636 582 mitteretur.
1678 550 1895 583 Bonhome'us

128 603 275 635 nennius
300 603 512 645 apostoliens
538 603 839 646 Fre‘burymsihus
865 607 894 635 et
918 603 1079 644 pontifici
1105 602 1284 644 colleyr'eem
1316 603 1517 645 persuadet.
1569 603 1668 635 Bona
1698 604 1895 635 marsensia

126 656 232 688 eidem
269 656 454 688 destinata.
508 657 681 698 Iloffaewus
714 656 946 699 provincialis
983 666 1053 688 rem
1090 656 1312 697 deprecatur.
1365 656 1517 688 Senatus
1554 656 1725 689 rationem
1762 657 1895 699 eolleyt'i

126 710 263 750 omittit,
289 710 348 742 sed
367 709 562 742 Bonhome'o
586 714 730 742 anctore
757 710 911 742 resmnit.
952 709 1124 751 Hoffaeus
1142 720 1163 741 (ι
1186 710 1353 751 pontifice
1381 710 1497 742 lus-sus
1521 710 1644 741 statuit
1674 710 1790 742 urbem
1818 720 1895 742 cum

127 762 321 795 Bonhomt‘o
350 763 511 805 1'1191·edi,·
535 764 595 795 secl
622 764 828 804 infirmitate
856 764 924 806 ipsa·
952 764 1198 795 intervem'ente
1218 767 1245 794 et
1267 763 1429 795 Haivodo
1457 763 1508 795 ire
1534 767 1727 805 recusante,
1754 764 1896 795 tandem

129 815 314 849 Canisl‘um
344 817 459 849 nn‘ttit.

247 898 477 947 Quaeritur
510 913 829 951 nonuunquam,
873 898 1085 952 quomodo
1128 898 1290 940 factum
1335 898 1404 948 sit,
1447 901 1495 940 ut
1528 898 1735 949 Canisius,
1769 899 1895 940 homo

128 964 385 1006 Germaniae
427 963 642 1005 inferioris
684 965 805 1017 isque
844 964 1171 1017 sexagenarius,
1214 963 1473 1016 Friburgum
1508 963 1807 1006 Helvetiorum
1842 963 1895 1005 ad

125 1028 409 1071 fundamenta
450 1029 621 1083 collegii
662 1030 858 1071 iacienda
898 1029 1054 1071 missus
1095 1029 1152 1071 sit
1184 1029 1311 1082 idque
1345 1043 1394 1071 eo
1434 1029 1527 1083 ipso
1560 1032 1768 1083 tempore,
1813 1043 1896 1082 quo

126 1094 386 1148 praepositis
410 1095 640 1137 Societatis
664 1095 953 1137 annuentibus
976 1095 1029 1136 ad
1063 1095 1228 1148 grande
1251 1109 1374 1136 suum
1400 1097 1551 1137 contra
1573 1094 1897 1137 Centuriatores

126 1159 525 1213 Magdeburgenses
558 1174 664 1214 opus
696 1159 1091 1213 recognoscendum
1125 1160 1368 1213 iterumque
1392 1160 1603 1202 edendum
1627 1174 1673 1201 se
1696 1159 1895 1214 accinge-

127 1225 214 1267 bat.
278 1225 346 1266 Ad
379 1225 489 1267 hanc
523 1225 819 1278 quaestionem
854 1225 915 1267 ita
948 1228 1015 1267 est
1048 1225 1408 1279 respondendum,
1451 1228 1500 1267 ut
1533 1227 1772 1275 enarretur,
1813 1239 1897 1278 qua

126 1290 295 1332 ratione
329 1290 522 1332 Societas
564 1290 619 1332 ad
661 1290 888 1343 collegium
931 1290 1217 1342 friburgense,
1261 1304 1286 1332 a
1328 1304 1411 1343 quo
1452 1293 1555 1332 tunc
1598 1290 1768 1343 quidem
1801 1304 1896 1332 sus-

127 1355 323 1410 cipiendo
364 1355 460 1409 ipsa
501 1358 671 1398 tantum
714 1369 798 1397 non
841 1355 1116 1405 abhorrebat,
1159 1356 1336 1398 tandem
1378 1355 1691 1398 admittendum
1736 1362 1780 1398 et
1821 1369 1897 1409 per

127 1435 257 1463 unum
303 1434 357 1462 ex
404 1420 655 1463 clarissimis
699 1421 918 1462 sodalibus
963 1420 1052 1462 suis
1097 1420 1382 1462 incohandum
1427 1421 1614 1463 adducta
1647 1421 1716 1464 sit.
1780 1421 1898 1470 Quae

128 1486 347 1528 enarratio
381 1485 578 1540 proximo
613 1500 781 1539 quoque
825 1485 946 1528 huius
979 1486 1121 1540 operis
1155 1485 1374 1536 volumini,
1418 1487 1531 1539 quod
1569 1485 1651 1528 erit
1684 1486 1736 1528 de
1768 1487 1898 1528 rebus

127 1550 329 1604 Friburgi
364 1565 389 1593 a
422 1551 592 1593 Canisio
634 1552 784 1605 gestis,
827 1551 945 1593 utilis
982 1551 1086 1599 erit;
1131 1565 1184 1592 ex
1219 1565 1270 1593 ea
1302 1551 1415 1593 enim
1448 1551 1742 1604 intellegetur,
1786 1565 1898 1605 quae

128 1616 299 1660 Canisio
332 1616 390 1658 ibi
425 1616 705 1659 difficultates
738 1616 1020 1671 superandae,
1055 1617 1128 1669 qui
1159 1617 1331 1658 labores
1364 1617 1618 1659 exantlandi
1652 1616 1826 1660 fuerint.

245 1688 350 1738 Iam,
393 1702 447 1730 ne
489 1691 669 1730 narrata
711 1689 849 1730 denuo
890 1690 1134 1738 narrentur,
1178 1687 1284 1729 haec
1327 1687 1519 1730 breviter
1560 1687 1601 1728 in
1644 1687 1895 1730 memoriam

126 1767 299 1804 revoco,
333 1767 444 1807 quae
476 1753 617 1795 relata
649 1757 752 1796 sunt
783 1767 915 1807 supra
947 1752 1005 1807 (p.
1031 1755 1185 1802 532)¹:
1222 1753 1301 1795 Die
1335 1755 1373 1795 5.
1398 1752 1622 1794 Februarii
1650 1755 1760 1795 1580
1785 1754 1896 1795 Mer-

127 1821 336 1862 marianus
367 1818 601 1861 Societatis
642 1819 917 1873 praepositus
958 1818 1175 1872 generalis
1217 1821 1261 1860 et
1302 1817 1519 1860 Canisium
1562 1821 1606 1860 et
1641 1818 1684 1861 P.
1717 1818 1896 1860 Paulum

127 1885 356 1926 Hoffaeum
406 1883 702 1938 praepositum
752 1884 1062 1937 provincialem
1109 1883 1366 1926 Germaniae
1412 1883 1645 1937 superioris
1692 1884 1898 1926 certiores

126 1949 252 1992 fecit:
293 1949 533 2000 „Hortatu“
572 1949 744 1991 Ioannis
783 1949 1002 1991 Francisci
1034 1948 1260 1990 Bonhomii
1302 1947 1493 2002 episcopi
1535 1948 1813 1990 vercellensis
1855 1950 1899 1991 et

126 2014 355 2069 apostolici
386 2014 499 2068 apud
535 2014 761 2057 Helvetios
798 2014 938 2056 nuntii
971 2014 1225 2068 Gregorium
1262 2013 1376 2057 XIII.
1410 2013 1656 2066 pontificem
1691 2014 1896 2057 Societati

126 2080 371 2129 mandasse,
405 2083 453 2121 ut
485 2079 686 2133 Friburgi
719 2079 1019 2122 Helvetiorum
1063 2079 1291 2132 collegium
1324 2078 1570 2128 incoharet;
1615 2079 1681 2120 cui
1716 2078 1898 2132 collegio

127 2144 394 2188 instituendo
426 2144 625 2199 pontifex
657 2145 770 2187 bona
803 2144 1053 2187 monasterii
1078 2144 1312 2186 marsensis
1335 2168 1392 2172 —
1414 2143 1456 2185 id
1480 2144 1591 2196 quod
1614 2143 1694 2185 sibi
1727 2145 1899 2198 placere

128 2213 307 2266 senatus
340 2210 624 2264 friburgensis
666 2210 826 2253 litteris
868 2210 923 2252 ad
964 2210 1211 2264 pontificem
1254 2211 1321 2252 26.
1353 2208 1605 2251 Decembris
1641 2211 1751 2251 1579
1786 2210 1900 2252 datis

130 2276 433 2318 affirmaverat
455 2299 512 2304 —
535 2275 784 2318 destinavit.
836 2275 993 2317 Verum
1019 2277 1206 2317 exeunte
1229 2289 1284 2317 m.
1308 2274 1423 2316 Maio
1453 2275 1563 2315 1580
1586 2274 1900 2328 Friburgenses

130 2341 311 2384 Hoffaeo
345 2354 521 2395 operam
554 2354 674 2382 suam
700 2340 897 2382 offerenti
931 2340 1259 2394 responderunt,
1294 2353 1340 2381 se
1374 2339 1545 2392 collegii
1567 2339 1775 2382 condendi
1799 2354 1900 2382 con-

129 2405 271 2448 silium
295 2406 518 2456 abiecisse,
543 2406 643 2459 quia
665 2406 778 2448 bona
800 2405 1039 2448 marsensia
1058 2405 1194 2447 eidem
1215 2419 1296 2445 non
1317 2404 1515 2446 sufficere
1534 2404 1744 2448 vidissent
1762 2419 1900 2459 neque

129 2470 211 2525 ipsi
245 2471 472 2525 quiequam
509 2471 660 2513 iisdem
694 2471 930 2524 adiungere
970 2472 1162 2524 possent.
1228 2471 1370 2522 Atque
1404 2469 1612 2523 Hoffaeus
1645 2470 1814 2523 quidem
1847 2470 1899 2513 iis

128 2536 315 2590 scripsit,
349 2550 443 2579 eam
489 2536 843 2578 deliberationem
885 2535 966 2577 sibi
1001 2535 1081 2587 „ob
1122 2535 1341 2576 hominum
1382 2534 1650 2588 penuriam“‚
1685 2549 1769 2588 qua
1801 2549 1900 2590 pro-

128 2599 273 2643 'vincia
313 2615 392 2643 sua
433 2602 668 2651 laboraret,
711 2603 883 2654 gratam
926 2601 1061 2642 esse2.
1136 2600 1395 2641 Bonhomius
1436 2612 1541 2641 vero
1582 2599 1698 2642 illam
1740 2600 1900 2643 litteris

253 2758 262 2776 ¹
288 2757 380 2792 Vide
406 2758 512 2792 etiam
531 2759 608 2792 Jos.
629 2758 837 2801 Schnenwly
864 2760 899 2791 et
918 2758 1010 2792 J.-J.
1030 2757 1194 2790 Berthier
1212 2755 1252 2790 O.
1273 2756 1343 2797 Pr„
1371 2755 1512 2801 Projets
1539 2755 1685 2790 ariciens
1711 2756 1753 2790 de
1772 2755 1901 2791 hautes

130 2811 256 2846 &tudes
291 2810 515 2855 catholiques
551 2823 594 2845 en
629 2810 770 2851 Suisse,
808 2810 982 2853 Fribourg
1020 2810 1129 2851 1891,
1166 2809 1326 2851 39—41‚
1362 2811 1398 2843 et
1434 2811 1492 2844 Jo.
1520 2810 1798 2853 Krez'enbe'ihler‚
1834 2809 1900 2844 Die

131 2864 332 2908 Griindung
358 2864 420 2899 des
448 2863 834 2907 Jesuitenkollegiums
861 2875 903 2897 zu
930 2862 1106 2906 Freiburg
1133 2862 1169 2896 in
1195 2862 1257 2896 der
1285 2861 1456 2903 Schweiz,
1484 2862 1520 2896 in
1545 2861 1800 2904 „Festschrift“
1831 2864 1899 2898 etc.

133 2917 184 2961 (v.
210 2928 319 2962 supra
345 2929 378 2962 p.
401 2917 499 2961 777),
527 2917 678 2952 60-72,

250 2977 263 2997 ²
288 2976 525 3021 Nequaquam
552 2977 726 3019 Hoffaeus
760 2975 992 3020 provincialis
1027 2974 1219 3018 collegium
1251 2974 1478 3018 friburgense
1513 2973 1655 3008 omnino
1689 2975 1899 3017 recusabat;

131 3028 303 3075 *scripsit
335 3030 429 3064 enim
464 3030 690 3064 Mercuriano
725 3029 928 3074 praeposito
964 3027 1123 3071 generali
1150 3026 1243 3061 Hala
1272 3027 1325 3061 12.
1345 3027 1480 3071 Aprilis
1507 3027 1618 3062 1580:
1648 3026 1769 3072 „Rogo
1795 3029 1834 3062 P.
1857 3028 1899 3064 V.

132 3082 268 3118 efficiat
301 3083 395 3128 apud
422 3082 633 3117 Pontificem
668 3085 709 3116 vt
734 3094 798 3116 nos
824 3081 950 3115 liberet
977 3081 1021 3115 ad
1052 3080 1191 3124 aliquot
1224 3091 1336 3114 annos
1362 3091 1383 3114 a
1409 3091 1494 3114 cura
1519 3079 1730 3115 instituendi
1757 3081 1899 3127 collegij

131 3136 336 3180 Friburgi“;
364 3138 401 3170 et
419 3137 583 3180 Augusta
602 3136 633 3170 7.
652 3135 739 3169 Maii
760 3134 869 3170 1580:
901 3134 1045 3177 „Malim
1072 3145 1216 3168 causam
1234 3133 1510 3177 Friburgensem
1537 3134 1706 3178 suspendi
1724 3135 1759 3169 in
1778 3135 1901 3180 plures

1551 3192 1622 3226 53*
