2062 3443
356 155 556 201 Oeniponte
582 155 675 190 inter
703 156 894 189 exeuntem
920 165 952 189 a.
975 153 1064 188 1573
1091 155 1127 187 et
1153 153 1309 187 medium
1336 164 1366 188 a.
1389 153 1490 187 15T6.

134 277 373 311 Ribmlenet’ra
402 277 495 308 1572
505 287 516 308 .-

92 348 157 389 [L.
178 350 210 389 3,
245 359 273 380 c.
294 350 325 389 5,
361 347 388 387 f.
419 343 522 387 8611]
550 343 603 377 Ex

45 411 116 444 quo
150 398 395 442 intelligimus,
431 397 603 441 Collegio-

46 464 135 495 rum,
171 463 262 496 quae
289 451 323 485 in
350 451 520 485 uniuersa
546 449 605 483 So-

46 506 177 541 cietate
204 505 401 539 constituta
431 504 606 538 hactenus

44 561 140 601 sunt,
176 558 327 603 primum
363 557 519 591 omnium
554 559 604 590 te-

46 624 130 647 nere
157 612 276 646 locum
304 610 605 650 Conimbricense‚

44 665 156 709 Regis
208 665 415 699 Lusitaniae
466 663 605 697 munifi-

45 718 173 760 centia,
192 718 261 753 iam
274 721 349 752 tum
364 717 605 757 informatum,
630 746 631 751 ,

45 775 169 817 postea
180 783 264 806 uero
273 771 380 805 etiam
393 771 604 816 perfectum.
629 759 631 798 l

92 832 159 875 [L.
179 834 211 873 3,
250 845 277 866 c.
308 834 339 874 9,
365 832 394 874 f.
415 830 516 872 92b.·]
549 829 604 863 Ad

45 896 137 930 quae
172 884 259 919 illud
296 885 402 918 etiam
437 883 605 927 deinceps

43 944 65 967 a
99 932 190 967 Iulio
226 932 287 966 111.
315 934 352 966 et
384 931 497 965 Paulo
524 930 602 964 1111.

43 985 228 1031 praeclare
264 984 423 1019 additum
460 986 526 1024 est,
565 987 630 1018 ut=

42 1038 209 1082 singulae
240 1038 366 1072 Italiae
392 1037 604 1071 Iudaeorum
628 1058 629 1075 2
677 1068 684 1074 ,
766 1068 780 1088 d

44 1092 268 1137 Synagogae,
285 1096 419 1126 certam
433 1091 604 1135 pecuniae
628 1083 629 1121 l
660 1068 753 1115 1¹33]
807 1067 1060 1105 ’JUdaeorum-

371 1143 604 1179 Cathecume-
628 1151 629 1156 ¹

47 1210 187 1233 morum
203 1198 321 1233 domui
337 1198 528 1242 quotannis
543 1197 605 1231 im·
628 1202 629 1210 ¹

46 1156 236 1180 summam.
256 1172 263 1179 .
283 1172 290 1179 .
312 1173 319 1180 .

43 1252 212 1298 pendant.

92 1305 145 1350 [L.
164 1306 196 1347 3,
215 1317 244 1340 ο.
267 1305 320 1346 11,
339 1306 363 1340 f.
383 1305 427 1340 97
442 1304 463 1349 1]
485 1303 522 1349 [f.
542 1305 604 1339 96¹2
628 1276 629 1329 l

44 1359 88 1394 ad
131 1359 212 1394 97⁸:
255 1358 432 1402 Magister
474 1358 605 1392 Petrus

43 1412 158 1447 Faber
177 1439 185 1447 .
205 1439 212 1447 .
233 1425 240 1447 :
268 1412 446 1446 Lutetiam
473 1411 605 1446 Parisi-

45 1477 157 1507 orum,
197 1465 509 1509 undeuigesimum
544 1476 604 1499 an-

42 1531 127 1554 num
160 1530 284 1562 agens,
319 1518 503 1564 profectus
530 1521 586 1553 est
598 1532 605 1560 ;

43 1599 52 1608 .
71 1601 79 1608 .
100 1599 108 1608 .
126 1573 161 1607 in
187 1572 368 1616 Ignatium
404 1572 530 1607 incidit
548 1598 556 1607 .
573 1599 579 1607 .
597 1600 603 1607 .

43 1638 64 1661 a
82 1637 152 1671 quo
171 1653 178 1661 .
194 1653 202 1662 .
218 1653 226 1662 .
245 1626 288 1661 ad
309 1627 385 1660 eius
412 1626 509 1661 uitae
527 1638 605 1661 cur-

46 1691 124 1715 sum
138 1708 146 1721 ‚
197 1691 302 1724 quem
346 1682 474 1725 postea
516 1679 602 1724 socij

43 1745 167 1768 omnes
184 1736 270 1768 sunt
283 1733 448 1777 ingressi,
468 1733 604 1778 primus

44 1787 221 1823 adductus
279 1789 346 1822 est.

44 1906 207 1939 quorum,
242 1894 367 1939 uenit]
407 1894 521 1929 Roma
546 1895 603 1929 de-

43 1948 137 1993 inde,
156 1948 321 1983 Parmam
340 1948 506 1993 primum,
525 1951 602 1983 tum

43 2003 80 2037 in
123 2001 354 2037 Germaniam
397 2014 417 2036 a
459 2002 604 2036 Summo

44 2055 218 2090 Pontifice
229 2056 238 2076 ¹
249 2056 382 2090 missus
393 2058 464 2090 est:
480 2059 605 2101 postea

47 2109 157 2144 etiam
201 2121 282 2144 cum
322 2108 363 2143 D.
395 2109 530 2144 Ortizio
569 2110 604 2143 in

45 2162 268 2208 Hispaniam,
295 2161 391 2197 haud
416 2162 466 2197 ita
492 2162 605 2197 multo

47 2218 128 2262 post
161 2219 353 2250 reuocatus
390 2217 521 2250 iterum
551 2219 608 2250 est

46 2270 82 2304 in
100 2269 340 2305 Germaniam.
379 2269 456 2311 Qua
474 2270 508 2303 in
528 2281 606 2315 pro-

167 2406 194 2436 ὃ)
216 2406 297 2429 Crux
318 2405 347 2429 in
368 2406 508 2437 maryine.

50 2454 75 2471 v.
95 2447 290 2478 supplendum

44 2496 101 2520 pro
121 2494 208 2520 quae,
227 2489 301 2520 quod
323 2489 388 2513 ΕΜ.
408 2489 579 2520 scripserat.

170 2577 180 2598 ¹
207 2577 318 2612 Paulo
344 2577 405 2611 111.

419 1786 604 1821 Confectis
626 1825 628 1837 Ι

43 1841 185 1887 studiis,
204 1842 239 1875 in
259 1840 412 1879 Italiam,
432 1841 505 1875 dux
523 1840 603 1875 reli·
626 1841 629 1848 '

582 2403 612 2434 b)
634 2405 681 2430 Sic
700 2405 722 2429 ir

311 2454 371 2471 esse
399 2447 580 2478 intelleyitur
599 2455 635 2471 ex
655 2447 718 2478 ipso
738 2446 954 2471 Ribacleneirue
975 2446 1057 2470 libro.

672 2487 696 2518 f)
720 2488 791 2513 Tria
814 2495 854 2512 vv.
875 2496 933 2519 sqq.
954 2496 970 2511 α
993 2488 1020 2511 tf.
1041 2494 1133 2518 supra
1156 2493 1240 2510 versu

844 272 916 305 Can
923 272 1009 304 isius
1020 283 1031 303 .·

711 343 833 391 Pag.²·
869 342 932 380 86.
1001 341 1111 379 Tunc
1157 341 1211 378 in-

659 403 864 446 choatum,
922 404 1060 450 postea
1118 413 1211 438 uero

660 461 776 499 etiam
831 461 1079 510 perfectum]
1144 460 1210 497 Jn-

661 521 842 558 choatum
874 519 975 557 enim
1003 520 1116 568 lege¹'
1142 533 1212 569 pro

660 580 924 617 informatum.

715 832 833 880 Pag.e
863 831 926 869 92.
958 830 1002 868 B.
1054 830 1109 867 Vt
1138 829 1212 867 sin-

1728 156 1811 197 261

1351 270 1587 303 Ribadenet'ra
1618 272 1728 304 1586.-

1307 340 1371 383 [L-
1387 345 1418 383 3,
1433 352 1459 374 c.
1473 344 1504 383 -1,
1518 341 1546 382 f.
1561 340 1816 381 119'1—120-1,-s

1234 367 1237 426 l
1262 394 1363 427 Nihil
1391 396 1610 428 immutatum
1638 399 1695 427 esl.

1309 834 1374 875 [L.
1403 836 1442 877 σι’,
1486 845 1511 865 «μ.
1547 838 1586 876 9,
1627 834 1654 875 f.
1690 832 1793 875 [ἐν]

660 891 776 939 gulae
816 890 854 927 in
891 889 1015 927 Jtalia
1047 888 1213 927 JUdan-
1264 887 1363 919 *Villi'l
1390 888 1611 919 immutatum
1639 891 1697 920 esf.

660 963 744 987 rum
801 949 1065 998 Synagogae]
1150 948 1214 986 Sic

660 1009 814 1046 mallem
834 1009 967 1057 legere
988 1020 1100 1056 quam
1120 1008 1214 1055 [Ita.-

714 1306 796 1344 Fol.
813 1307 873 1344 97.
897 1305 943 1343 de
955 1305 1072 1342 Petro
1084 1305 1212 1342 Fabro

658 1366 770 1416 plura
809 1365 884 1403 dici
924 1369 962 1402 et
1000 1364 1089 1402 addi
1126 1376 1212 1413 pos-

660 1428 757 1463 sent.
814 1424 910 1462 Mihi
942 1423 1093 1472 quidem
1114 1424 1212 1460 haec

658 1484 822 1522 ueniunt
849 1484 888 1521 in
917 1486 1086 1521 mentem
1099 1489 1123 1528 e,
1163 1495 1212 1520 ex

660 1544 799 1593 quibus
841 1543 1030 1581 nonnulla
1072 1541 1212 1591 subijci

657 1607 820 1653 possent
850 1606 941 1653 post
979 1602 1047 1640 illa
1077 1603 1211 1645 uerba,

657 1663 822 1701 Mirifice
870 1661 944 1700 sibi
990 1660 1210 1710 obligauit]

658 1722 872 1771 Pergratus
883 1721 949 1760 ille
964 1721 1037 1759 fuit
1046 1721 1212 1758 Alberto

658 1781 857 1821 Cardinali
939 1781 1211 1830 Moguntino²‚

658 1842 761 1892 apud
802 1854 912 1890 quem
963 1840 1029 1878 diu
1070 1839 1210 1885 haesit,

658 1902 831 1952 psalmos
886 1899 1042 1938 interim
1096 1899 1212 1937 Daui-

658 1959 787 1999 dicoss
825 1960 865 1998 in
907 1960 1043 1997 schola
1091 1959 1213 1997 Theo-

657 2020 786 2070 logica
825 2019 1055 2068 Moguntiae
1093 2019 1212 2056 inter-

658 2083 838 2130 pretatus
855 2094 862 2117 :
893 2082 1031 2128 gratus
1049 2078 1214 2116 Otthoni

661 2138 859 2178 cardinali
940 2140 1213 2187 Augustano³‚

659 2198 855 2248 Episcopo
882 2197 1059 2248 Spirensi
1074 2201 1099 2244 ⁴,
1119 2197 1213 2235 mul-

659 2258 788 2307 tisque
823 2257 1085 2307 magnatibus.
1134 2256 1214 2294 Ali-

661 2317 815 2367 quoties
845 2330 932 2355 cum
964 2317 1144 2354 Bucero⁵
1176 2320 1240 2359 et,

49 2630 135 2673 tino,
163 2631 315 2676 principi
339 2630 485 2665 electori
511 2629 661 2675 imperii.

169 2684 182 2704 ⁸
207 2683 293 2719 Otto
318 2683 519 2718 Truchsess
553 2684 596 2717 de
622 2682 825 2725 Waldburg
852 2693 945 2716 anno
974 2680 1076 2722 1542,
1113 2691 1182 2724 quo
1209 2692 1229 2714 a
1255 2680 1282 2714 F
1285 2680 1370 2714 abro
1409 2679 1594 2714 exercitiis
1620 2678 1734 2713 sacris
1760 2690 1818 2713 ex-

50 2737 169 2772 cultus
203 2739 269 2779 est,
304 2737 460 2772 decanus
496 2736 714 2771 cathedralis
749 2735 924 2770 ecclesiae
958 2733 1188 2775 tridentinae,
1224 2733 1418 2768 canonicus
1450 2736 1575 2768 cantor
1602 2732 1821 2768 cathedralis

51 2790 225 2826 ecclesiae
251 2790 436 2836 spirensis,
472 2791 666 2825 canonicus
692 2788 911 2824 cathedralis
938 2787 1112 2822 ecclesiae
1138 2790 1364 2832 augustanae
1390 2789 1484 2827 erat;
1522 2786 1649 2821 deinde
1677 2798 1709 2821 a.
1730 2785 1820 2821 1543

51 2844 241 2890 episcopus
267 2844 506 2889 princepsque
533 2846 761 2887 augustanus
787 2845 822 2877 et
847 2854 879 2877 a.
902 2842 992 2877 1544
1018 2842 1211 2877 cardinalis
1237 2841 1388 2876 effectus
1414 2843 1480 2875 est.

171 2900 183 2918 ⁴
210 2897 376 2943 Philippo
402 2898 446 2931 de
472 2896 682 2932 Flersheim.

171 2951 185 2972 ⁵
210 2951 387 2986 Martinus
412 2951 584 2992 Bucerus,
620 2950 817 2985 monachus
843 2949 904 2984 ille
931 2951 1108 2994 apostata,
1139 2949 1242 2984 cuius
1269 2959 1377 2993 opera
1403 2948 1632 2982 Hermannus
1658 2959 1678 2981 a
1706 2946 1822 2980 Weda

53 3004 386 3049 protestantismum
423 3004 458 3038 in
485 3004 837 3049 archiepiscopatum
863 3014 967 3037 suum
995 3002 1234 3037 coloniensem
1262 3001 1429 3036 inducere
1455 3000 1662 3041 conabatur,
1689 3011 1734 3034 m.
1754 2998 1820 3033 De-

55 3057 188 3092 cembri
214 3057 298 3092 anni
327 3058 419 3093 1542
444 3058 591 3092 Bonnae
616 3059 652 3091 in
679 3057 833 3092 ecclesia
859 3057 993 3091 maiore
1020 3055 1218 3090 contionari
1245 3055 1381 3100 coepit;
1408 3067 1443 3090 v.
1465 3056 1551 3089 Can.
1572 3055 1587 3088 I
1608 3054 1674 3088 148
1687 3054 1710 3088 ⁷.

174 3111 187 3131 ⁶
212 3111 281 3145 Hic
316 3110 451 3146 Canisii
486 3111 599 3145 verba
633 3110 872 3145 Ribadeneira
906 3109 1003 3144 haud
1039 3111 1136 3143 recte
1171 3109 1432 3152 interpretatus
1467 3111 1542 3148 est3
1577 3118 1692 3151 neque
1728 3105 1821 3140 enim

56 3175 223 3208 umquam
250 3163 336 3199 Otto
361 3164 564 3199 Truchsess
588 3164 657 3199 fuit
683 3164 872 3210 episcopus
897 3162 1090 3209 spirensis;
1118 3173 1152 3196 v.
1171 3173 1290 3206 supra,
1317 3173 1352 3207 p.
1371 3161 1438 3196 261
1455 3162 1478 3195 ³.

723 2413 731 2429 ι
752 2405 858 2429 archer.
880 2412 954 2429 corr.
975 2407 1016 2428 est
1036 2412 1072 2427 m·
1092 2402 1220 2434 legatur.

1133 2445 1160 2476 e)
1184 2445 1235 2469 Tm·

1309 1303 1362 1348 [L.
1391 1305 1422 1345 3,
1459 1315 1487 1338 c.
1518 1304 1572 1344 11,
1600 1303 1623 1337 f.
1656 1303 1738 1337 13112
1764 1314 1818 1346 sq.

1259 1359 1287 1400 f.
1327 1357 1496 1400 &Ia-¹³2]
1542 1356 1718 1400 Magister
1754 1355 1817 1389 Pe-

1262 1413 1341 1445 trus
1367 1410 1483 1445 Faber
1513 1422 1622 1454 usque
1647 1411 1693 1443 ad
1724 1409 1818 1443 miri-

1261 1464 1328 1499 fice
1370 1464 1437 1498 sibi
1481 1463 1679 1506 obligauit,
1729 1465 1819 1496 sient

1262 1521 1378 1560 157&
1398 1516 1593 1561 sequitur:]
1621 1517 1820 1560 Pergratus

1261 1571 1321 1605 ille
1356 1572 1426 1605 fuit
1451 1570 1602 1605 Alberto
1638 1568 1819 1604 Cardinali

1260 1625 1484 1669 Maguntino,
1505 1624 1597 1669 apud
1618 1634 1724 1667 quem
1742 1622 1819 1656 diu-

1259 1680 1333 1713 tius
1359 1677 1548 1719 habitauit,
1579 1676 1817 1720 Psalmosque

1260 1731 1454 1766 Dauidicos
1489 1731 1525 1765 in
1555 1730 1679 1765 schola
1704 1729 1817 1764 Theo-

1260 1785 1378 1830 logica
1396 1785 1607 1828 Maguntiae
1633 1785 1689 1818 est
1711 1783 1817 1817 inter-

1261 1841 1437 1884 pretatus.
1498 1838 1634 1873 Gratus
1684 1836 1818 1871 Othoni

1262 1891 1444 1927 Cardinali
1475 1892 1700 1935 Augustano,
1737 1889 1817 1935 Epi-

1261 1957 1368 1991 scopo
1379 1948 1465 1980 tunc
1476 1944 1635 1990 Spirensi
1645 1945 1667 1986 Β,
1680 1943 1818 1978 multis-

1262 2011 1331 2044 que
1369 1998 1612 2042 magnatibus,
1651 1996 1818 2042 principi-

1262 2054 1400 2097 busque
1420 2051 1628 2087 Catholicis.
1656 2050 1818 2085 Haereti-

1262 2118 1384 2141 corum
1409 2105 1567 2140 furorem
1586 2097 1819 2139 vehementer

1262 2159 1444 2205 repressit,
1484 2170 1526 2193 ac
1561 2169 1641 2192 cum
1676 2157 1819 2191 illorum

1263 2213 1512 2257 antesignanis
1555 2214 1591 2246 et
1632 2211 1819 2254 magistris

1263 2268 1298 2301 in
1333 2266 1530 2312 primisque
1565 2277 1645 2299 cum
1680 2264 1819 2299 Bucero

1263 2331 1522 2365 saepenumero
1558 2321 1614 2353 est
1653 2329 1819 2361 congres-

1709 2398 1739 2429 d)
1761 2400 1822 2424 Hoc

1293 2403 1319 2433 c)
1341 2404 1422 2427 Criu·
1443 2402 1471 2425 in
1493 2401 1634 2432 maryine.

1237 2452 1254 2468 (ι
1277 2452 1317 2468 rr.
1331 2451 1389 2475 sqq.
1404 2443 1440 2468 ab
1456 2444 1517 2474 ipso
1538 2444 1606 2467 (fan.
1627 2442 1737 2473 scripta
1752 2444 1819 2465 sunt

1245 2494 1269 2509 m
1290 2486 1401 2517 scripta
1421 2488 1498 2509 sunt.

562 2577 575 2597 ²
602 2576 783 2611 Cardinali
810 2575 960 2610 Alberto
988 2573 1340 2617 Biandenburgensi,
1377 2572 1646 2618 archiepiscopo
1671 2583 1820 2615 mogun-
