2062 3443
228 135 330 170 2058.
359 135 524 169 Canisius
551 135 735 170 Everardo
762 135 997 170 Mercuriano.
1038 136 1205 178 Augusta
1232 135 1373 170 Vindel.
1403 137 1456 170 14.
1478 137 1562 170 Maii
1593 136 1693 170 1580.
1757 139 1842 180 535

71 259 218 309 qustae
251 256 305 296 14
343 255 487 306 Maiis·
547 253 698 295 Verum
729 256 896 308 priores
929 255 1027 295 illae
1055 255 1275 308 perierunt
1293 269 1304 299 ;
1337 256 1387 295 de
1419 255 1569 309 quihus·
1601 255 1695 296 ride
1731 255 1843 295 Mpr—

75 321 246 360 curiam
278 320 514 374 epistulam,
548 333 672 373 quam
708 320 828 360 modo
862 320 966 360 «lixi.

75 431 238 469 2058.
323 433 538 469 CANlSlUS
572 432 946 468 EVERARDO
977 431 1429 468 MERCURIANQ
1458 434 1663 478 praeposito
1684 433 1843 475 generali

264 487 454 521 Societatis
484 488 574 521 lesu.
1022 487 1188 530 Augusta
1208 486 1476 520 Vindelicorum
1507 487 1560 521 14.
1580 487 1664 520 Maii
1696 487 1796 521 1580.

193 557 246 592 Ex
266 557 489 602 autographo
512 557 589 595 (2⁰2
612 558 625 591 l
649 569 697 602 p.:
721 558 752 590 in
770 569 800 602 p.
816 558 837 590 4
857 558 960 591 inser.
978 559 1014 590 et
1033 557 1205 601 reliquiae
1220 557 1318 599 sig).
1347 557 1466 592 Germ.
1486 557 1550 591 183
1571 557 1593 590 f.
1611 557 1843 592 2860ffl287b.

73 611 150 645 Duo
177 611 282 644 liuius
309 611 484 655 epistulae
520 611 637 654 capita
675 610 880 654 germanice
917 611 1056 644 reddita
1083 615 1166 644 sunt
1194 622 1214 644 a
1244 612 1360 654 Dalm,
1397 611 1471 644 Jes.
1502 612 1511 643 l
1541 611 1728 646 201—202
1756 611 1845 645 693:

73 664 232 698 eiusdem
259 663 434 708 epistulae
460 664 672 708 particulam
701 664 905 706 germanice
933 665 1052 708 posuit
1079 665 1231 697 ..meissen
1263 663 1282 698 l.
1305 676 1334 698 c.
1365 663 1411 697 IV
1427 664 1502 684 '-¹²
1527 664 1607 698 4223.

195 730 364 763 Cani-sius
390 729 702 772 riceprort'nvialis.
749 730 898 761 Minime
924 730 1073 772 expedit,
1105 734 1144 762 ut
1172 730 1268 762 Socii
1290 730 1444 772 publicis
1466 731 1672 772 principum
1702 730 1847 771 neyott'is

73 790 297 825 ore-upemur.
344 783 597 823 Confessarius
623 783 723 815 ducis·
752 783 939 815 lfa-variae.
981 784 1091 815 Initia
1125 783 1263 824 colle-qil
1298 784 1501 825 anqustant.
1545 783 1723 815 regnator.
1770 783 1847 815 Cot-

71 836 198 878 leyiecm
225 836 458 878 frium-glensa
506 836 725 870 Bonhomius
751 838 901 869 nuntius
927 837 1139 879 apostolicus
1165 838 1346 878 „e‚cosus“.

132 914 159 965 †
195 913 286 955 Pax
319 912 478 955 Christi
509 914 615 955 Jesu
648 913 770 955 nobis
803 915 983 955 aeterna
1016 912 1258 954 Admodum
1293 912 1548 954 Reuerende
1583 913 1727 955 Pater.

192 984 386 1027 Octauus
419 984 510 1026 fere
543 984 633 1026 dies
666 986 746 1034 est,
782 984 894 1038 quod
922 983 1198 1026 Prouintialis
1226 987 1402 1027 noster¹
1435 984 1478 1025 in
1502 981 1846 1037 Heluetiam⁸[‘?]

73 1050 169 1092 hinc
201 1050 363 1100 abiens,
408 1050 655 1092 Heluetiani
690 1050 858 1104 petiuit,
901 1063 969 1091 me
1011 1049 1182 1091 interim
1224 1049 1326 1091 licet
1366 1049 1542 1102 indigno
1580 1049 1660 1091 sibi
1692 1049 1735 1091 in
1768 1049 1848 1091 hoc

71 1115 268 1158 obeundo
301 1129 480 1158 munere
511 1115 748 1168 subrogato
762 1116 791 1158 2.
838 1115 979 1157 Jussit
1013 1118 1172 1165 autem,
1207 1118 1256 1156 vt
1289 1115 1341 1156 ad
1377 1115 1422 1157 P.
1448 1114 1495 1158 Τ.
1530 1114 1762 1157 scriberem
1797 1114 1848 1156 de

75 1180 284 1234 Principis
309 1180 553 1223 Bauariae3
585 1181 776 1230 consilio,
812 1180 882 1234 qui
917 1181 1031 1222 inter
1063 1188 1240 1222 coetera
1272 1194 1405 1222 onera
1436 1179 1600 1222 nostris
1631 1179 1847 1235 imposita,

72 1249 117 1288 et
149 1247 257 1288 satis
290 1245 460 1299 quidem
494 1246 660 1299 grauia,
694 1246 798 1288 illud
824 1246 955 1288 etiam
981 1245 1020 1287 in
1045 1245 1187 1287 animo
1211 1245 1371 1287 habere
1394 1245 1562 1295 dicitur,
1595 1249 1644 1288 vt
1667 1245 1848 1287 eundem

75 1311 247 1354 Patrem
273 1311 352 1352 sibi
378 1312 498 1365 quasi
525 1311 773 1360 vendicans,
809 1311 1104 1353 Ecclesiastici
1127 1313 1306 1353 senatus
1328 1310 1416 1352 suib
1448 1310 1690 1365 praesidem
1715 1310 1850 1353 faciat

73 1375 348 1430 Monachij‘4.
403 1376 546 1426 Quare
588 1377 642 1418 ad
677 1377 800 1420 Pont.
824 1377 970 1418 Max.5
1002 1376 1191 1418 fortasse
1232 1375 1391 1426 mittet,
1435 1376 1472 1417 si
1512 1376 1699 1418 nondum
1733 1375 1851 1418 misit

72 1441 300 1494 Legatum,
344 1456 422 1496 per
453 1456 578 1495 quem
613 1441 724 1484 hanc
758 1442 944 1495 grauisS.
979 1445 1023 1484 et
1055 1456 1139 1483 non
1173 1442 1313 1484 minus
1345 1441 1644 1496 periculosam,
1679 1441 1851 1496 odijque

71 1506 364 1561 plenissimam
409 1507 669 1561 prouintiam
713 1507 827 1549 illius
862 1507 1050 1549 humeris
1091 1507 1317 1561 iniungere
1359 1507 1508 1561 possit.
1573 1507 1674 1549 Sum
1717 1507 1851 1560 igitur

71 1571 114 1613 in
147 1572 228 1613 hac
260 1573 498 1623 sententia,
532 1573 649 1615 nullo
683 1572 808 1614 modo
843 1572 1086 1622 conuenire,
1122 1575 1171 1614 vt
1203 1572 1429 1626 quisquam
1453 1574 1700 1615 nostrorum
1734 1572 1851 1615 hisce

74 1637 262 1691 negotijs
295 1641 340 1680 et
374 1638 489 1680 curis
522 1638 706 1692 publicis
738 1639 806 1680 uel
841 1638 895 1680 ad
918 1642 1103 1693 tempus,
1137 1638 1206 1680 uel
1231 1638 1362 1680 certis
1391 1637 1516 1680 annis
1545 1638 1850 1687 admisceatur,

73 1702 201 1755 idque
228 1703 348 1744 Pont.
376 1703 493 1746 Max.
528 1703 802 1745 indicandum
837 1704 1009 1745 omnino
1034 1709 1246 1758 putarem,
1281 1703 1316 1745 si
1340 1703 1430 1746 tale
1454 1703 1656 1757 quiddam
1680 1717 1706 1745 a
1728 1703 1852 1745 nobis

73 1767 385 1822 postularetur.
442 1769 499 1810 Et
532 1769 644 1811 haud
680 1768 781 1819 scio,
816 1783 870 1811 an
903 1769 1130 1822 quicquam
1156 1769 1399 1822 excogitari
1432 1769 1582 1822 possit,
1617 1768 1729 1822 quod
1754 1782 1850 1810 cum

73 1833 261 1875 instituti
305 1834 441 1876 nostri
481 1833 762 1888 simplicitate
796 1836 961 1888 pugnet
1002 1835 1154 1888 magis,
1199 1834 1310 1887 quod
1355 1833 1588 1875 maioribus
1631 1834 1850 1876 hominum

73 1898 183 1952 odijs
216 1913 293 1940 nos
325 1902 498 1951 grauet,
533 1903 577 1942 et
609 1899 651 1941 in
685 1900 851 1942 maiora
884 1900 1074 1954 pericula
1108 1899 1323 1952 conijciat‚
1366 1899 1623 1953 praesertim
1658 1903 1706 1942 vt
1739 1913 1852 1941 nunc

75 1964 262 2006 Senatus
294 1964 366 2005 ille
399 1964 611 2014 consistit,
646 1965 715 2018 qui
750 1979 776 2007 a
807 1965 961 2007 vicinis
994 1966 1125 2008 etiam
1161 1965 1388 2020 Episcopis
1421 1964 1766 2019 reprehenditur,
1809 1967 1853 2007 et

74 2030 232 2084 partim
258 2029 602 2081 EcclesiasticOS‚
628 2030 784 2084 partim
811 2030 1012 2085 politicos
1034 2031 1230 2072 homines
1252 2034 1374 2073 tenet
1397 2043 1654 2073 assessores.
1702 2029 1851 2084 Coepit

75 2094 143 2136 hic
176 2095 396 2149 Princeps,
439 2099 488 2138 ut
520 2096 813 2138 conscientiae
846 2110 963 2146 suae,
1003 2097 1115 2138 sicut
1148 2096 1222 2146 ait,
1268 2096 1526 2145 consuleret,
1561 2095 1743 2149 priuatis
1776 2109 1853 2137 no-

74 2162 262 2202 strorum
295 2161 361 2203 vti
393 2160 604 2214 consilijs:
639 2175 752 2203 nunc
784 2162 838 2203 ad
873 2162 1045 2216 publica
1077 2161 1209 2203 etiam
1242 2161 1422 2203 consilia
1444 2165 1586 2211 vocat,
1622 2160 1853 2213 aliquando

74 2224 207 2268 etiam
239 2225 366 2267 scribi
401 2226 521 2268 iubet
555 2226 832 2277 sententiam,
867 2230 958 2270 tum
995 2229 1166 2269 nostros
1200 2241 1293 2268 cum
1338 2226 1435 2280 alijs
1468 2226 1734 2279 Consiliarijs
1767 2226 1853 2268 dis-

75 2294 230 2344 putare
262 2291 475 2344 postulat,
510 2301 555 2332 et
587 2291 758 2344 quando
784 2293 889 2339 vult,
925 2292 1060 2334 nostri
1086 2292 1271 2334 aulicum
1295 2292 1354 2333 illi
1379 2291 1670 2333 consiliarium
1696 2291 1854 2334 debent

75 2355 292 2398 exhibere.
349 2356 514 2399 Omitto
558 2357 609 2398 de
642 2357 916 2400 Conl'essario
962 2357 1053 2399 eius
1096 2357 1251 2406 dicere,
1295 2356 1366 2410 qui
1405 2356 1447 2398 in
1490 2357 1669 2410 antiquo
1702 2357 1854 2400 haeret

76 2420 181 2470 luto,
216 2426 260 2464 et
282 2421 473 2475 Collegio
496 2421 793 2463 Monachiensi
827 2437 911 2464 non
945 2437 1096 2477 parum
1122 2422 1304 2477 praebet
1325 2422 1503 2475 negotij,
1538 2436 1589 2464 ac
1617 2422 1697 2476 ipsi
1721 2422 1852 2464 etiam

76 2485 262 2540 Principi
297 2500 373 2540 per
398 2488 542 2528 omnia
564 2501 648 2528 non
673 2487 891 2530 satisfacit
905 2490 930 2530 5.
984 2488 1142 2529 Verum
1168 2488 1220 2529 de
1242 2487 1309 2529 his
1333 2487 1464 2529 Pater
1487 2491 1636 2530 noster
1658 2487 1852 2530 Prouint.

197 2580 225 2610 a)
248 2581 310 2605 Duo
330 2581 399 2605 haec
421 2589 461 2605 ιϊ.
483 2581 678 2605 oblitteranda
698 2581 792 2611 fnisse
813 2582 963 2613 colleyeris
983 2590 1018 2605 es
1040 2589 1080 2605 cr.
1103 2579 1274 2606 Heluetianl
1296 2579 1416 2613 petiuit.
1437 2589 1508 2612 quar
1529 2581 1662 2611 proxime
1682 2584 1854 2612 sequuntur.

76 2619 106 2652 b)
128 2622 267 2653 Sequitur
293 2621 391 2654 quasi,
416 2623 505 2646 obtin.
616 2623 642 2651 c)
667 2623 744 2652 Quae
770 2626 942 2654 sequuntur.
970 2631 1057 2654 nsque
1078 2623 1115 2646 ad
1136 2629 1152 2647 a
1176 2621 1264 2647 nobis
1286 2621 1497 2654 postularetur
1520 2623 1594 2648 incl..
1622 2631 1708 2646 »nunu
1732 2631 1738 2646 r
1766 2630 1852 2646 nata

73 2663 205 2688 eiusdem
227 2664 366 2695 temporis
385 2664 464 2688 linea
484 2664 515 2687 in
536 2664 668 2695 marmure
689 2665 823 2695 apposita
843 2665 960 2695 siynatct
981 2668 1057 2689 sunt.
1228 2674 1230 2676 ·

201 2759 207 2775 ¹
236 2757 276 2791 P.
296 2756 431 2790 Paulus
463 2756 646 2791 Hoffaeus.
792 2757 805 2777 ²
833 2756 922 2791 Vide
950 2758 1053 2798 infra,
1080 2769 1173 2791 mon.
1196 2758 1295 2798 1253,
1324 2769 1357 2791 n.
1378 2760 1408 2792 3.

198 2811 210 2829 ³
236 2809 420 2844 Guilielmi
448 2809 492 2844 V.
512 2809 623 2844 ducis.

197 2866 209 2884 ⁴
236 2863 288 2897 De
315 2862 578 2897 ecclesiasticis
604 2862 704 2897 hisce
730 2863 946 2898 consiliariis
972 2876 1006 2898 v.
1053 2865 1142 2898 Can.
1161 2864 1193 2898 II
1220 2864 1410 2899 269—:270
1437 2864 1526 2905 272;
1553 2864 1603 2898 VI
1630 2864 1708 2899 380.

196 2917 209 2936 ⁵
236 2917 450 2960 Gregorium
478 2915 580 2956 X1[[;
608 2917 783 2959 Hoffaeus
803 2917 1028 2951 Mercuriano
1049 2917 1238 2951 Monachio
1257 2918 1289 2952 6.
1312 2917 1445 2962 Aprilis
1474 2918 1566 2952 1580
1594 2918 1636 2951 de
1658 2917 1852 2952 Guilielmo

77 2970 243 3014 scripsit:
282 2969 526 3014 ,impeti-abo,
563 2969 688 3013 inquit,
725 2980 745 3003 a
773 2970 872 3015 Papa
906 2970 1042 3010 literas,
1081 2974 1121 3004 vt
1155 2970 1248 3004 idem
1285 2970 1388 3004 vobis
1424 2970 1552 3006 liceat“
1595 2970 1656 3013 (ex
1693 2976 1854 3015 autogr-‚2

78 3022 199 3057 Germ.
221 3023 287 3057 158
314 3022 337 3056 f.
361 3023 484 3065 1181‘).

192 3076 205 3095 ⁰
232 3076 271 3110 P.
299 3075 524 3109 Dominicum
560 3075 770 3119 Menginum
805 3077 1011 3120 significat3
1047 3077 1089 3111 de
1125 3088 1194 3121 quo
1222 3088 1255 3110 v.
1283 3088 1392 3121 supra
1427 3088 1459 3122 p.
1490 3078 1556 3112 511
1586 3080 1620 3112 et
1648 3078 1750 3114 infra.
1783 3089 1854 3111 mo-

79 3140 174 3163 num.
197 3129 299 3163 1254.
