2051 3433
197 172 222 212 4
693 166 793 200 1770.
822 166 861 200 Ρ.
880 165 1121 209 Hieronymus
1147 163 1289 198 Natalis
1317 162 1470 197 Canisio.

195 284 427 323 christianae,
455 282 622 317 Coloniae
651 282 750 323 1566,
779 281 936 320 33-34ς
975 279 1224 314 Authoritates
1251 278 1265 312 Ι
1293 278 1391 322 209),
1417 289 1504 311 usus
1531 289 1693 312 sermone
1720 277 1780 311 illo
1808 278 1881 317 „2—29
1907 278 1965 311 τὸν

195 337 450 381 εὐαγγελισμὴν
484 341 546 381 τῆς
573 336 768 380 ὑπεραγίας
794 335 983 378 Δεσποίνης
1018 335 1115 378 ἡμῶν
1145 331 1344 366 θεοτόκου“
1382 330 1531 374 (Mv'qne,
1568 330 1606 364 Ρ.
1633 342 1687 375 gr.
1714 330 1870 364 XXVIII
1897 330 1964 364 917

195 391 239 424 ad
266 391 363 432 940),
400 390 461 434 qui
488 393 523 423 et
549 392 632 423 ante
668 391 704 422 et
739 390 820 433 post
846 388 880 421 id
908 391 1050 431 tempus
1078 386 1112 419 in
1140 396 1287 419 numero
1324 395 1470 429 operum
1498 383 1689 418 Athanasii
1723 384 1863 428 positus
1889 386 1965 423 est;

196 444 298 477 velut
317 444 351 477 in
375 443 476 485 „Divi
495 441 685 476 Athanasii
705 441 916 486 Ope1·ibus“,
942 439 1091 473 Parisiis
1110 450 1140 472 a.
1165 438 1250 472 1581
1272 437 1383 471 latine
1402 436 1506 470 editis
1526 436 1576 481 (p.
1591 436 1813 479 420—426);
1841 447 1967 470 verum

196 497 266 530 iam
293 495 403 540 aliqui
429 507 630 529 sermonem
657 494 757 528 illum
790 495 843 535 „in
871 493 1017 526 dubium
1044 491 1302 531 revocabant“;
1341 489 1599 524 dubitationem
1627 489 1721 524 haud
1747 489 1860 523 multo
1886 490 1967 533 post

196 549 344 584 sustulit
371 549 557 589 Baronius,
597 547 702 592 plane
738 546 1026 585 demonstrando,
1063 555 1143 577 eum
1179 544 1337 578 auctoris
1364 555 1444 577 esse
1479 543 1688 588 posterioris
1726 542 1863 586 (Me'yne
1888 541 1910 575 l.
1939 552 1969 575 c.

197 601 413 645 915—918).
457 602 509 635 De
533 601 695 643 „Missis⁴‘
723 600 831 634 etiam
854 610 937 641 „seu
957 597 1148 641 litur·giis“,
1176 608 1267 641 quae
1294 608 1373 630 curn
1401 596 1604 630 nominibus
1624 595 1657 630 S.
1678 596 1795 630 Iac-obi
1821 594 1970 628 minoris

197 655 373 700 Apostoli,
410 654 444 688 S.
468 653 593 687 Basilii
619 653 754 696 Magni.
792 652 825 686 S.
853 651 995 685 loannis
1023 650 1269 694 Chrysostomi
1307 649 1653 684 circumferebantur
1688 651 1724 683 et
1758 649 1803 683 ad
1833 648 1971 682 Mariae

196 708 366 743 honorem
385 707 641 742 vindicandum
668 706 942 751 proferebantur
970 704 1160 747 („Iacobus
1180 703 1374 748 Apostolus
1399 704 1435 737 in
1454 703 1618 746 Liturgia
1644 703 1721 736 siue
1740 702 1853 736 Missa
1871 701 1970 741 sua‘,

200 761 501 806 „Chrysostomus
527 760 562 793 in
590 759 771 802 Liturgia“
796 761 884 792 etc.:
913 757 1058 791 Summa
1084 756 1107 791 l.
1128 768 1157 791 c.
1177 757 1338 796 30-32;
1368 756 1619 791 Authoritates
1646 756 1660 789 Ι
1690 755 1876 790 185-186
1903 754 1972 789 208

197 815 240 849 ad
253 815 350 858 210),
365 813 477 858 aliqui
496 812 728 852 dubitabant3
749 814 858 855 atque
877 812 1031 851 constat,
1050 822 1112 844 eas
1126 810 1281 844 saeculis
1296 810 1541 855 superioribus
1559 809 1795 843 multifariam
1814 810 1973 842 mutatas

198 871 234 903 et
259 867 499 912 amplificatas
526 878 624 906 esse;
653 877 769 909 neque
797 877 882 898 vero
908 864 1027 898 minus
1053 865 1193 897 certum
1220 867 1285 905 est,
1314 863 1487 897 Basilium
1514 863 1700 906 liturgiam
1727 861 1973 906 composuisse

200 921 258 965 (Ο.
278 921 549 963 Bardenhewer,
579 918 708 953 Gesch.
729 918 791 952 der
810 917 991 952 altkirchl.
1012 916 1194 951 Literatur
1215 917 1275 959 III,
1303 916 1478 960 Freiburg
1496 917 1518 951 i.
1538 917 1597 950 ΒΓ.
1620 916 1721 957 1912,
1751 913 1972 958 146-147);

198 974 446 1019 Chrysostomi
482 984 622 1017 quoque
660 971 817 1015 liturgia,
854 971 948 1015 quod
975 971 1019 1004 ad
1046 971 1161 1015 prima
1187 970 1264 1004 eius
1298 970 1465 1015 exempla
1500 970 1641 1011 attinet,
1678 969 1835 1003 fortasse
1861 967 1974 1012 ipsius

197 1029 266 1062 iam
296 1029 415 1062 aetate
442 1027 645 1070 conscripta
664 1029 738 1065 est;
767 1027 802 1058 et
820 1024 968 1067 liturgia
987 1023 1049 1057 illa
1067 1024 1166 1058 urbis
1185 1023 1536 1069 hierosolymitanae,
1564 1035 1656 1068 quae
1675 1034 1696 1056 a
1715 1022 1842 1056 Iacobo
1860 1022 1974 1066 primo

200 1081 297 1116 urbis
333 1080 493 1115 eiusdem
529 1079 696 1124 episcopo
731 1090 860 1112 nomen
895 1077 1014 1119 habet,
1051 1077 1303 1121 antiquissima
1340 1079 1394 1112 est
1431 1080 1466 1111 et
1497 1089 1577 1111 cum
1614 1076 1761 1119 liturgia
1790 1075 1913 1109 Basilii
1939 1074 1975 1108 in

198 1135 336 1180 synodo
365 1132 673 1177 Constantinopoli
700 1144 730 1165 a.
759 1131 828 1166 692
854 1131 979 1165 habita
1008 1130 1100 1173 (can.
1129 1131 1188 1173 32)
1227 1133 1447 1164 memoratur
1485 1132 1529 1173 (I.
1551 1132 1595 1164 D.
1615 1131 1749 1173 Man-si,
1785 1128 1976 1163 Sacrorum

200 1188 440 1222 Conciliorum
466 1186 570 1220 Nova
598 1185 770 1220 Collectio
797 1185 866 1227 XI,
902 1184 1107 1218 Florentiae
1137 1184 1244 1224 1765,
1281 1185 1362 1219 957.
1413 1183 1598 1227 Liturgias
1629 1184 1726 1228 ipsas
1761 1183 1976 1227 posuerunt:

199 1243 246 1276 H.
263 1243 306 1275 A.
327 1242 470 1284 Daniel,
491 1239 612 1274 Codex
632 1239 823 1282 liturgicus
841 1238 901 1279 IV,
923 1237 1066 1283 Lipsiae
1087 1237 1188 1279 1853,
1217 1237 1381 1272 80-133
1408 1237 1616 1278 325-438;
1645 1238 1688 1273 F.
1703 1238 1746 1270 E.
1763 1237 1974 1279 Briyhtman

199 1297 235 1328 et
256 1296 291 1328 C.
312 1295 354 1328 Ε.
376 1294 592 1336 Hammond,
619 1291 803 1335 Liturgies
823 1291 975 1325 Eastern
995 1291 1064 1325 and
1080 1290 1251 1325 Western
1278 1291 1304 1331 l,
1332 1290 1470 1325 Oxford
1493 1290 1594 1329 1896,
1622 1289 1762 1324 31-68
1791 1288 1977 1324 113—143

321 1400 408 1434 Cum
437 1399 590 1443 denique
610 1398 776 1432 Canisius
796 1398 968 1442 queritur,
997 1397 1090 1441 quod
1115 1397 1388 1439 „vetustiores“,
1416 1400 1456 1431 ut
1475 1396 1765 1441 Chrysostomus,
1793 1394 1978 1439 Origenes

200 1453 508 1498 Theophylactus,
549 1462 835 1495 „nonnumquam
872 1462 1010 1485 naevos
1036 1450 1072 1484 in
1100 1451 1213 1484 Beata
1239 1450 1389 1494 Virgine
1426 1449 1602 1484 collocare
1628 1449 1853 1490 videantur“,
1889 1448 1980 1483 satis

201 1507 325 1551 liquet,
352 1506 557 1549 singulares
576 1505 750 1549 quasdam
769 1504 928 1539 locorum
948 1504 1083 1548 aliquot
1103 1504 1396 1548 evangelicorum
1423 1503 1740 1548 interpretationes
1767 1502 1843 1537 eius
1862 1502 1980 1536 animo

203 1560 400 1600 obversari,
439 1559 568 1604 quibus
596 1558 734 1593 Mariae
762 1558 956 1602 virginitas
991 1563 1176 1603 perpetua,
1213 1557 1415 1602 prudentia,
1452 1558 1629 1591 sanctitas
1655 1557 1838 1591 obscurari
1874 1566 1980 1600 posse

201 1614 426 1649 videbantur.
479 1613 534 1647 Ita
565 1614 731 1656 Oriqenes
757 1612 793 1645 in
820 1611 868 1646 Lc
894 1612 926 1652 2,
954 1612 998 1645 23
1034 1613 1147 1653 notat,
1184 1611 1320 1645 Mariae
1347 1610 1507 1653 vulvam,
1543 1622 1625 1644 cum
1655 1609 1821 1644 Christus
1856 1620 1979 1643 nasce·

202 1670 312 1708 retur,
339 1669 502 1711 apertam
529 1677 619 1705 esse,
647 1668 684 1699 et
710 1666 745 1699 in
773 1665 820 1699 Lc
847 1666 878 1706 2,
906 1665 951 1700 34
978 1665 1033 1706 35,
1061 1676 1140 1699 eam
1163 1664 1393 1707 „scandalum
1420 1665 1455 1698 in
1482 1664 1649 1709 passione
1676 1663 1807 1697 domini
1835 1674 1980 1708 passam

207 1722 323 1762 esse“,
351 1720 401 1754 ita
428 1722 468 1754 ut
498 1719 743 1761 „infidelitatis
769 1719 890 1762 gladio
917 1721 953 1752 et
978 1718 1230 1762 ambiguitatis
1255 1729 1424 1752 mucrone
1450 1719 1638 1752 feriretur“
1671 1717 1791 1761 (Hom.
1813 1716 1857 1751 14
1882 1719 1917 1751 et
1940 1717 1981 1750 17

204 1775 241 1809 in
268 1774 423 1814 Lucam;
451 1774 581 1817 Miyne,
609 1773 648 1807 P.
675 1784 729 1816 gr.
756 1773 843 1806 XIII
872 1772 962 1807 1836
992 1772 1121 1815 1845);
1161 1773 1441 1816 Theophgslactns
1466 1773 1586 1805 autem
1613 1771 1740 1806 scribit
1766 1771 1801 1804 in
1829 1770 1981 1804 eundem

203 1828 332 1869 locum,
360 1839 438 1861 eam
461 1826 617 1861 fortasse
636 1826 725 1867 sive,
754 1829 793 1860 ut
810 1826 977 1860 videatur
1006 1826 1175 1870 (,,τα’χα“,
1202 1825 1362 1868 ,,Ξ’σως“),
1390 1837 1471 1859 cum
1490 1824 1675 1859 Christum
1702 1824 1915 1859 crucifixum
1945 1827 1981 1858 et

203 1883 383 1915 mortuum
402 1881 552 1921 videret,
580 1880 752 1913 offensam
778 1890 857 1913 esse
876 1879 919 1913 de
938 1891 1051 1923 eoque
1070 1879 1265 1920 dubitasse,
1287 1881 1323 1913 et
1351 1879 1385 1912 irr
1404 1879 1440 1913 Io
1460 1879 1490 1920 2,
1510 1880 1542 1919 4,
1564 1878 1717 1912 Mariam
1736 1888 1926 1923 perperam
1945 1879 1980 1912 in

206 1934 343 1980 nuptiis
362 1934 434 1968 illis
453 1933 666 1968 miraculum
685 1944 705 1967 a
721 1932 865 1967 Christo
884 1933 1018 1978 petisse
1045 1932 1195 1976 ideoque
1213 1931 1300 1974 „0:31
1319 1933 1482 1977 dstdywd·
1502 1933 1546 1966 ab
1566 1944 1606 1966 eo
1625 1932 1881 1976 reprehensam
1903 1943 1982 1966 esse

207 1988 349 2032 (Enarr.
378 1988 413 2021 in
441 1987 505 2021 Ev.
526 1987 644 2021 Lucae
671 1998 700 2021 c..
720 1986 760 2027 2;
789 1987 913 2020 Enarr.
941 1986 977 2020 in
1006 1986 1068 2019 Ev.
1089 1986 1232 2020 Ioannis
1259 1998 1286 2020 c.
1307 1986 1348 2027 2;
1376 1987 1496 2029 Meyne
1522 1985 1543 2020 l.
1564 1997 1592 2020 c.
1614 1985 1764 2020 CXXIII
1791 1985 1859 2020 732
1893 1984 1983 2020 1188

206 2041 249 2076 ad
272 2042 398 2084 1189);
426 2043 461 2074 et
483 2041 752 2084 Cho-ysostomrcs
778 2040 813 2073 in
840 2039 958 2074 locum
986 2039 1086 2073 illum
1113 2040 1256 2074 Ioannis
1282 2039 1414 2074 similia
1433 2039 1520 2073 dicit
1546 2042 1653 2083 atque
1684 2038 1770 2081 (alia
1789 2038 1865 2073 eius
1889 2039 1985 2073 dicta
2024 2070 2028 2084 ,

205 2094 359 2138 omitto),
387 2106 468 2128 cum
488 2106 532 2128 ex
551 2094 606 2127 Mt
627 2093 679 2135 12,
698 2094 743 2128 46
763 2096 897 2134 narrat,
917 2093 1051 2128 Christi
1073 2095 1245 2134 „matrem
1264 2096 1300 2127 et
1318 2094 1451 2128 fratres
1470 2093 1617 2127 stetisse
1637 2093 1745 2134 foras,
1766 2095 1983 2136 quaerentes

207 2148 305 2192 loqui
333 2149 400 2189 ei“,
437 2148 480 2181 de
505 2150 620 2181 matre
653 2147 742 2181 haec
779 2147 896 2181 addit:
932 2145 1158 2188 .,(Ῑ)ιλοτιμίας
1183 2147 1223 2192 ἦν
1249 2152 1431 2192 περιττῆς·
1466 2147 1634 2190 ἐβούλετο
1661 2148 1731 2191 γάρ
1758 2147 1984 2185 ἐιὸείξασθαι

206 2201 256 2248 τῷ
284 2202 397 2247 δήμῳ,
435 2203 487 2235 ὅτι
514 2204 637 2244 κρατεῖ
660 2201 715 2234 καὶ
743 2199 913 2234 abihu-rs?
935 2199 997 2234 τοῦ
1025 2201 1174 2238 παιδόςί
1203 2200 1323 2244 (Hom.
1351 2201 1385 2234 in
1412 2201 1507 2235 Ioan.
1535 2201 1578 2234 21
1608 2199 1712 2244 [alias
1739 2199 1810 2244 20],
1840 2212 1873 2234 n.
1901 2200 1921 2233 2
1949 2204 1985 2234 et

207 2255 243 2289 in
270 2255 400 2289 Matth.
427 2256 473 2288 44
501 2253 560 2298 [al.
587 2253 659 2298 45],
692 2266 725 2288 n.
748 2255 785 2294 1;
825 2254 945 2298 Miyne
970 2253 992 2289 l.
1020 2266 1048 2288 c.
1077 2253 1157 2288 LIX
1186 2254 1271 2296 130;
1307 2254 1405 2288 LVII
1440 2253 1660 2296 464—465).
1713 2253 1837 2297 Neque
1874 2254 1984 2296 igitur

206 2309 337 2344 mirum
365 2310 430 2350 est,
459 2307 642 2342 Canisium
669 2307 843 2341 eiusmodi
870 2310 1035 2341 veterum
1062 2308 1254 2342 sententiis
1281 2308 1316 2341 in
1342 2307 1532 2351 angustias
1558 2307 1742 2341 redactum
1771 2318 1869 2347 esse;
1902 2319 1984 2341 nam

208 2365 244 2396 et
269 2363 346 2407 ipse
375 2363 410 2396 S.
436 2363 588 2395 Thomas
614 2363 782 2405 Aquinas
817 2361 988 2395 censebat
1023 2372 1103 2394 esse
1133 2361 1353 2403 „dicendum
1390 2360 1482 2405 quod
1515 2361 1549 2394 in
1577 2360 1697 2395 verbis
1733 2360 1805 2394 illis
1832 2361 1985 2405 Chryso-

209 2418 347 2450 stomus
384 2415 559 2449 excessit⁸⁴
595 2416 758 2457 (Summa
785 2413 894 2448 theol.
922 2414 953 2454 3,
991 2426 1024 2458 q.
1053 2415 1108 2455 27,
1145 2426 1176 2449 a.
1203 2414 1225 2447 4
1251 2415 1295 2448 ad
1324 2415 1372 2457 3).
1424 2414 1526 2448 Hanc
1563 2414 1606 2448 ob
1643 2425 1788 2448 causam
1819 2415 1987 2448 Cccnisius
2026 2406 2027 2409 ¹

208 2469 245 2502 in
264 2468 393 2514 Operis
411 2468 566 2502 Mariani
586 2468 674 2502 libro
694 2468 754 2502 IV.
774 2470 884 2512 caput
903 2468 996 2510 (27.;
1023 2471 1150 2512 postea
1169 2467 1242 2512 29.)
1270 2468 1390 2512 posuit
1407 2467 1459 2501 sic
1478 2467 1710 2512 inscriptum:
1742 2466 1839 2509 „Quo
1857 2468 1986 2502 iudicio
2036 2472 2041 2499 1

208 2523 352 2566 legendi
389 2523 463 2556 sint
490 2522 628 2563 Patres,
667 2521 783 2556 sicubi
809 2521 948 2556 Mariae
967 2521 1108 2564 Virgini
1135 2533 1262 2566 parum
1290 2533 1369 2555 esse
1396 2520 1552 2566 propitij,
1584 2521 1642 2555 vel
1668 2521 1882 2565 dignitatem
1910 2522 1987 2555 eius

210 2576 421 2609 imminuere
458 2575 671 2609 videantur:
708 2575 794 2619 quid
829 2577 1019 2620 praeterea
1046 2574 1218 2609 Veterum
1255 2575 1471 2609 testimoniis
1507 2585 1600 2618 quae
1635 2574 1860 2615 obiiciuntur·,
1893 2575 1987 2609 sita

211 2628 397 2663 Catholico
416 2629 725 2674 respondendum“
745 2628 814 2672 (De
829 2628 945 2662 Maria
957 2628 1108 2672 Virgine
1126 2628 1409 2672 incomparabili,
1428 2627 1640 2671 Ingolstadii
1662 2629 1763 2669 1577,
1782 2629 1986 2669 516—522;

210 2682 316 2716 Alter
334 2682 468 2716 Tomus
496 2681 842 2716 Commentariorum
870 2683 912 2716 de
930 2681 1041 2716 Verbi
1060 2681 1126 2716 Dei
1153 2682 1377 2727 corruptelis,
1405 2681 1618 2725 Ingolstadii
1640 2682 1742 2722 1583,
1769 2681 1986 2725 568—575).

212 2784 368 2821 1770.
447 2785 508 2821 P.
526 2784 984 2822 HIERONYMUS
1003 2784 1306 2822 NATALIS
1327 2786 1486 2821 vicarius
1504 2786 1684 2831 generalis
1699 2786 1891 2821 Societatis
1907 2786 1987 2820 Iesu
2034 2751 2039 2766 ¹

405 2839 476 2873 PP.
503 2838 663 2873 PAULO
691 2838 914 2873 HOFFAEO
943 2839 1159 2874 Germaniae
1195 2840 1392 2885 superioris
1417 2839 1630 2884 provinciali
1665 2842 1699 2873 et
1727 2839 1883 2873 PETRO
1911 2839 1987 2874 CA-

404 2891 543 2927 NISlO.
1452 2892 1564 2928 Roma
1591 2894 1622 2928 5.
1651 2893 1808 2927 Ianuarii
1838 2893 1940 2927 1572.

335 2969 389 3003 Ex
425 2969 632 3014 apographo
667 2969 827 3003 eiusdem
862 2970 1053 3014 temporis;
1090 2970 1125 3003 in
1161 2970 1334 3013 margine,
1371 2969 1495 3004 eadem
1531 2981 1657 3004 manu:
1699 2969 1836 3012 „Padre
1863 2969 1989 3003 Hoffeo

215 3022 441 3058 Prouinciale
469 3022 663 3057 Germania
690 3025 726 3056 et
752 3023 786 3057 al
814 3023 929 3057 Padre
956 3023 1130 3058 Canisio
1119 3024 1130 3038 “
1178 3023 1208 3057 G
1213 3034 1299 3057 erm.
1329 3023 1395 3058 109
1422 3023 1539 3057 1:48¹.
2034 3017 2037 3025 ”’

335 3102 526 3140 Praefatio
557 3102 721 3140 editoris.
774 3105 938 3140 Natalem
967 3106 1011 3140 ad
1040 3105 1226 3140 Hoffaeum
1254 3108 1289 3139 et
1316 3106 1360 3140 ad
1388 3104 1570 3140 Canisiurn
1597 3108 1785 3150 separatas
1813 3104 1989 3150 epistulas

216 3158 384 3192 existimo
421 3158 572 3199 dedisse,
608 3158 754 3203 perinde
790 3162 899 3203 atque
928 3159 981 3194 15.
1007 3159 1215 3194 Decembris
1245 3160 1331 3194 1571
1362 3159 1405 3193 ad
1432 3161 1623 3203 utrumque
1658 3158 1808 3193 seorsim
1843 3158 1988 3203 scripsit
2033 3138 2051 3177 ³
