2051 3433
184 195 305 218 xxvui
717 178 758 212 11.
788 176 1010 210 Prooemium
1039 173 1230 208 voluminis
1255 170 1411 215 septimi.

186 299 379 343 Gregorius
406 301 524 331 autem
555 295 659 333 xm..
697 296 825 336 rogatu
852 291 1032 325 Sociorum
1060 288 1321 331 dilinganorum
1348 297 1368 319 a
1395 283 1620 318 Mercuriano
1652 281 1812 325 generali
1843 281 1950 316 inter-

185 356 342 398 rogatus,
378 349 579 394 respondit:
616 347 708 382 Socii
735 348 813 388 5‘'l0
839 347 1022 378 sumentes
1049 341 1235 376 absolvere
1263 340 1480 378 recusarent,
1515 337 1566 370 ita
1601 338 1731 375 tamen,
1768 337 1807 368 ut
1841 346 1883 368 ea
1909 335 1952 368 de

188 419 224 441 re
260 417 325 440 nec
363 404 477 449 palam
515 403 683 436 docerent
718 400 909 444 quicquam
944 408 1009 430 nec
1035 396 1326 430 continuarentur
1355 392 1435 434 (321
1474 390 1571 432 341).
1621 388 1674 422 Ne
1709 388 1776 422 hoc
1810 388 1952 432 quidem

187 458 402 494 difficultate
442 456 604 489 vacabat.
663 453 781 497 Aliqui
821 449 1096 489 existimabant,
1136 447 1308 481 rationem
1352 446 1578 487 „contractus
1616 442 1845 485 germanici“‚
1884 453 1953 485 quo

187 512 347 547 homines
373 511 415 544 de
434 510 513 552 5⁴70
540 508 671 552 pacisci
695 506 868 543 solebant,
896 503 1054 548 pontifici
1083 506 1177 535 recte
1197 499 1397 544 expositam
1416 509 1483 531 nou
1504 508 1594 530 esse.
1634 495 1770 530 Idcirco
1796 494 1953 538 theologi

186 563 495 609 ingolstadienses,
532 564 567 595 et
603 561 636 593 111
671 559 727 593 his
758 559 826 592 duo
853 556 1044 591 Societatis
1069 553 1284 592 sacerdotes,
1320 563 1401 586 cum
1436 551 1591 595 primum
1617 549 1695 591 5⁰l0
1721 548 1848 582 illicita
1873 559 1953 582 esse

189 617 378 652 Guilielmo
405 615 485 649 duci
512 613 789 658 respondissent,
817 614 941 656 postea
965 620 1045 643 cum
1074 606 1288 651 iurisperitis
1314 604 1585 641 contenderunt,
1611 613 1653 636 ea
1679 601 1860 647 prohiberi
1884 612 1954 635 non

187 671 333 709 debere;
354 680 435 703 nam
455 670 678 702 contractum
700 664 944 709 germanicum
969 660 1235 706 ,probabssster‘
1259 659 1395 693 licitum
1415 669 1494 692 esse
1516 657 1599 699 (573
1618 656 1718 699 575).
1753 655 1956 698 Dilinganis

191 725 223 758 id
252 723 355 757 valde
383 720 613 766 displicebat:
643 722 677 752 et
704 718 890 752 Haivodus
917 715 1145 749 Guilielmum
1175 712 1328 753 induxit,
1355 714 1395 745 ut
1420 711 1557 745 iudices
1584 710 1660 752 5⁰l0
1686 709 1778 743 tueri
1806 710 1956 743 vetaret.

188 778 355 811 Hoffaeus
393 786 475 808 vero
511 771 752 818 provincialis,
789 782 869 804 011111
905 769 1047 803 0111111110
1083 778 1161 801 011111
1200 764 1542 809 ingolstadiensibus
1577 765 1701 804 staret,
1737 774 1806 796 non
1841 761 1957 796 solum

188 830 350 865 Haivodo
387 826 580 866 interdixit,
617 838 660 859 ne
687 825 721 858 in
757 826 938 868 posterum
966 822 1009 855 iis
1036 821 1078 854 de
1105 820 1211 854 rebus
1237 830 1317 853 cum
1345 818 1433 852 duce
1459 819 1594 860 ageret,
1630 816 1693 850 sed
1720 816 1828 850 etiam
1855 815 1958 849 Cani-

189 884 290 922 sium,
318 881 409 926 quod
437 879 639 914 Haivodum
667 878 864 917 adiuvari-t,
892 875 978 909 adeo
1006 873 1244 919 reprehendit,
1272 875 1311 906 ut
1338 872 1377 910 is,
1406 882 1475 915 qua
1495 873 1571 904 erat
1599 869 1706 903 animi
1734 869 1958 909 demissione,

191 936 330 970 veniam
350 935 403 969 bis
422 934 465 967 ab
481 946 520 966 eo
540 934 678 977 peteret
697 931 781 974 (577
803 930 900 971 578).
929 928 1093 962 Canisius
1113 933 1220 967 certe,
1239 937 1318 959 011111
1339 924 1537 968 Oeniponte
1557 936 1588 958 a.
1609 924 1710 961 1572,
1731 923 1860 968 quibus
1878 922 1958 967 quis

190 988 388 1023 rationibus
415 985 548 1030 aliquid
577 985 670 1018 ultra
688 987 821 1018 sortem
841 982 1021 1027 acciperet
1046 992 1112 1014 nec
1138 983 1259 1013 tamen
1287 979 1521 1017 feneraretur,
1548 988 1610 1021 pro
1629 977 1792 1011 contione
1810 975 1961 1010 dixisset

193 1042 292 1084 (641)
322 1043 357 1075 et
391 1052 422 1074 a.
451 1040 540 1073 1574
576 1038 783 1077 monuisset,
818 1048 861 1070 ne
897 1039 1115 1069 mercatores
1142 1033 1199 1066 vel
1237 1032 1296 1066 alii
1332 1031 1520 1076 pecuniam
1557 1031 1607 1064 ita
1642 1031 1768 1064 darent
1794 1029 1885 1071 aliis,
1920 1032 1959 1064 ut

194 1094 326 1138 „solum
354 1093 489 1127 ratione
516 1091 650 1125 mutui¹⁴
680 1092 758 1133 5⁰l0
785 1090 1010 1124 lucrarentur
1032 1087 1154 1130 (708),
1182 1090 1307 1131 postea
1333 1084 1464 1118 ibidem
1484 1096 1502 1118 e
1520 1095 1622 1117 sacro
1649 1087 1825 1126 suggestu
1850 1083 1962 1117 semel

191 1152 299 1192 atque
334 1147 461 1180 iterum
500 1147 549 1179 ita
584 1145 726 1179 locutus
753 1146 818 1184 est,
853 1146 903 1183 ut,
940 1140 1102 1186 quisquis
1140 1141 1172 1173 in
1209 1140 1360 1184 pecunia
1387 1142 1511 1172 mutua
1541 1137 1658 1171 danda
1684 1138 1762 1179 5⁰l0
1788 1138 1961 1181 exigeret,

191 1199 421 1235 fenerationis
448 1209 529 1232 reus
548 1209 626 1232 esse
647 1197 829 1231 videretur
851 1196 932 1239 (717
963 1195 1030 1229 719
1058 1193 1124 1228 727
1155 1194 1251 1235 741).
1293 1192 1361 1227 Sed
1379 1203 1410 1226 a.
1433 1191 1523 1225 1580
1542 1202 1562 1224 a
1582 1190 1752 1224 Manareo
1772 1190 1962 1225 Societatis

192 1253 327 1287 vicario
363 1251 520 1294 generali
558 1251 761 1284 admonitus
796 1252 861 1290 est,
900 1260 944 1282 ne
980 1247 1065 1292 quid
1101 1248 1136 1280 in
1173 1257 1212 1279 eo
1248 1245 1391 1289 negotio
1426 1247 1599 1284 moveret,
1635 1244 1697 1278 sed
1734 1246 1964 1288 exspectaret

196 1306 410 1341 sententiam
439 1305 601 1349 proximo
628 1315 720 1337 anno
738 1315 759 1337 a
778 1302 968 1337 Societatis
994 1300 1273 1344 congregatione
1299 1297 1460 1342 generali
1486 1297 1670 1332 ferendam
1689 1300 1724 1331 et
1751 1309 1771 1331 a
1797 1297 1963 1342 pontifice

193 1359 458 1404 approbandam
483 1358 597 1400 (581).
638 1357 758 1400 Longe
784 1356 934 1390 alterius
961 1354 1103 1398 generis
1130 1356 1207 1388 erat
1233 1352 1431 1387 difficultas
1457 1364 1502 1385 ex
1528 1352 1624 1386 facto
1642 1351 1797 1395 quodam
1814 1351 1854 1386 P.
1875 1351 1964 1385 Her-

192 1413 312 1447 manni
348 1411 524 1456 Thyraei,
563 1410 757 1455 praepositi
792 1409 999 1454 provinciae
1034 1408 1235 1446 rhenanae,
1271 1408 1359 1440 orta.
1412 1405 1499 1446 Hic,
1535 1416 1615 1439 cum
1650 1406 1894 1449 protestantes
1927 1404 1964 1439 in

194 1466 347 1500 comitiis
373 1476 403 1499 a.
426 1465 515 1499 1576
542 1463 689 1509 petituri
717 1474 795 1497 esse
815 1463 1027 1503 dicerentur,
1055 1464 1094 1495 ut
1116 1462 1320 1503 „reservato
1339 1458 1604 1493 ecclesiasticou
1627 1458 1768 1493 sublato
1788 1458 1963 1503 episcopis

194 1520 411 1563 reliquisque
430 1518 569 1552 clericis
587 1516 796 1551 transeundi
814 1516 857 1550 ad
885 1518 1127 1560 protestantes
1153 1513 1258 1558 plena
1276 1513 1426 1546 libertas
1445 1516 1478 1545 et
1499 1512 1668 1546 comitum
1688 1513 1962 1556 protestantium

194 1573 277 1607 filiis
303 1572 345 1606 ad
374 1572 604 1606 canonicatus
630 1570 856 1604 cathedrales
882 1569 994 1603 libera
1021 1569 1179 1602 accessio
1207 1569 1312 1607 esset,
1340 1566 1522 1610 petitionis
1548 1565 1654 1600 huius
1681 1565 1963 1610 praevertendae

196 1629 232 1660 et
258 1625 442 1660 elidendae
478 1635 586 1659 causa
612 1624 715 1665 clam,
754 1624 791 1658 P.
811 1622 1001 1657 Francisco
1029 1621 1176 1656 Costero
1203 1619 1236 1654 S.
1256 1620 1288 1654 J.
1317 1623 1353 1653 et
1381 1619 1437 1658 (ut
1462 1619 1620 1662 videtur)
1649 1619 1793 1653 Andrea
1818 1618 1966 1653 Ersten-

196 1681 324 1723 berger
351 1679 508 1713 caesarei
535 1677 675 1712 consilii
700 1676 808 1711 aulici
833 1675 1027 1710 secretario
1054 1674 1272 1711 iuvantibus.
1299 1673 1426 1707 librum
1454 1672 1551 1715 „Von
1578 1672 1641 1707 der
1667 1672 1967 1718 hochberiimpter

199 1733 381 1776 Religions
407 1731 669 1775 Freistellung“
700 1730 912 1775 conscripsit
943 1731 979 1763 et
1013 1729 1097 1762 ficto
1124 1739 1204 1762 cum
1230 1727 1372 1761 nomine
1398 1727 1564 1760 Andreae
1590 1725 1762 1760 Dorkenii
1788 1726 1964 1770 vulgavit,

200 1787 234 1820 in
261 1798 329 1830 quo
356 1785 454 1827 haec,
483 1787 624 1829 praeter
650 1783 731 1825 alia,
759 1784 988 1818 dicebantur:
1017 1781 1221 1827 Optandum
1241 1792 1332 1821 esse,
1358 1783 1399 1813 ut
1420 1780 1492 1814 alia
1517 1780 1693 1823 quaedam
1712 1780 1968 1814 concederetur

199 1840 367 1876 libertas:
395 1838 673 1883 permitteretur,
700 1840 740 1871 ut
766 1837 810 1870 ad
831 1837 1063 1871 canonicatus
1082 1833 1343 1869 cathedralium
1362 1833 1602 1878 capitulorum
1621 1835 1657 1867 et
1676 1833 1719 1867 ad
1738 1833 1968 1878 episcopatus

199 1903 268 1927 non
294 1892 407 1926 solum
435 1890 616 1931 nobilium,
648 1890 709 1924 sed
737 1889 845 1924 etiam
873 1890 1004 1923 civium
1034 1892 1070 1922 et
1095 1888 1336 1931 agricolarum
1363 1886 1424 1921 filii
1453 1886 1594 1920 admitti
1621 1890 1788 1931 possent;
1826 1887 1860 1920 id
1886 1897 1967 1921 cum

198 1945 386 1988 evaugelio
422 1955 628 1988 congruere,
665 1943 858 1987 aequitatis
893 1942 1093 1976 rationibus
1119 1942 1227 1984 exigi,
1264 1940 1428 1985 exemplo
1464 1939 1638 1974 ecclesiae
1673 1951 1842 1974 romanae
1875 1951 1966 1974 com-

198 1998 358 2033 mendari
387 1997 501 2041 (348).
554 1997 719 2032 Canisius
754 1996 882 2031 librum
918 1995 1092 2036 laudavit,
1128 1995 1222 2039 quod
1258 1995 1292 2028 in
1320 2006 1360 2028 eo
1392 1994 1541 2028 libertas
1567 1993 1741 2028 ecclesiae
1773 2005 1860 2036 „uon
1890 2005 1968 2038 per-

198 2063 319 2096 peram
356 2051 635 2092 vindicaretur“,
675 2053 710 2084 et
745 2061 791 2084 ex
833 2049 921 2094 ipsis
960 2049 1115 2083 comitiis
1153 2047 1463 2083 ratisbonensibus
1499 2046 1726 2081 Mercuriano
1764 2046 1968 2092 praeposito

199 2104 359 2148 generali
394 2104 585 2145 nuntiavit,
622 2103 746 2137 multis
781 2102 969 2137 catholicis
1004 2101 1105 2135 illum
1141 2103 1328 2147 tantopere
1365 2101 1516 2145 placere,
1553 2103 1592 2135 ut
1619 2100 1770 2135 alteram
1797 2100 1874 2135 eius
1899 2099 1969 2134 edi-

199 2159 331 2193 tionem
369 2158 614 2192 desiderarent
650 2157 765 2200 (368).
817 2157 866 2190 At
895 2155 955 2190 alii
990 2157 1032 2189 de
1069 2154 1249 2190 Societate
1275 2154 1433 2199 Thyraei
1470 2155 1604 2188 factum
1642 2154 1874 2188 vehementer
1907 2153 1970 2187 im-

200 2212 406 2257 probarunt,
442 2214 477 2245 et
503 2211 751 2245 Mercurianus
783 2210 892 2244 etiam
927 2209 1063 2255 primae
1090 2209 1255 2243 editionis
1282 2207 1458 2253 exempla,
1493 2219 1586 2252 quae
1611 2210 1855 2252 superessent,
1889 2218 1970 2252 sup-

200 2266 304 2310 primi
340 2265 464 2304 iussit;
500 2264 697 2298 timendum
725 2263 818 2298 enim
846 2275 936 2303 esse,
972 2274 1015 2296 ne
1042 2261 1210 2297 nobilitas
1235 2262 1485 2301 offenderetur,
1522 2264 1556 2295 et
1584 2261 1706 2296 Socios
1732 2261 1970 2296 instituendos

202 2330 280 2353 esse
306 2319 350 2353 ad
377 2318 568 2352 Societatis
595 2317 694 2360 leges
721 2317 975 2358 observandas,
1011 2316 1141 2361 quibus
1168 2318 1328 2357 cavetur,
1357 2326 1400 2349 ne
1427 2314 1506 2349 libri
1533 2314 1669 2359 absque
1694 2315 1868 2349 maiorum
1895 2326 1970 2360 per·

202 2373 312 2406 missu
333 2372 484 2406 edantur
513 2371 596 2415 (348
624 2370 722 2414 374).
758 2370 840 2405 Alia
861 2372 970 2405 etiam
992 2369 1172 2404 infelicius
1193 2369 1411 2403 acciderunt.
1450 2368 1648 2403 Gerardum
1668 2368 1865 2403 Pastelium
1899 2379 1970 2402 rec-

202 2430 314 2460 torem
341 2425 616 2470 oenipontanum
644 2424 761 2459 officio
788 2424 965 2458 removeri
991 2435 1081 2468 opus
1107 2426 1180 2463 est;
1208 2434 1290 2456 nam
1312 2442 1356 2445 —
1380 2421 1469 2457 haec
1496 2421 1662 2456 Canisius
1688 2422 1765 2456 eius
1791 2421 1973 2456 consultor

203 2481 238 2513 et
265 2478 432 2513 Rotarius
458 2478 599 2521 collegii
625 2479 789 2513 minister
815 2478 859 2512 ad
887 2477 1090 2521 generalem
1118 2477 1286 2511 deferunt
1313 2495 1354 2500 —
1382 2475 1594 2521 provinciali
1620 2487 1689 2510 non
1716 2475 1876 2515 oboedit;
1909 2486 1972 2520 pro

204 2532 367 2566 contione
403 2532 489 2566 dicit
523 2533 738 2577 imparatus;
779 2543 949 2575 magnum
984 2542 1046 2566 aes
1081 2530 1236 2565 alienum
1272 2530 1472 2570 contraxit;
1512 2540 1650 2574 pannos
1684 2528 1853 2570 subtiles,
1888 2529 1974 2563 vina

206 2585 371 2630 pretiosa,
407 2596 530 2619 caseos
564 2585 787 2620 hollandicos
823 2589 858 2619 et
893 2595 1102 2629 parmenses
1135 2584 1232 2624 emit,
1267 2583 1406 2617 nobiles
1437 2583 1481 2617 ad
1517 2594 1677 2617 mensam
1704 2586 1828 2622 vocat;
1865 2593 1974 2627 saepe

207 2638 368 2672 dominos
394 2638 626 2682 dominasque
652 2638 789 2673 nobiles
815 2638 999 2678 convenit;
1028 2649 1107 2671 sero
1133 2637 1276 2671 domum
1302 2636 1395 2670 redit
1423 2636 1459 2679 (8
1485 2636 1560 2678 56).
1611 2636 1786 2670 Matthias
1812 2635 1974 2670 Lackner

206 2694 322 2725 rector
356 2690 514 2725 balensis
549 2704 592 2725 ex
629 2692 778 2735 collegio
814 2692 956 2735 aufugit
991 2694 1028 2725 et
1053 2691 1096 2725 ad
1133 2692 1376 2735 protestantes
1411 2690 1544 2723 transit
1571 2689 1685 2733 (405).
1731 2689 1974 2733 Wolfgangus

210 2744 413 2789 Pyr-ringer,
450 2744 644 2778 Bonhomio
679 2745 803 2779 nuntio
839 2744 1036 2789 apostolico
1071 2755 1190 2778 comes
1226 2744 1426 2784 adiunctus,
1461 2743 1707 2788 imprudenter
1741 2743 1880 2786 agendo
1914 2754 1974 2777 ex·

207 2801 388 2831 ternorum
415 2797 524 2831 risum
552 2801 683 2837 movet,
711 2799 794 2832 vino
820 2798 993 2841 indulget,
1021 2809 1065 2832 ex
1093 2797 1272 2832 Societate
1299 2797 1426 2831 eicitur
1455 2796 1570 2840 (539).

330 2849 642 2884 Verumenimvero
678 2850 766 2884 haec
792 2852 882 2885 vitia
917 2862 1110 2896 paucorum
1143 2852 1263 2890 erant;
1299 2853 1335 2884 et
1371 2853 1543 2894 quantum
1571 2849 1663 2884 Socii
1691 2849 1870 2893 aliquibus
1895 2849 1974 2884 odio

209 2906 321 2944 erant,
357 2906 497 2937 tantum
534 2906 569 2937 et
604 2904 758 2948 amplius
793 2916 813 2938 a
848 2904 1036 2939 catholicis
1070 2904 1251 2949 plerisque
1287 2903 1540 2946 diligebantur.
1586 2904 1640 2937 lta
1667 2903 1817 2937 Iacobus
1842 2903 1974 2945 Rabus,

210 2956 433 2991 contionator
468 2957 568 2990 ducis
605 2957 799 2995 Bavariae,
835 2957 869 2991 111
906 2958 994 2992 libro
1034 2956 1338 3002 „Gegenbericht“
1379 2968 1411 2992 a.
1441 2957 1533 2991 1573
1568 2959 1692 2990 contra
1727 2955 1972 2990 Marbachium

211 3009 436 3043 lutheranum
466 3009 560 3043 edito
591 3022 675 3052 „sua
701 3012 846 3054 sponte‘
877 3013 1032 3045 testatus
1059 3014 1133 3045 est:
1174 3010 1279 3044 Falso
1305 3010 1428 3044 dicunt
1456 3011 1609 3044 Iesuitas
1635 3009 1784 3054 reliquis
1810 3021 1849 3043 se
1876 3020 1974 3054 prae-

213 3063 322 3101 ferre:
359 3063 465 3097 immo
501 3063 648 3107 reliquis
684 3063 733 3097 illi
772 3064 1012 3105 famulantur;
1049 3064 1217 3107 religiose
1249 3066 1285 3097 et
1318 3067 1442 3098 sancte
1469 3064 1617 3102 vivunt:
1653 3065 1896 3107 protestantes
1931 3062 1974 3097 iis

212 3115 445 3157 singulariter
460 3116 688 3156 maledicunt,
707 3118 790 3160 quia
808 3117 1004 3152 studiosius
1023 3129 1129 3162 quam
1145 3117 1205 3151 alii
1225 3117 1410 3151 ecclesiam
1431 3116 1628 3151 defendunt
1644 3116 1757 3160 (658).
1789 3116 1975 3151 Adversus

213 3168 363 3212 Rodingi
390 3168 547 3202 libellum
576 3170 761 3209 famosum,
793 3182 896 3214 quem
923 3182 1033 3215 supra
1059 3171 1143 3208 dixi.
1170 3182 1200 3204 a.
1224 3171 1312 3204 1576
1341 3169 1549 3213 lngolstadii
1577 3169 1695 3204 editus
1720 3172 1777 3204 est
1802 3169 1975 3213 Dialogus
