2062 3443
78 166 182 201 2079.
202 164 368 199 Monachi
388 163 472 198 Can.
500 163 584 198 Dec.
608 162 698 197 1580
713 164 776 206 (5³).
819 161 925 196 2080.
946 162 992 195 lo.
1014 161 1068 194 Fr.
1089 160 1307 194 Bonhomius
1327 160 1413 195 Can.
1441 162 1496 196 30.
1516 161 1600 195 Dec.
1622 160 1723 195 1580.
1766 163 1852 203 593

77 283 285 326 seculi¹
318 285 362 324 et
394 282 782 323 tenebrarum2
816 295 900 323 non
933 283 1192 334 superarent
1224 293 1302 320 nos
1341 280 1484 321 lucis
1517 278 1705 320 filios3
1737 278 1852 320 omni

78 347 319 402 diligentia,
353 347 429 388 sed
462 347 502 388 in
537 346 665 388 Suam
701 349 746 388 et
779 346 999 388 Ecclesiae
1027 344 1262 399 ‚perniciem
1298 345 1498 386 maxime.

197 412 317 462 Quod
350 416 562 466 superest,
608 412 860 453 commendo
902 425 970 452 me
1013 413 1058 452 et
1090 409 1200 451 hanc
1233 410 1566 463 Friburgensem
1605 408 1853 450 missionem

80 480 124 522 P.
148 478 196 521 T.
241 477 361 520 cuius
404 477 602 530 precibus
647 476 772 529 cupio
816 475 1034 525 adiuuari,
1080 477 1125 516 et
1165 488 1240 516 oro
1285 475 1565 529 peculiariter
1597 474 1651 515 ob
1695 487 1854 526 graues

79 557 249 592 causas,
294 546 341 585 vt
373 556 426 583 ne
462 542 615 584 Patres
648 541 785 583 nostri
829 555 883 582 ex
917 539 1257 593 congregatione
1292 539 1373 581 huc
1406 539 1601 589 redeant,
1643 538 1723 579 nisi
1758 552 1853 580 cum

79 608 254 662 proprio
293 607 418 649 huius
460 606 704 660 prouintiae
739 606 992 655 Visitatore‚
1038 608 1245 658 certoque
1286 605 1461 646 decreto
1507 604 1559 646 de
1603 604 1676 645 illo
1721 617 1851 645 censu

80 676 211 726 atque
253 674 493 722 contractu,
538 671 609 724 qui
643 674 816 713 nostros
858 672 966 714 adeo
1011 670 1227 720 distrahit,
1271 673 1315 712 et
1356 683 1559 723 magnum
1600 669 1856 710 discrimen·

79 738 225 780 adfert
266 737 554 791 conscientijs.
610 736 821 778 Dominus
862 737 991 779 Jesus
1032 735 1075 777 in
1117 749 1239 777 suam
1281 735 1464 788 gloriam
1508 737 1655 777 uertat
1696 733 1852 776 omnia.

80 803 282 856 Dilingae
316 804 370 844 20
404 801 616 843 Novemb.
645 802 769 844 1580.

1389 922 1502 965 filius
1534 923 1736 976 indignus

1396 989 1487 1032 Pet.
1515 988 1725 1031 Canisius.

200 1062 444 1105 Admodum
478 1062 758 1104 Reuerendos
791 1062 903 1116 μία,
939 1067 982 1103 ut
1014 1076 1147 1117 supra
1177 1076 1219 1116 p.
1244 1060 1368 1113 568]

198 1140 226 1191 †
249 1139 492 1182 Admodum
517 1138 771 1180 Reuerendo
794 1138 837 1180 in
861 1138 1029 1180 Christo
1054 1137 1175 1181 Patri
1194 1137 1383 1180 Oliuerio
1405 1137 1657 1188 Manaraeo,
1682 1136 1855 1179 Vicario

81 1204 274 1259 generali
307 1204 540 1246 Societatis
571 1204 724 1246 JESV.
849 1203 1027 1245 Romae.

81 1318 243 1355 2079.
327 1318 645 1354 MONAGHI
674 1320 854 1353 variorum
883 1319 1182 1353 monasteriorum
1211 1318 1378 1361 Dilingae
1405 1318 1540 1352 litteris
1565 1317 1754 1351 studentes
1782 1316 1856 1351 CA-

271 1372 409 1407 NISIO.
827 1372 973 1416 Dilinga
1000 1373 1095 1407 circa
1121 1372 1278 1406 medium
1305 1384 1351 1406 m.
1372 1371 1607 1406 Decembrem
1636 1371 1727 1406 1580
1745 1371 1809 1414 (2³).

201 1446 257 1487 Ei
300 1449 341 1487 in
373 1448 615 1500 proximum
658 1461 818 1487 annum
862 1445 1012 1499 fausta
1054 1450 1198 1500 optant
1239 1447 1565 1499 omimmturque
1601 1450 1638 1486 et
1674 1443 1853 1496 „xenia“

82 1526 206 1553 sacra
239 1513 534 1565 (precationes,
563 1513 848 1566 poenitentiae
881 1516 918 1553 et
950 1512 1143 1552 caritatis
1176 1510 1324 1565 opera)
1358 1510 1555 1563 offerunt.

202 1591 311 1625 Plura
330 1591 372 1625 de
391 1591 447 1625 his
474 1591 616 1633 litteris,
643 1603 734 1635 quae
761 1592 898 1636 perisse
917 1591 1095 1631 videntur,
1123 1590 1158 1624 in
1184 1591 1347 1635 proximo
1367 1590 1547 1624 volumine
1574 1589 1749 1630 dicentur,
1777 1600 1857 1622 cum

83 1644 217 1679 Canisii
244 1644 400 1689 epistula
418 1645 450 1678 2.
470 1645 655 1679 Februarii
676 1644 765 1679 1581
791 1645 842 1689 (5³)
863 1645 947 1679 dala
973 1647 1203 1689 proponetur,
1230 1656 1300 1688 qua
1319 1644 1349 1678 is
1368 1643 1554 1678 monachis
1571 1643 1644 1677 illis
1661 1643 1857 1687 respondit.

84 1749 252 1786 2080.
343 1749 643 1786 IOANNES
670 1750 1101 1787 FRANGISCUS
1129 1749 1536 1786 BONHOMIIJS
1564 1750 1754 1795 episcopus
1780 1761 1858 1784 ver-

273 1804 442 1839 cellensis
468 1807 505 1839 et
530 1805 678 1840 nuntius
704 1806 926 1850 apostolicus
953 1804 1155 1839 CANlSIO.

850 1865 906 1899 Ex
932 1865 1149 1899 monasterio
1177 1863 1212 1899 S.
1231 1863 1369 1899 Urbani
1396 1864 1452 1898 30.
1470 1863 1680 1898 Decembris
1709 1863 1810 1898 1580.

201 1929 256 1963 Ex
291 1928 500 1974 apographo
537 1928 698 1963 eiusdem
734 1929 810 1963 fere
846 1929 1019 1974 temporis
1054 1941 1167 1974 eoque
1202 1929 1254 1963 sic
1287 1929 1482 1973 inscripto:
1523 1928 1642 1971 „Patri
1679 1927 1855 1962 Canisio.“

83 1981 166 2016 Cod.
195 1993 283 2016 rom.
313 1982 376 2024 „D.
407 1983 435 2015 ll
464 1982 529 2016 36⁴⁴
560 1993 593 2026 p.
618 1982 698 2016 556.

202 2044 254 2076 De
281 2043 392 2085 ipsius
419 2043 545 2075 itinere
571 2047 601 2075 et
627 2043 778 2086 epistula
805 2043 973 2087 quadam.
1018 2044 1131 2085 Saepe
1157 2043 1204 2075 ad
1228 2054 1264 2075 se
1288 2043 1513 2076 scribendum
1539 2053 1618 2076 esse.

201 2120 456 2162 Reuerende
489 2120 718 2162 admodum
744 2120 807 2163 vti
829 2122 970 2162 frater
992 2121 1035 2162 in
1060 2120 1242 2162 Domino
1266 2120 1530 2164 charissime.
1581 2121 1685 2162 Post
1709 2120 1858 2162 horam

82 2185 276 2238 quintam
311 2185 649 2239 pomeridianam
685 2185 843 2227 fuimus
878 2185 944 2228 hic
976 2186 1018 2227 in
1043 2186 1190 2228 Sancti
1216 2186 1380 2228 Vrbani
1404 2185 1697 2228 monasterio4
1730 2199 1859 2239 quor-

81 2264 175 2291 sum
209 2250 337 2304 paulo
372 2253 470 2304 post
503 2250 697 2303 quintam
733 2254 836 2293 ante
868 2251 980 2293 diem
1004 2265 1058 2293 ex
1082 2254 1214 2305 ponte
1237 2251 1472 2294 Censiaco5
1505 2251 1858 2301 discesseramus,

82 2316 318 2358 incolumes
341 2315 512 2368 quidem
537 2316 615 2357 Dei
639 2316 795 2369 gratia,
820 2317 894 2358 sed
920 2331 1002 2357 non
1027 2317 1184 2358 leuiter
1208 2316 1309 2358 fessi
1333 2330 1467 2370 prope
1490 2330 1652 2367 omneS,
1681 2319 1861 2370 propter

81 2383 272 2433 longum,
307 2394 357 2422 ac
391 2395 475 2422 non
509 2395 660 2434 parum
697 2395 912 2423 morosum
946 2382 1042 2430 iter,
1086 2381 1199 2434 quod
1232 2382 1304 2423 XI.
1339 2381 1557 2432 horarum,
1597 2385 1642 2423 et
1674 2382 1860 2435 amplius

81 2445 242 2499 spacio,
266 2459 486 2498 nunquam
509 2446 563 2487 ab
587 2446 709 2498 equis
733 2446 1044 2488 descendentes
1067 2447 1337 2501 peregimus;
1371 2446 1414 2488 id
1436 2451 1581 2488 autem
1606 2447 1689 2489 erit
1712 2460 1858 2497 causa,

83 2524 159 2552 cur
192 2510 433 2565 Epistolam
478 2510 532 2552 ad
568 2510 743 2553 Patrem
779 2511 1126 2553 Prouincialem6
1168 2526 1194 2553 a
1235 2525 1304 2553 me
1342 2511 1542 2564 Friburgi
1585 2512 1731 2554 datam
1774 2526 1859 2553 non

82 2575 274 2617 miserim
307 2576 361 2617 ad
387 2576 702 2618 paternitatem
727 2580 847 2618 tuam
873 2577 1152 2631 exscriptam,
1187 2579 1232 2619 et
1263 2577 1408 2629 sigillo
1441 2590 1536 2618 meo
1560 2577 1859 2630 obsignatam:

83 2640 192 2682 Eam
234 2643 379 2682 autem
414 2641 638 2683 Luceriam
683 2642 853 2683 mittam
897 2642 1034 2696 primo
1078 2655 1248 2695 quoque
1289 2644 1498 2695 tempore,
1542 2642 1611 2683 vel
1654 2656 1735 2695 ego
1767 2643 1861 2697 ipse

84 2706 272 2747 fortasse
314 2706 568 2759 relinquam,
612 2706 697 2748 iam
740 2708 853 2749 enim
896 2707 1044 2762 accepi
1086 2709 1170 2750 iter
1211 2721 1288 2761 per
1320 2706 1569 2749 Curiensem
1604 2708 1761 2749 vallem
1795 2707 1860 2749 in-

202 2798 231 2829 a)
253 2799 391 2830 Sequitur
410 2797 479 2827 hab,
499 2799 590 2823 oblim.

206 2893 215 2911 ¹
244 2891 293 2925 Lc
322 2892 375 2931 16,
403 2892 444 2927 8:
473 2893 529 2933 20,
557 2893 613 2926 34.
739 2893 751 2912 ²³
781 2893 796 2927 1
827 2892 953 2927 Thess.
974 2893 1005 2932 5,
1033 2894 1065 2927 5.

204 2942 217 2961 ³
244 2944 294 2979 Lo
324 2946 374 2984 16,
402 2946 434 2980 8.
486 2946 522 2979 10
555 2946 606 2984 12,
634 2946 689 2980 36.
745 2945 821 2991 Eph
848 2949 880 2987 5,
908 2947 940 2981 8.
997 2948 1008 2980 l
1038 2946 1154 2980 Thess
1180 2947 1212 2985 5,
1242 2947 1272 2980 5.

204 2999 215 3017 ⁴
245 2998 320 3032 Hoc
346 2999 601 3032 monachorum
622 2999 906 3034 cisterciensium
927 3000 1135 3034 coenobium
1164 3000 1197 3033 in
1225 3003 1321 3033 terra
1340 2999 1620 3034 Lucernensium
1648 3001 1756 3034 situm
1772 3003 1861 3034 erat.

205 3051 217 3070 ⁵
245 3051 339 3085 Pons
364 3052 553 3086 sensiacus
593 3051 870 3094 (Sensehi-iicke,
908 3053 1000 3087 Pont
1025 3054 1069 3087 de
1096 3053 1129 3087 la
1157 3052 1333 3095 Singiue),
1369 3053 1508 3087 medius
1543 3054 1636 3088 inter
1671 3054 1761 3087 fines
1789 3054 1861 3087 Fri-

84 3103 315 3146 burgensium
344 3107 380 3138 et
409 3105 614 3138 Bernatium
646 3106 828 3142 (Bm-thim·
854 3107 875 3140 l.
896 3118 925 3140 c.
946 3106 1036 3140 285:
1064 3107 1443 3150 Steffens-Ii'ee'nleardt‚
1469 3105 1579 3140 Nunt.
1602 3107 1610 3139 1
1641 3107 1704 3140 571
1724 3110 1764 3147 ⁴).

205 3157 218 3176 ⁶
246 3157 394 3191 Paulum
417 3158 614 3198 Hoffaeuni‚
644 3159 792 3192 Romam
813 3160 856 3193 ad
877 3159 1068 3193 Societatis
1087 3159 1402 3202 congregationem
1423 3159 1628 3202 generalem
1647 3160 1860 3204 profectum.

155 3217 471 3254 Braunsberger,
492 3220 604 3247 Canisii
625 3221 782 3255 Epistulae
802 3224 834 3248 et
853 3223 938 3249 Acta.
967 3222 1029 3248 VII.
1530 3218 1576 3252 38
