2062 3443
651 114 849 160 Oeniponte
879 116 907 149 1.
928 115 1083 158 Augusti
1114 116 1215 150 1572.
1757 122 1809 163 71

50 237 94 277 et
115 233 432 276 Nazianzenum
457 232 651 286 appellat
673 232 732 284 (in
757 247 850 287 cap.
878 236 926 275 11
955 233 1006 275 ad
1033 234 1174 285 Rom.)
1198 248 1379 286 magnos
1403 235 1698 290 ε’ργοὸεώκτας,
1732 235 1813 276 lioc

50 302 128 347 est,
162 311 335 352 operum
371 301 612 348 exactores,
647 311 697 339 ac
719 298 843 339 liberi
865 299 1031 351 arbitrij
1057 302 1264 352 patronos
1282 301 1307 349 1,
1343 300 1464 352 quasi
1498 300 1579 341 liae
1611 300 1652 341 in
1686 302 1813 354 parte
1850 348 1852 351 ι

49 363 200 406 summi
233 362 292 403 illi
328 362 588 404 Graecorum
623 363 830 415 Tlieologi
865 363 1197 405 halluciuentur.

165 428 253 469 Iam
289 441 392 469 vero
425 427 459 468 si
493 428 607 468 vllus
640 441 693 468 ex
727 428 942 477 Patribus,
986 428 1179 481 inprimis
1213 429 1381 482 quidem
1416 428 1700 482 Augustinus,
1740 429 1812 471 vbi

49 493 101 535 de
144 492 454 534 Iustificatione
498 495 737 540 tractatur,
783 506 978 534 summae
1022 507 1194 547 semper
1238 494 1320 536 fuit
1361 494 1665 536 Autlioritatis.
1731 494 1812 536 Sed

49 560 202 600 contra
241 557 352 598 hunc
394 557 524 598 etiam
569 557 640 599 isti
684 558 839 599 cristas
882 558 1067 611 erigunt,
1115 572 1165 600 ac
1198 559 1289 600 eius
1321 559 1559 601 doctrinam
1595 573 1811 612 nunquam

48 622 155 666 satis
195 622 440 672 laudatam,
483 636 594 675 quae
636 623 772 664 lucem
816 623 989 677 scriptis
1031 623 1296 678 Apostolicis
1341 625 1575 666 maximam
1618 625 1811 678 praebet,

48 690 234 744 pergunt
265 688 530 729 calumniari.

165 752 377 806 Chytreus
410 752 520 801 (Lib.
555 752 606 793 de
639 752 781 795 studio
805 753 1086 805 Theologiae)
1120 754 1280 807 obiicit,
1314 753 1604 807 Augustinum
1639 755 1812 796 senten-

47 818 134 862 tiae
156 817 276 859 Pauli
300 818 351 859 de
374 817 569 870 gratuita
590 817 876 871 imputatione
898 818 1090 860 iustitiae
1113 819 1385 869 ciniis-1¹12,
1413 833 1496 861 non
1520 819 1811 862 satisfacere3.

165 883 443 937 Schnepfius4
483 883 525 924 in
569 883 680 924 hunc
720 883 890 924 modum
925 884 1096 926 scribit:
1131 887 1399 939 Auqustinus
1430 900 1569 926 reram
1604 890 1640 925 et
1670 887 1814 940 qenai-

49 963 145 991 nam
168 949 379 990 Ecclesiae
402 949 454 989 de
482 950 737 1003 imputatam
772 950 934 990 iustitia
959 951 1204 991 sententiam
1230 965 1447 1005 nunquam,
1473 955 1529 991 est
1552 955 1811 1005 assequutus.

49 1013 153 1063 Quid
197 1027 314 1059 vero,
358 1013 393 1054 si
437 1015 548 1066 quod
582 1014 853 1067 Augustinus
894 1014 935 1056 in
971 1014 1094 1056 Pauli
1135 1015 1308 1069 scriptis
1349 1029 1432 1056 non
1476 1018 1543 1056 est
1575 1019 1813 1062 assecutus,

48 1079 274 1133 Chytreus,
309 1079 576 1133 Schnepfius,
619 1079 806 1121 Luterus
848 1093 941 1121 cum
985 1082 1081 1122 tota
1113 1094 1192 1121 sua
1224 1094 1464 1134 synagoga,
1507 1081 1642 1121 multo
1676 1080 1816 1121 minus

47 1143 289 1193 intelligere
322 1146 366 1185 et
399 1144 570 1197 assequi
604 1144 802 1198 possint?
852 1144 986 1186 Addit.
1019 1147 1063 1186 et
1094 1145 1199 1187 illud
1233 1146 1498 1200 Schneptius‚
1534 1145 1815 1198 Manifestum

50 1215 114 1261 est,
149 1210 310 1252 Diuum
334 1211 618 1263 Auyusle'num
641 1211 762 1252 haud
783 1212 937 1252 lanium
970 1225 1163 1252 error-um
1195 1214 1357 1253 semina
1390 1213 1449 1253 vel
1481 1213 1637 1263 iecisse,
1670 1213 1730 1251 vel
1763 1211 1815 1251 ab

50 1277 146 1331 alays
186 1278 268 1316 iam
312 1290 465 1331 sparsa
507 1278 678 1317 (nemisse
711 1281 746 1317 et
778 1277 1076 1331 confirmassef‘
1109 1276 1218 1327 (Lib.
1254 1276 1306 1317 de
1348 1277 1641 1327 eucharistia).
1706 1276 1812 1317 Tum

49 1340 371 1395 Philippus-ita
411 1341 568 1394 probat
600 1340 905 1394 Augustinum‚
949 1345 997 1383 vt
1038 1342 1176 1383 multa
1218 1341 1348 1384 etiam
1392 1342 1433 1383 in
1476 1342 1569 1396 ipso
1601 1341 1816 1395 improbet

49 1405 155 1457 (Lib.
190 1409 241 1448 de
273 1406 500 1457 Ecclesia),
536 1409 688 1460 vtpote
722 1407 833 1459 quod
868 1407 1049 1448 Paulum
1083 1421 1213 1461 saepe
1247 1410 1462 1460 torqueat,
1505 1420 1555 1448 ac
1588 1421 1813 1461 perperam

47 1471 380 1526 interpretetur,
424 1471 621 1525 quodque
662 1472 916 1525 vulgaribus
957 1472 1022 1514 sui
1065 1473 1196 1514 seculi
1240 1472 1510 1527 opinionibus
1551 1471 1730 1514 subinde
1769 1485 1815 1512 se

49 1537 160 1579 vinci
192 1537 428 1592 patiaturss.

50 1675 173 1711 fidem:
201 1688 305 1720 quam
334 1677 423 1716 vult,
450 1679 489 1710 ut
515 1688 581 1711 nos
607 1676 674 1721 ipsi
702 1676 745 1710 de
772 1679 893 1710 nostro
920 1677 1136 1712 adferamus.
1180 1677 1229 1710 At
1254 1676 1357 1711 nobis
1382 1676 1562 1711 mordicus
1589 1675 1814 1710 retinendum

51 1734 115 1769 est,
149 1730 254 1764 fidem
281 1742 420 1775 quoque
456 1731 585 1764 donum
614 1730 677 1764 Dei
705 1741 794 1771 esse,
831 1733 939 1774 atque
975 1731 1019 1764 ab
1047 1731 1107 1764 illo
1143 1731 1185 1764 ad
1222 1742 1286 1764 nos
1313 1731 1513 1765 derivari“:
1552 1731 1589 1764 ln
1616 1728 1815 1774 Epistolam

51 1783 84 1819 S.
98 1783 198 1818 Pauli
215 1784 374 1829 Apostoli
395 1784 437 1818 ad
455 1784 634 1818 Romanos
651 1783 690 1818 D.
705 1785 803 1817 Petri
818 1785 996 1827 Martyris
1010 1786 1172 1818 Vermih'i
1188 1784 1452 1825 Commeat-arii,
1473 1784 1597 1827 Tiguri
1615 1784 1716 1822 1569,
1736 1783 1816 1817 235.

0 1831 1 1842 ¹
171 1838 181 1858 ¹
207 1838 334 1871 Petrus
361 1840 514 1882 Mat-tyr,
544 1838 580 1871 ln
609 1837 804 1882 Epistolam
834 1837 868 1871 S.
893 1837 996 1871 Pauli
1025 1838 1185 1882 Apostoli
1214 1838 1256 1872 ad
1285 1837 1475 1879 Romanos,
1502 1839 1555 1872 ed.
1583 1837 1626 1878 3.,
1653 1836 1817 1870 Basileae

57 1890 156 1932 1570,
183 1891 262 1925 571,

167 1945 180 1965 ²
205 1944 292 1978 Rom
321 1944 352 1984 3,
379 1945 505 1984 20-5.
534 1945 596 1980 2¹:
633 1944 665 1982 4,
696 1945 828 1984 1-25;
860 1945 873 1979 1
906 1944 1023 1983 Coi-1,
1051 1945 1114 1985 30;
1155 1944 1223 1978 Gal
1250 1945 1281 1986 2,
1312 1945 1354 1979 16
1373 1945 1439 1984 -3,
1467 1944 1532 1985 27;
1560 1944 1591 1984 5,
1619 1943 1722 1984 5-6,
1749 1945 1816 1976 etc.

169 1998 182 2018 ⁸
211 1997 307 2041 „Non
335 1998 476 2031 omnino
502 1999 703 2032 sententiae
728 1995 829 2031 Pauli
857 1999 900 2032 de
926 1999 1086 2042 gratuita
1113 1998 1347 2043 imputatione
1373 1998 1537 2032 iusticiae
1557 1996 1688 2032 Christi
1714 1996 1817 2029 satis-

51 2042 138 2085 facit
162 2051 430 2094 Augustinus“:
467 2053 586 2086 David
614 2051 820 2094 Chytraens,
856 2051 908 2085 De
944 2052 1063 2085 studio
1089 2051 1308 2094 Theologiae
1342 2053 1440 2085 recte
1475 2050 1684 2090 inchoando,
1719 2049 1817 2082 Vite-

51 2104 180 2149 bergae
208 2106 307 2144 1561,
342 2105 366 2139 f.
397 2105 576 2139 i7b—182.
629 2105 743 2139 David
781 2105 992 2139 Kochhafen
1028 2105 1107 2138 sive
1135 2105 1338 2149 Chytraeus
1368 2104 1636 2147 (15:31-1600)
1673 2103 1817 2143 simbus,

51 2169 142 2192 unus
167 2169 212 2192 ex
238 2159 534 2192 nioderatioribus
560 2158 705 2192 Lutheri
734 2159 984 2198 sectatoribus,
1012 2159 1072 2192 diu
1097 2158 1284 2192 Hostocbii
1314 2157 1506 2200 (Rostock)
1535 2157 1568 2191 in
1596 2156 1817 2202 paedagogio

53 2214 90 2246 et
114 2212 147 2246 in
174 2213 411 2246 universitate
438 2213 567 2246 docuit.

169 2267 181 2286 ⁴
208 2265 390 2301 Erhardus
409 2266 580 2311 Schnepff
597 2265 864 2309 (1495-1558)
886 2265 1182 2305 lieilbronnensis,
1202 2277 1382 2300 sacrorum
1403 2265 1566 2299 minister
1582 2266 1618 2298 et
1636 2263 1819 2309 professor

54 2318 291 2362 tubingensis.
318 2319 444 2353 deinde
470 2322 652 2364 professor
678 2319 844 2353 ienensis.

173 2373 186 2393 ⁵
211 2373 310 2407 Duae
336 2373 403 2407 hae
428 2373 630 2407 sententiae
655 2375 740 2406 sunt
761 2374 793 2406 in
818 2372 1071 2415 „Confessione
1091 2373 1254 2406 Erhardi
1273 2373 1471 2416 Selmepffii
1495 2372 1538 2405 de
1555 2370 1819 2410 Eucharistia“,

54 2424 323 2460 Fraucofordiae
349 2427 392 2461 ad
420 2426 587 2460 Moenum
618 2426 706 2460 1577
745 2425 905 2467 (libanus
931 2438 996 2460 nec
1032 2427 1194 2471 paginas,
1230 2438 1294 2460 nec
1331 2425 1426 2464 folia,
1464 2436 1528 2459 nec
1555 2425 1674 2469 capita
1709 2423 1819 2457 habet

56 2481 212 2514 numeris
237 2480 411 2523 signata),
438 2481 472 2513 in
499 2480 547 2514 lo.
568 2491 643 2524 cap.
664 2480 696 2519 6,
724 2482 790 2514 etc.

174 2534 187 2554 ⁶
216 2533 312 2576 ,Etsi
339 2537 458 2568 autem
485 2533 664 2568 interdum
696 2534 730 2567 in
768 2534 844 2567 eius
879 2533 1025 2578 scriptis
1059 2533 1196 2576 figurae
1221 2532 1392 2566 orationis
1418 2532 1609 2566 occurrunt
1634 2542 1702 2564 non
1731 2530 1820 2565 satis

56 2586 254 2632 explicatae
280 2589 343 2622 aut
369 2587 623 2627 incommodae,
650 2587 718 2621 hae
744 2587 966 2631 temporibus
984 2587 1237 2621 condonandae
1255 2588 1350 2627 sunt,
1378 2587 1460 2630 quia
1480 2585 1580 2629 vulgi
1599 2583 1820 2619 consuetudo

57 2641 225 2685 quasdam
253 2641 387 2685 figuras
413 2643 610 2686 receperat,
637 2643 676 2674 ut
703 2641 978 2685 appellationem
1006 2641 1123 2674 meriti
1145 2668 1151 2674 .
1173 2667 1180 2674 .
1201 2667 1208 2674 .
1235 2640 1312 2674 Non
1339 2642 1429 2673 satis
1455 2638 1708 2677 consideravit,
1736 2637 1819 2681 quid

55 2693 90 2728 in
110 2720 118 2728 .
137 2721 144 2729 .
164 2720 172 2729 .
198 2695 293 2728 votis
312 2695 391 2728 vitii
418 2694 536 2735 fuerit,
563 2694 655 2738 quod
676 2698 753 2728 erat
771 2694 968 2728 obscurius.
1014 2694 1234 2727 Vincebatur
1253 2694 1345 2727 enim
1366 2693 1577 2737 vulgaribus
1595 2691 1820 2737 opinionibus

56 2747 110 2782 sui
135 2748 258 2782 seculi.
308 2748 380 2782 lam
416 2760 492 2782 mos
527 2750 694 2793 receptus
730 2750 807 2782 erat
842 2747 995 2781 faciendi
1024 2748 1142 2781 vota⁴‘.
1197 2749 1249 2781 lta
1277 2748 1539 2786 Melanclzthon,
1575 2746 1611 2780 in
1636 2745 1717 2780 libri
1749 2744 1820 2787 „De

56 2799 217 2835 Ecclesia
251 2804 287 2836 et
321 2802 514 2836 autoritate
540 2801 648 2835 Verbi
677 2801 761 2835 Dei“
801 2801 954 2835 editione
982 2800 1237 2843 Vitembergae
1272 2812 1303 2834 a.
1334 2801 1425 2835 1560
1452 2800 1612 2843 vulgata,
1648 2810 1724 2843 cap.
1748 2798 1820 2840 „De

60 2854 275 2897 Augustino‘
301 2855 434 2900 (Opera
461 2855 484 2889 l.
503 2867 531 2889 c.
551 2854 681 2894 XXIII,
709 2855 912 2898 621-626)
960 2853 1035 2888 Nec
1062 2856 1180 2888 tamen
1208 2854 1342 2897 legitur
1368 2865 1484 2897 neque
1506 2854 1541 2886 in
1568 2853 1636 2887 hac
1654 2852 1820 2891 editione,

57 2917 170 2951 neque
195 2908 230 2942 in
256 2909 410 2943 editione
435 2908 517 2943 libri
541 2908 611 2951 „De
639 2908 821 2942 Ecclesia“
851 2911 929 2949 etc,
957 2919 1063 2951 quain
1089 2906 1245 2952 Operum
1266 2907 1555 2941 Melanchthonis
1582 2906 1748 2940 volumen
1776 2904 1820 2938 ll.

61 2959 310 3006 vitembergae
345 2973 376 2996 a.
406 2963 494 2997 1601
532 2962 720 3005 vulgatum
749 2962 908 2996 continet
945 2962 989 3003 (c.
1022 2961 1085 3004 „de
1120 2961 1376 3005 Augustino‘),
1416 2960 1527 3004 „quod
1565 2957 1820 3004 [Augustinus]

60 3012 207 3049 Paulum
233 3027 341 3061 saepe
366 3018 543 3060 torqueat,
577 3027 619 3050 ac
645 3027 831 3061 perperam
859 3015 1150 3059 interpretetur“.
1193 3015 1291 3049 Eane
1316 3015 1350 3048 in
1377 3014 1556 3059 prioribus
1587 3016 1671 3046 sunt
1697 3011 1820 3045 editio-

59 3066 172 3107 nibus.
204 3069 456 3113 Vitembergae
483 3080 513 3103 a.
536 3070 626 3103 1539
656 3070 754 3111 (bis),
784 3069 884 3109 1540,
923 3069 1024 3109 1550,
1053 3069 1284 3112 Argentorati
1318 3069 1414 3105 1540.
1442 3067 1606 3101 Basileae
1635 3066 1721 3100 1541
1752 3067 1821 3099 etc.

61 3119 195 3156 factis?
224 3121 357 3167 (Opera
382 3122 404 3157 l.
425 3134 454 3157 c.
473 3122 590 3156 XXlIl
620 3123 838 3166 50⁴7—590).
