2051 3433
206 161 287 202 160
498 156 599 191 1867.
627 154 791 190 Canisius
818 157 854 189 et
879 154 1158 199 Christophorus
1184 154 1354 189 Klockler
1380 154 1603 189 Ferdinando
1629 155 1674 189 ΙΙ.

207 273 356 309 1867.
458 272 674 309 GANISIUS
716 274 752 306 et
791 270 1188 307 CHRISTOPHORUS
1229 262 1481 305 KLGOKLER
1519 271 1754 306 cancellarius
1792 270 1971 305 tirolensis

384 330 836 368 FERDINANDss
866 330 940 365 ΙΙ.
968 331 1163 373 archiduci,
1191 331 1360 365 Austri-ae
1386 331 1581 375 superioris
1607 331 1770 376 principi.

1375 395 1533 430 Sefeldia
1562 397 1615 431 18.
1635 396 1791 430 Ianuarii
1820 396 1922 430 1574.

324 480 379 514 Ex
407 480 614 525 archetypo,
642 480 686 514 ab
705 479 793 524 ipsis
813 479 956 513 Canisio
975 481 1011 512 et
1030 478 1223 513 Klocklero
1242 478 1445 523 subscripto
1467 478 1544 521 (2⁰;
1573 490 1630 523 pp.
1650 478 1714 519 203
1742 490 1774 523 p.
1797 479 1838 512 19
1860 489 1972 512 vacua

203 537 278 575 est;
307 534 342 568 in
360 546 393 578 p.
413 534 458 568 20
485 533 700 578 inscriptio),
728 533 821 576 quod
844 534 965 566 exstat
984 532 1183 577 Oeniponte
1202 532 1237 566 in
1256 531 1402 566 archivo
1423 531 1672 576 praefecturae
1693 531 1976 575 (Statthalterei-

204 587 368 631 Archiv),
400 587 448 629 ,E
468 587 614 621 Kloster
631 586 784 625 Seefeld.
811 586 840 620 ll
859 585 920 620 Nr.
941 586 1021 620 34⁴⁵,
1050 586 1266 620 Litterarum
1290 585 1410 619 brevis
1428 597 1569 620 summa
1594 587 1649 620 est
1675 586 1767 630 apud
1800 587 1841 619 G.
1867 586 1974 619 7ῐί1111·-

204 641 347 685 hauser,
373 639 1128 685 Topographisch-historisch-statistische
1154 638 1426 682 Beschreibung
1452 639 1515 672 der
1542 638 1691 674 Diocese
1720 639 1862 678 Brixen,
1889 639 1975 673 fort-

204 696 345 737 gesetzt
362 705 431 728 von
458 694 572 727 einem
593 694 753 728 Priester
780 694 842 727 der
861 693 1010 727 Diocese
1032 693 1175 733 [ἂι-111011,
1203 692 1264 733 111,
1293 692 1425 726 Brixen
1448 692 1546 733 1881,
1567 693 1622 727 98.
1658 692 1790 727 Iisdem
1815 704 1902 727 usus
1921 695 1976 726 est

205 748 330 789 Kro'ss,
358 748 443 783 Can.
472 748 550 782 204.

324 840 514 877 Praefatio
541 840 717 877 editoris:
744 842 784 876 111
810 841 920 875 Τ11·011
945 842 1091 876 saeculo
1109 840 1202 875 XVI.
1224 841 1344 875 nullus
1370 841 1470 875 locus
1496 841 1563 885 piis
1589 840 1747 875 fidelium
1773 851 1977 886 peregrzna—

204 896 362 930 tionibus
388 896 505 939 magis
530 896 830 939 frequentabatur
856 906 963 939 quam
991 894 1149 930 Sefeldia
1174 895 1253 929 sive
1279 894 1432 936 Seefeld,
1460 895 1563 929 vicus
1588 907 1697 940 prope
1724 894 1854 928 Zirlam
1877 893 1975 936 (Zirl)

205 950 298 984 situs
325 952 360 983 et
387 949 543 993 quinque
579 949 655 983 fere
690 949 787 983 horis
822 949 866 983 ab
903 948 989 983 urbe
1015 948 1255 993 oenipontana
1291 948 1440 983 distans.
1492 948 1608 983 Huius
1634 947 1854 983 celebritatis
1887 947 1977 981 hanc

206 1006 320 1041 fuisse
355 1005 530 1050 originem
565 1005 733 1040 tradunt:
771 1006 874 1039 Anno
904 1004 995 1039 1384
1030 1005 1221 1039 Oswaldus
1246 1005 1392 1046 Miilser,
1432 1016 1541 1049 eques
1575 1005 1704 1039 nobilis
1739 1004 1979 1049 principis-ue

206 1062 417 1104 procurator
437 1059 672 1102 („Pfieger“),
702 1058 895 1093 Sefeldiam
916 1071 960 1092 ex
979 1070 1061 1092 arce
1080 1059 1115 1092 in
1135 1059 1252 1093 vicino
1271 1062 1390 1093 monte
1408 1058 1488 1099 sita,
1515 1059 1550 1092 in
1569 1070 1639 1103 qua
1657 1058 1854 1099 habitabat,
1880 1070 1894 1090 x
1921 1056 1980 1091 -nit

207 1116 252 1153 et,
279 1112 447 1157 superbia
473 1113 625 1156 quadam
654 1116 690 1146 et
716 1124 834 1146 errore
863 1111 919 1155 (ut
938 1114 1082 1156 putant)
1104 1114 1241 1156 captus,
1269 1124 1289 1146 a
1308 1112 1505 1153 sacerdote,
1532 1114 1572 1146 ut
1597 1123 1704 1146 unam
1723 1123 1767 1146 ex
1786 1111 1980 1146 maloin-lus

207 1166 280 1200 illis
305 1165 443 1207 hostiis,
481 1166 609 1210 quibus
635 1166 703 1210 ipsi
730 1165 938 1200 sacerdotes
965 1165 1000 1199 in
1025 1177 1128 1199 sacro
1163 1165 1326 1200 faciendo
1353 1168 1514 1205 utuntur,
1549 1177 1699 1209 eamque
1735 1167 1980 1200 consecratam

207 1219 274 1254 sibi
302 1231 364 1264 pro
391 1219 637 1253 communione
664 1220 776 1261 daret,
802 1219 985 1262 flagitavit
1011 1222 1119 1263 atque
1146 1218 1317 1254 extorsit:
1355 1230 1462 1263 quam
1490 1230 1574 1253 vero
1601 1218 1689 1263 ipse,
1725 1218 1768 1252 ad
1796 1218 1981 1252 sinistrum

207 1272 334 1307 altaris
359 1272 455 1307 latus
481 1274 711 1314 constitutus,
739 1273 802 1306 vix
829 1276 1029 1317 acceperat,
1066 1283 1147 1306 cum
1172 1275 1284 1317 petra,
1312 1272 1347 1306 in
1374 1283 1445 1316 qua
1470 1272 1602 1313 stabat,
1639 1271 1789 1306 emolliri
1825 1274 1846 1293 1’
1904 1271 1981 1305 uasi

209 1326 340 1372 aperiri
366 1329 493 1372 coepta
519 1330 585 1367 est,
624 1326 774 1371 perinde
800 1338 842 1360 ac
868 1326 897 1359 si
925 1327 1081 1370 equitem
1109 1325 1326 1360 devoratura
1352 1328 1460 1366 esset,
1486 1326 1581 1360 sicut
1606 1325 1689 1359 olim
1714 1328 1797 1360 terr.

208 1388 312 1414 verat
338 1379 427 1414 Core
454 1382 490 1414 et
516 1379 659 1414 Dathan
687 1382 723 1414 et
750 1379 884 1414 Abiron
912 1379 1008 1423 (Nm.
1031 1381 1085 1419 16,
1113 1379 1283 1422 23—33).
1327 1378 1518 1413 Oswaldus
1543 1379 1664 1422 igitur,
1691 1390 1772 1413 cum
1797 1391 1818 1413 1,
1938 1378 1982 1412 ad

209 1434 326 1468 femur
352 1436 475 1479 petrae
502 1433 572 1467 iam
600 1436 697 1468 esset
716 1434 916 1474 immersus,
943 1433 1093 1467 dextera
1119 1432 1163 1466 ad
1181 1432 1296 1467 altare
1322 1431 1503 1477 lapideum
1521 1435 1670 1467 extenta
1687 1444 1726 1467 se
1744 1431 1982 1471 sustentabat,

209 1487 328 1532 lapide
354 1486 416 1521 1110
442 1487 587 1521 interim
614 1499 717 1522 cerae
743 1487 859 1521 instar
884 1488 936 1521 ita
962 1486 1131 1527 emollito,
1157 1489 1198 1520 ut
1223 1485 1379 1520 hominis
1405 1485 1509 1530 digiti
1537 1486 1572 1520 in
1593 1498 1633 1520 eo
1652 1486 1816 1531 impressi
1918 1497 1983 1519 tre-

212 1543 309 1581 rent3
345 1552 387 1575 ac
414 1552 540 1575 sacrae
566 1541 664 1576 illius
698 1540 848 1581 hostiae,
885 1540 944 1574 ubi
972 1552 1013 1574 ea
1040 1539 1171 1584 equitis
1205 1539 1365 1583 linguam
1392 1540 1525 1583 tetigit,
1561 1539 1655 1573 color
1681 1539 1784 1574 albus
1810 1551 1855 1573 ex
1882 1541 1983 1584 parte

212 1596 247 1629 in
273 1595 428 1629 colorem
454 1596 643 1639 sanguinis
670 1595 882 1629 immutatus
908 1596 982 1634 est3
1011 1605 1121 1638 quare
1147 1594 1316 1628 sacerdos
1342 1593 1438 1627 illico
1465 1604 1510 1627 ex
1529 1592 1689 1627 Oswaldi
1715 1605 1775 1627 ore
1801 1592 1899 1626 illam
1923 1604 1981 1626 ex—

212 1650 336 1683 traxit.
371 1649 532 1683 Oswaldi
550 1651 670 1683 autem
689 1660 780 1682 uxor
799 1648 891 1682 domi
910 1647 1046 1687 relicta,
1075 1659 1154 1681 cum
1172 1647 1344 1681 miraculo
1364 1647 1415 1680 illi
1433 1648 1477 1681 ad
1497 1659 1535 1681 se
1553 1647 1667 1681 relato
1685 1658 1729 1680 ne
1756 1648 1836 1691 post
1852 1657 1984 1680 novum

211 1702 356 1747 quidem
383 1702 596 1736 miraculum
623 1713 742 1736 coram
769 1701 848 1746 ipsa
873 1703 1058 1747 patratum
1084 1701 1189 1735 fidem
1217 1701 1413 1745 adiungere
1433 1700 1554 1741 vellet,
1580 1702 1727 1745 repente
1752 1699 1788 1734 in
1806 1700 1982 1734 insaniam

214 1755 338 1790 incidit
372 1756 408 1790 in
444 1768 557 1800 eaque
585 1755 714 1790 misere
750 1754 868 1800 periit.
919 1755 1000 1800 lpse
1028 1766 1113 1788 vero
1140 1754 1330 1789 Oswaldus
1366 1754 1410 1788 ad
1449 1754 1601 1788 solidam
1638 1765 1877 1797 magnamque
1903 1764 1982 1787 con-

214 1821 341 1844 versus
376 1813 432 1843 est
467 1809 736 1854 paenitentiam.
786 1808 1072 1852 Religiosissime
1104 1808 1273 1852 'deinceps
1309 1808 1494 1842 colebatur
1527 1809 1793 1842 sacramentum
1828 1806 1983 1851 pretioso

212 1863 399 1907 sanguine,
425 1866 466 1897 ut
491 1863 644 1905 aiebant,
672 1873 904 1907 conspersum
923 1864 949 1902 ’ς
978 1874 1085 1906 quem
1111 1862 1247 1896 cultum
1266 1862 1334 1895 sibi
1360 1865 1503 1904 gratum
1524 1872 1603 1895 esse
1622 1860 1718 1895 Deus
1736 1860 1850 1904 signis
1876 1863 1984 1905 atque

214 1917 391 1962 portentis
427 1917 637 1951 decimabat
666 1916 760 1956 (Von
797 1916 877 1950 dem
904 1915 995 1949 hoch
1032 1916 1103 1950 vnd
1130 1915 1456 1960 weitberhiimpten
1483 1914 1793 1949 VVunderzeichen
1813 1940 1820 1948 .
1841 1941 1848 1948 .
1869 1941 1876 1948 .
1913 1913 1988 1947 auff
2049 1918 2051 1932 ¹

214 1971 294 2005 dem
321 1970 463 2005 Seefeld
484 1998 489 2004 .
512 1999 517 2004 .
538 1998 545 2005 .
585 1969 789 2004 Warhaffte
816 1969 888 2003 vnd
915 1970 1070 2012 gewisse
1091 1971 1268 2012 Historia,
1295 1969 1463 2012 Dilingen
1490 1968 1590 2009 1580,
1618 1968 1638 2001 5
1664 1969 1729 2008 44;
1763 1968 1986 2001 Tinmmnser

214 2024 355 2059 l.c.11[
382 2024 568 2064 91—102;
607 2024 809 2058 Sinnacher
834 2023 856 2058 l.
877 2035 906 2057 c.
927 2023 958 2058 V
985 2023 1192 2064 589—592;
1230 2025 1328 2058 Ηίνη
1356 2022 1379 2057 l.
1400 2035 1428 2056 c.
1450 2022 1463 2056 l
1491 2022 1708 2065 265—267).
1759 2021 1841 2055 Ideo
1870 2021 1985 2055 Ferdi-

214 2078 355 2112 nandus
382 2078 407 2112 1,
436 2078 631 2123 imperator
658 2096 701 2100 ——
728 2077 763 2111 id
797 2077 891 2121 quod
926 2077 996 2111 iam
1024 2077 1294 2111 Maximilianus
1322 2077 1346 2111 Ι.
1376 2075 1443 2110 31111
1479 2077 1714 2121 proposuerat
1741 2094 1782 2098 —
1810 2074 1986 2109 Sefeldiae

215 2131 470 2166 monasterium
499 2131 607 2175 (quod
636 2131 749 2165 sacris
776 2131 979 2174 virginibus
1007 2130 1141 2164 ordinis
1168 2130 1202 2165 S.
1222 2130 1417 2174 Augustini
1444 2129 1585 2163 tradere
1611 2128 1772 2172 volebat)
1800 2131 1986 2163 exstruere

215 2185 351 2230 coepit;
379 2185 472 2229 quod
498 2187 619 2218 tamen
647 2186 730 2218 ante
756 2184 940 2218 saeculum
960 2184 1075 2218 XVll.
1095 2184 1299 2218 absolutum
1326 2196 1395 2218 non
1415 2185 1481 2217 est.
1519 2182 1656 2216 Deinde
1675 2182 1923 2216 Ferdinandus
1941 2181 1984 2216 11.

215 2238 403 2279 archidux,
440 2240 480 2272 ut
505 2241 585 2272 erat
620 2238 768 2283 pietatis
795 2250 857 2283 per
883 2238 1030 2272 Tirolim
1057 2238 1331 2282 amplificandae
1358 2235 1656 2277 studiosissimus,
1692 2236 1727 2270 in
1754 2237 1910 2270 animum
1937 2235 1986 2269 in-

216 2292 320 2326 duxit
353 2303 486 2326 novum
521 2291 700 2326 Sefeldiae
735 2284 909 2326 sacellum
946 2292 1146 2332 aedificare,
1184 2295 1219 2326 et
1254 2303 1378 2326 sacrae
1413 2291 1510 2325 illius
1545 2290 1684 2324 hostiae
1719 2302 1782 2334 per
1808 2289 1876 2323 duo
1912 2290 1987 2323 fere

215 2346 361 2380 saecula
387 2346 476 2380 miro
504 2345 606 2380 modo
633 2348 869 2380 conservatae
897 2346 932 2379 in
959 2346 1132 2380 sacellum
1159 2357 1262 2380 suum
1299 2344 1571 2380 transferendae
1607 2343 1818 2378 facultatem
1845 2354 1876 2378 a.
1898 2343 1986 2377 1573

217 2412 236 2433 a
274 2399 447 2443 Gregorio
482 2399 579 2434 XIII.
607 2400 836 2444 impetravit;
873 2399 917 2433 de
952 2399 1176 2443 induigentia
1211 2402 1342 2439 tamen,
1378 2410 1485 2443 quam
1512 2397 1758 2431 Ferdinandus
1784 2396 1889 2431 simul
1925 2408 1987 2442 pro

217 2453 350 2488 sacello
377 2453 541 2498 petierat,
569 2453 732 2497 pontifex
757 2465 796 2487 se
824 2453 1102 2487 constituturum
1130 2453 1325 2498 respondit,
1352 2464 1431 2487 cum
1458 2451 1630 2486 sacellum
1651 2451 1737 2485 illud
1756 2452 1853 2485 esset
1869 2450 1988 2484 aedifi-

217 2509 340 2541 catum
367 2507 483 2548 (Hira
510 2506 533 2540 l.
553 2518 582 2540 c.
604 2507 616 2539 1
645 2507 732 2547 266;
762 2508 970 2550 Schelllzass,
997 2506 1105 2540 Nunt.
1126 2507 1177 2540 Ill
1200 2507 1264 2540 144
1283 2507 1370 2546 201;
1400 2506 1430 2538 V
1456 2505 1554 2545 274).
1597 2504 1721 2548 Neque
1748 2515 1832 2537 vero
1859 2504 1987 2537 mirum

217 2562 274 2594 est
292 2560 519 2594 archiducem
539 2559 606 2594 hac
624 2560 659 2593 in
679 2571 788 2594 causa
807 2571 849 2594 ea
867 2560 933 2595 sibi
953 2559 1161 2605 sumpsisse,
1189 2572 1280 2604 quae
1299 2559 1455 2604 episcopi
1476 2559 1587 2592 fuisse
1606 2558 1757 2595 dixeris:
1785 2568 1868 2591 nam
1895 2557 1989 2602 prin-

218 2613 317 2658 cipes
352 2613 404 2647 illi
441 2613 474 2647 in
510 2613 614 2647 rebus
649 2614 763 2648 sacris
798 2614 976 2655 curandis,
1012 2613 1167 2647 maxime
1197 2614 1232 2647 in
1269 2614 1322 2654 iis,
1358 2624 1450 2656 quae
1479 2610 1728 2656 „temp‹›ralia“
1759 2610 1988 2646 vocabantur.

218 2667 371 2701 multum
397 2666 463 2701 sibi
490 2667 598 2709 licere
625 2667 703 2701 sive
729 2669 826 2701 recte
848 2668 908 2709 (ex
927 2667 1216 2701 concessionibus
1242 2666 1434 2711 pontificiis
1454 2665 1510 2699 vel
1537 2664 1698 2708 legitima
1717 2663 1987 2707 consuetudine)

220 2720 460 2761 affirmabant,
488 2721 565 2754 sive
594 2732 780 2766 perperam
809 2721 1034 2755 dictitabant.

342 2799 385 2831 Se
421 2799 598 2839 Sefelclc'ae
629 2799 819 2841 pricilcqc'a
846 2809 951 2831 sacra
979 2803 1007 2831 et
1034 2810 1090 2831 res
1120 2799 1299 2841 pretiosas
1326 2798 1516 2840 insparisse
1542 2801 1571 2829 et
1597 2797 1638 2829 de
1664 2796 1837 2828 miraculo
1864 2795 1988 2828 eucha-

223 2853 341 2885 ristico
368 2853 494 2894 equitis
529 2853 628 2884 illius
663 2853 882 2894 quaesit-isse.
934 2852 1048 2885 „Uultu
1082 2856 1289 2895 proponunt
1325 2862 1414 2894 qnae
1443 2851 1622 2893 pertinent
1657 2850 1705 2882 ad
1738 2849 1827 2882 bon«
1855 2860 1987 2882 conser-

223 2905 349 2948 mnda,
376 2905 545 2938 historias
560 2907 764 2946 ,qi-aliarum
786 2906 1113 2948 miraculornmqm?
1131 2906 1258 2938 litteris
1277 2905 1549 2947 coizst‘ynamlas,
1568 2904 1781 2936 visitationes
1800 2903 1989 2936 canonicas

346 3050 355 3069 ¹
382 3049 434 3083 De
459 3049 662 3083 huiusmodi
682 3049 865 3084 miraculis
883 3049 1071 3093 sanguinis
1090 3048 1231 3083 Domini
1250 3049 1342 3090 vide,
1371 3061 1461 3093 quae
1481 3048 1653 3083 disseruit
1671 3048 1755 3083 clar.
1775 3048 1834 3082 Dr.
1856 3049 1989 3082 Franc.

226 3104 380 3146 Schmid,
409 3103 473 3137 Die
499 3102 693 3137 eucharist.
714 3102 1163 3147 W'undererscheinungen
1181 3102 1229 3136 im
1249 3102 1372 3136 Lichte
1394 3102 1456 3136 der
1474 3101 1680 3145 Dogmatik,
1707 3101 1741 3135 in
1765 3099 1989 3144 ,zeitschrift

224 3157 283 3189 fiir
307 3156 442 3191 kathol.
462 3155 676 3198 Theologi&
708 3155 836 3197 XXVI,
863 3156 1065 3191 492—517.
