2051 3433
210 188 287 211 xxx
745 175 786 209 ll.
817 174 1039 208 Prooemium
1068 173 1258 207 voluminis
1284 173 1425 217 septimi

209 295 341 338 scripto
373 293 481 337 (quod
518 305 610 327 nunc
648 292 797 337 primum
826 291 1012 334 vulgatur)
1050 290 1217 335 exposuit
1245 289 1367 333 (344);
1404 288 1621 323 Ratisbonae
1657 287 1783 322 deinde
1811 286 1975 321 Canisius

210 348 307 381 iussu
343 346 519 391 pontificis
555 346 758 388 theologum
796 345 932 378 Moroni
969 344 1043 387 egit
1079 343 1192 385 (352).
1246 343 1445 376 Castaneus
1477 353 1618 385 quoque
1654 341 1800 374 nuntius
1835 343 1974 385 aposto—

209 399 298 434 licus
334 399 432 443 pacis
468 399 627 442 belgicae
666 410 773 433 causa
810 399 843 431 in
880 397 1110 432 Germaninm
1145 396 1348 430 inferiorem
1387 395 1538 434 missus,
1576 406 1654 428 cum
1692 393 1835 428 Canisio
1870 392 1974 427 Oeni-

209 455 315 497 ponte
343 452 490 486 consilia
525 452 677 486 contulit
715 452 828 494 (461).
880 451 967 484 Item
1006 451 1155 484 Ioannes
1182 449 1380 493 Delphinus
1416 448 1605 492 episcopus
1640 447 1833 481 brixiensis
1858 446 1973 481 coetui

209 506 406 550 principum
442 505 633 538 electorum
669 504 925 547 Nor-imbergae
966 503 1126 537 habendo
1170 502 1247 546 (qui
1282 505 1400 535 tamen
1442 501 1586 535 habitus
1619 512 1689 534 non
1724 500 1795 544 est)
1835 499 1976 534 nomine

209 558 370 602 Gregorii
390 559 485 592 XIll.
506 558 678 592 interesse
705 558 822 592 iussus
841 557 983 592 Canisio
1007 556 1222 590 auctoritate
1249 555 1431 599 pontificia
1454 554 1611 599 scripsit,
1637 556 1676 587 ut
1694 555 1790 589 stato
1816 556 1975 597 tempore

208 611 462 655 Norimbergae
497 612 564 645 sibi
600 612 743 645 adesset
780 611 892 652 (557).
956 609 1079 643 Paullo
1115 612 1197 642 ante
1232 608 1464 651 congregatio
1499 607 1734 641 cardinalium
1770 605 1976 650 germanica

208 665 388 699 Canisium
408 665 451 698 ad
472 664 702 698 Guilielmum
722 663 858 697 Cliviae
877 663 1002 697 ducem
1024 662 1163 696 mittere
1182 661 1407 700 deliberavit,
1434 664 1474 694 ut
1492 661 1569 695 eius
1588 661 1745 694 animum
1764 671 1784 694 a
1802 660 1975 705 petitione

208 718 330 752 calicis
357 718 525 752 laicorum
554 719 735 751 averteret
761 719 794 750 et
821 716 891 750 alia
918 715 1090 760 quaedam
1120 721 1272 755 curaret,
1307 720 1343 747 et
1369 715 1436 748 iam
1466 715 1542 748 eius
1568 715 1618 748 rei
1649 714 1768 757 gratia
1794 712 1976 757 complura

208 771 339 805 Brevia
366 771 443 804 sive
469 770 603 814 scripta
630 771 708 803 sive
735 769 945 803 adumbrata
972 771 1084 809 erant,
1111 780 1190 802 cum
1218 768 1324 801 huius
1350 767 1540 811 legationis
1568 766 1755 801 consilium
1774 766 1975 811 depositum

207 828 262 858 est
291 825 403 867 (790).
455 824 654 857 Cardinalis
682 823 837 856 Rebibae
863 822 1034 856 mandatu
1062 821 1228 856 Canisius
1255 824 1442 864 Augustae
1468 820 1723 855 bibliothecam
1750 819 1975 863 fuggericam

206 877 440 922 perlustravit
466 877 580 919 (391).
633 876 822 918 Permagni
850 875 1031 910 Canisium
1067 875 1224 909 faciebat
1251 874 1468 908 Bonhomius
1502 874 1651 908 nuntius
1686 873 1906 919 apostolicus
1940 872 1976 907 in

207 929 383 971 Helvetia,
420 941 524 974 quem
560 941 668 974 supra
695 930 787 970 dixi;
825 930 918 963 unde
945 929 1170 963 senatoribus
1196 927 1484 971 friburgensibus
1509 927 1621 962 dixit:
1647 927 1862 970 Friburgum
1888 937 1909 960 a
1935 937 1975 960 se

206 983 396 1018 adductum
426 995 504 1017 esse
531 983 700 1017 Iesuitam
729 983 839 1022 illum,
875 982 935 1026 qui
963 982 1118 1016 omnium
1146 983 1242 1015 esset
1270 983 1305 1014 et
1332 980 1561 1014 doctissimus
1597 983 1634 1014 et
1659 980 1972 1024 religiosissimus:

206 1040 241 1070 et
276 1038 476 1081 praeposito
513 1036 728 1079 friburgensi
756 1036 922 1080 scripsit:
960 1035 1141 1069 Canisium
1173 1037 1366 1078 „tanquam
1402 1034 1437 1067 in
1472 1033 1634 1068 bombice
1665 1033 1867 1068 involutum
1897 1032 1974 1067 dili-

205 1090 414 1133 gentissime
440 1090 598 1124 custodi“
623 1089 707 1132 (859
734 1090 832 1132 860).
868 1089 984 1123 Etiam
1013 1099 1093 1122 cum
1113 1087 1356 1132 compluribus
1376 1087 1589 1122 Germaniae
1612 1087 1791 1132 episcopis
1810 1086 1974 1121 Canisius

206 1142 263 1177 vel
289 1154 377 1177 voce
404 1143 461 1177 vel
488 1143 619 1176 litteris
646 1144 730 1185 egit.
773 1143 828 1176 Ita
848 1141 1036 1177 Gebhardo
1054 1140 1254 1175 Truchsess
1281 1140 1547 1186 archiepiscopo
1574 1140 1767 1175 coloniensi
1786 1139 1976 1184 collegium

205 1196 395 1230 Societatis
429 1196 629 1230 coloniense
656 1196 920 1230 commendavit
948 1195 1061 1237 (468),
1097 1197 1133 1228 et
1167 1195 1341 1229 cardinali
1366 1194 1489 1229 Marco
1515 1194 1642 1229 Sittico
1677 1194 1721 1228 ab
1747 1192 1976 1228 Hohenembs

205 1249 369 1294 episcopo
404 1249 661 1283 constantiensi
696 1250 821 1289 suasit,
859 1252 899 1282 ut
934 1248 1166 1283 Constantiae
1201 1248 1432 1282 seminarium
1468 1248 1675 1282 institueret
1712 1247 1825 1291 (140).
1886 1246 1975 1281 lulio

208 1301 339 1335 Echter
366 1305 440 1335 tum
467 1313 529 1346 per
555 1301 696 1336 litteras
724 1302 885 1346 privatas
912 1303 1156 1347 episcopatum
1182 1301 1468 1346 herbipolensem
1495 1301 1700 1345 gratulatus
1724 1303 1779 1335 est
1797 1299 1976 1344 simulque

204 1355 359 1389 animum
381 1355 518 1389 addidit
537 1355 581 1389 ad
603 1355 736 1389 clerum
757 1356 1023 1390 reformandum
1044 1358 1080 1389 et
1100 1359 1261 1389 errantes
1287 1354 1519 1394 reducendos,
1542 1357 1617 1388 tum
1638 1366 1700 1399 per
1717 1354 1860 1388 litteras
1877 1354 1976 1399 typis

204 1408 405 1453 exscriptas
427 1407 547 1453 „Opus
573 1408 865 1443 catechisticum“
896 1408 1076 1443 dedicavit
1105 1408 1189 1451 (209
1217 1408 1316 1451 326).
1360 1407 1551 1442 Ernestum
1576 1407 1753 1441 Bavariae
1778 1407 1975 1452 principem

204 1462 238 1495 in
265 1461 404 1502 litteris,
432 1462 561 1505 quibus
579 1461 701 1506 Vegae
728 1474 817 1507 opus
844 1462 875 1496 ei
903 1462 1099 1502 dedicabat,
1127 1461 1292 1496 hortatus
1319 1463 1384 1500 est,
1410 1464 1450 1495 ut
1476 1461 1511 1494 in
1531 1461 1740 1506 episcopatu
1766 1459 1974 1503 frisingensi

203 1514 484 1549 administrando
511 1516 816 1559 exspectationem
844 1515 1100 1549 catholicorum
1127 1514 1289 1560 expleret
1318 1515 1409 1558 (84).
1459 1514 1701 1558 Marquardus
1727 1525 1748 1548 a
1774 1514 1869 1558 Berg
1900 1513 1972 1559 epi-

205 1579 335 1613 scopus
371 1571 610 1611 augustanus,
648 1580 863 1613 quamquam
901 1569 1070 1604 Societati
1105 1568 1199 1603 haud
1235 1580 1377 1613 semper
1411 1568 1575 1609 favebat,
1611 1567 1827 1612 aliquotiens
1865 1566 1975 1610 „satis

206 1621 451 1656 familiariter*
475 1622 607 1656 Canisii
627 1622 775 1657 consilio
800 1625 836 1656 et
862 1635 969 1667 opera
995 1634 1083 1657 usus
1109 1628 1165 1656 est
1193 1622 1305 1666 (818).
1346 1621 1559 1656 Guilielmus
1578 1621 1760 1656 Lindanus
1786 1621 1975 1666 episcopus

204 1675 511 1709 ruraemundanus
545 1687 626 1710 eum
660 1676 842 1717 invitavit,
877 1679 917 1710 ut
950 1677 986 1710 in
1021 1675 1273 1710 Neerlandiam
1300 1675 1439 1709 veniret
1473 1678 1510 1709 et
1534 1675 1749 1717 Noviomagi
1784 1673 1974 1718 collegium

205 1727 393 1762 Societatis
418 1728 603 1763 incoharet
629 1728 743 1774 (119).
788 1730 889 1774 Apud
918 1729 1124 1764 cathedrale
1143 1729 1339 1774 capitulum
1365 1728 1571 1763 brixinense
1590 1728 1806 1763 auctoritate
1832 1730 1974 1762 tantum

205 1780 358 1823 valebat,
394 1785 434 1815 ut
461 1802 503 1805 —
532 1782 641 1816 verba
675 1786 759 1817 sunt
785 1782 912 1818 Adami
950 1783 993 1817 ab
1020 1783 1090 1816 Arz
1123 1783 1246 1817 vicarii
1283 1782 1463 1826 generalis
1489 1801 1535 1805 —
1565 1782 1748 1824 „homines
1784 1781 1894 1816 etiam
1928 1781 1973 1815 ad

205 1845 256 1875 ea,
291 1846 382 1878 quae
408 1835 504 1870 vires
531 1836 764 1878 excedebant,
800 1837 1049 1881 compelleret“
1083 1836 1194 1880 (310).
1247 1836 1497 1870 Balthasarem
1534 1847 1553 1869 a
1584 1835 1775 1870 Dernbach
1810 1835 1975 1870 abbatem

204 1886 402 1922 fuldensem
423 1888 569 1933 imperio
587 1888 777 1933 spoliatum
798 1901 861 1934 per
880 1889 1055 1934 epistulas
1073 1889 1279 1924 consolatus
1294 1892 1349 1924 est
1364 1889 1448 1932 (355
1466 1889 1572 1932 469);
1591 1890 1628 1923 et
1646 1889 1680 1923 in
1699 1889 1854 1924 comitiis
1871 1888 1974 1922 ratis-

204 1940 419 1976 bonensibus
449 1953 576 1987 „saepe
595 1942 636 1975 de
656 1954 697 1976 ea
723 1945 939 1988 tempestate
965 1943 1142 1978 sedanda“
1174 1943 1248 1987 egit
1276 1943 1395 1986 (370);
1423 1944 1459 1976 et
1477 1942 1620 1976 loannis
1639 1941 1792 1987 Egolphi
1818 1942 1975 1986 episcopi

204 1994 396 2037 augustani
435 1995 690 2030 intercessione
728 1996 940 2041 interposita
980 1997 1107 2037 effecit,
1146 1999 1186 2030 ut
1224 1996 1494 2030 Maximilianus
1533 1996 1575 2030 11.
1605 1996 1800 2040 imperator
1834 1994 1975 2029 abbatis

205 2047 359 2081 animum
396 2051 575 2082 recrearet
610 2052 645 2083 et
680 2049 756 2083 eius
791 2049 1018 2084 adversarios
1043 2050 1265 2095 vituperaret
1293 2050 1416 2093 (150);
1453 2052 1490 2083 et
1516 2061 1597 2083 cum
1623 2049 1759 2083 Fuldae
1785 2048 1975 2093 collegium

205 2100 395 2135 Societatis
421 2105 457 2135 et
481 2102 712 2137 seminarium
738 2103 879 2137 abbatis
900 2103 936 2137 in
957 2104 1128 2137 extremis
1154 2104 1204 2137 rei
1232 2103 1420 2137 familiaris
1445 2103 1623 2146 angustiis
1641 2105 1884 2144 versarentur,
1912 2101 1975 2136 Ca-

205 2155 318 2187 nisius
354 2153 542 2189 Albertum
579 2155 754 2190 Bavariae
790 2157 915 2191 ducem
952 2159 988 2191 et
1017 2156 1192 2191 Achillem
1221 2156 1356 2199 Ilsung,
1391 2157 1451 2200 qui
1489 2159 1624 2190 terram
1659 2156 1860 2190 fuldensem
1894 2167 1974 2190 cuin

206 2208 378 2250 magistro
411 2209 592 2243 teutonico
620 2210 905 2251 administrabat,
941 2210 1155 2255 deprecatus
1189 2213 1381 2254 utramque
1407 2209 1550 2243 domum
1577 2209 1621 2244 ab
1648 2209 1796 2243 interitu
1822 2208 1975 2243 retraxit

208 2259 291 2302 (472
309 2261 407 2302 474).
444 2262 680 2306 Magdalenae
699 2267 735 2297 et
754 2263 922 2305 Helenae,
951 2263 1162 2298 Ferdinandi
1184 2264 1226 2297 11.
1247 2263 1450 2297 archiducis
1467 2263 1660 2304 sororibus,
1687 2262 1854 2297 Canisius
1876 2274 1975 2305 „con-

204 2313 380 2348 siliarium
407 2318 442 2349 et
468 2316 614 2350 ducem“
646 2328 684 2350 se
711 2317 921 2362 praestabat
948 2317 1071 2360 (680);
1100 2320 1137 2352 et
1162 2328 1241 2351 cum
1269 2316 1462 2361 aliquando
1488 2316 1706 2360 Magdalena
1731 2327 1811 2350 cum
1833 2316 1975 2351 Canisio

205 2366 396 2411 plurimum
417 2369 459 2402 de
477 2368 655 2404 Societate
674 2373 963 2414 conquereretur,
990 2370 1049 2404 ille
1067 2371 1144 2405 eius
1163 2370 1322 2405 animum
1340 2370 1391 2404 ita
1417 2369 1587 2415 placavit,
1614 2374 1653 2404 ut
1671 2380 1711 2404 se
1729 2369 1764 2403 in
1791 2372 1974 2415 posterum

206 2431 345 2464 quoque
372 2421 542 2457 Societati
582 2426 753 2465 „matrem
780 2427 815 2458 et
841 2424 1049 2469 patronam⁴‘
1079 2424 1154 2458 fore
1190 2423 1421 2469 polliceretur
1458 2423 1572 2466 (545).
1624 2423 1715 2457 Item
1750 2435 1829 2457 cum
1858 2422 1976 2456 Ferdi-

206 2474 344 2508 naudus
380 2476 454 2519 ipse
481 2476 603 2515 Sociis.
641 2477 731 2521 quod
768 2478 851 2512 filiis
877 2478 952 2512 suis
978 2480 1245 2523 praeceptorem
1273 2477 1357 2512 dare
1383 2477 1605 2518 abnuissent,
1640 2476 1873 2512 vehementer
1897 2487 1975 2510 suc-

206 2531 377 2566 censeret,
399 2528 574 2572 Canisius,
593 2530 724 2565 litteris
742 2531 937 2576 praepositi
955 2531 1133 2575 generalis
1151 2531 1305 2571 traditis,
1324 2530 1520 2575 principem
1541 2529 1710 2564 Societati
1730 2529 1977 2565 reconciliavit

210 2578 322 2623 (289).
365 2581 396 2614 A
422 2582 594 2625 regimine
620 2584 789 2619 Austriae
815 2585 1011 2629 superioris
1030 2584 1196 2619 Canisius
1222 2584 1466 2626 interrogatus
1489 2586 1555 2624 est,
1581 2583 1756 2627 quomodo
1783 2583 1975 2617 iubilaeum

208 2632 289 2666 anni
317 2634 406 2667 1572
432 2636 728 2679 promulgandum
756 2641 793 2672 et
818 2638 1087 2682 exsequendum
1114 2640 1211 2672 esset
1240 2638 1329 2681 (24).
1367 2636 1580 2671 Guilielmus
1609 2637 1784 2671 Bavariae
1810 2637 1976 2682 princeps

208 2697 287 2719 eum
322 2688 436 2722 sacris
469 2690 689 2734 temporibus
724 2702 843 2725 coram
878 2702 917 2726 se
954 2691 1149 2726 contionari
1185 2691 1302 2725 voluit
1338 2690 1422 2733 (445
1459 2691 1523 2725 771
1563 2690 1670 2733 805);
1708 2689 1896 2735 Philippus
1930 2689 1974 2725 II.

210 2739 402 2784 Hispaniae
437 2753 500 2776 rex
536 2747 570 2776 et
597 2744 730 2778 Canisii
766 2744 1022 2779 catechismum
1059 2756 1122 2789 per
1147 2744 1414 2788 suffraganeum
1449 2743 1654 2788 episcopum
1682 2743 1975 2778 ultraiectensem

210 2792 242 2825 in
275 2793 432 2836 linguam
470 2795 658 2831 vlamicam
695 2798 982 2832 transferendum
1018 2798 1169 2839 curavit,
1205 2801 1241 2832 et
1275 2809 1337 2842 per
1365 2796 1569 2831 Plautinum
1606 2796 1974 2842 architypographum

210 2844 389 2880 Canisium
417 2847 628 2883 exhortatus
654 2853 720 2891 est,
747 2853 786 2884 ut
812 2851 848 2884 in
874 2862 977 2885 usum
1006 2850 1239 2895 parochorum
1266 2849 1446 2895 postillam
1473 2853 1701 2895 componeret
1731 2850 1790 2893 (37
1819 2851 1917 2893 752).

327 2898 515 2936 Orationes
540 2913 663 2937 sacras
691 2902 855 2938 Canisius
881 2915 1009 2938 novem
1036 2903 1091 2938 his
1117 2903 1220 2938 annis
1246 2903 1372 2937 habuit
1397 2902 1582 2937 minimum
1609 2903 1697 2944 280;
1733 2915 1802 2948 quo
1828 2914 1975 2938 numero

209 2953 476 2989 exhortationes
502 2955 719 2991 domesticae
737 2957 781 2991 ad
800 2956 922 2991 Socios
947 2957 1092 2991 habitae
1110 2968 1179 2991 non
1197 2956 1556 3001 comprehenduntur.
1594 2955 1794 3001 Oeniponte
1820 2958 1974 3001 primum

209 3007 431 3041 contionator
456 3008 594 3043 aulicus
620 3010 689 3043 fuit
714 3009 927 3044 Ferdinandi
954 3010 996 3044 11.
1018 3009 1230 3050 archiducis,
1258 3010 1318 3053 qui
1344 3020 1422 3043 cum
1451 3010 1657 3054 proceribus
1683 3015 1720 3044 et
1746 3009 1884 3044 familia
1909 3020 1975 3044 sua

210 3058 398 3103 diligenter
424 3073 502 3095 eum
530 3063 700 3097 audiebat
728 3063 851 3107 (628);
878 3063 958 3097 dein
986 3063 1020 3097 in
1048 3062 1202 3099 ecclesia.
1228 3062 1382 3106 collegii.
1408 3065 1532 3107 postea
1558 3063 1592 3096 in
1619 3062 1752 3108 templo
1777 3062 1974 3108 parochiali

210 3112 310 3147 dixit.
362 3113 572 3149 Landishuti
607 3115 823 3160 aliquotiens
858 3116 1040 3151 contiones
1075 3115 1406 3160 quadragesimales
1443 3116 1536 3160 apud
1577 3115 1809 3151 Guilielmum
1847 3117 1973 3151 ducem

211 3166 353 3208 habuit;
391 3167 607 3202 Ratisbonae
644 3172 804 3214 tempore
842 3170 1063 3204 comitiorum
1103 3168 1241 3214 imperii
1279 3168 1505 3203 contionatus
1543 3171 1617 3210 est;
1657 3172 1845 3215 praeterea
1882 3170 1975 3205 dixit
