2062 3443
643 163 738 198 Mon.
764 164 866 198 1101.
912 163 966 198 17.
987 162 1172 197 Februarii
1201 164 1304 199 1572.
1777 172 1858 213 631

94 278 374 322 requiretur
411 279 614 322 sanguis
652 279 846 313 illorum
887 291 942 313 ex
982 278 1199 313 manibus
1240 283 1462 316 vestris'.
1515 280 1543 315 O
1582 289 1766 316 vermem⁸³
1802 285 1862 317 im-

93 331 276 365 mortalem
292 330 314 372 ⁹,
351 332 409 375 qui
438 343 501 365 vos
537 336 646 375 anget
682 336 806 377 postea
842 333 877 366 in
913 332 1026 366 altero
1062 333 1183 366 seculo
1211 338 1356 378 propter
1391 334 1484 369 hanc
1510 334 1779 379 negligentiam.
1833 337 1861 371 O

91 385 304 418 tristitiamb
330 388 534 418 aeternamc
561 389 597 419 et
623 386 849 426 ineffabilem,
876 397 983 430 quam
1009 385 1199 420 sentietisd
1228 398 1248 420 a
1275 387 1358 431 filijs
1388 388 1687 423 maledicentibus
1713 389 1747 423 in
1774 398 1864 424 suae

92 438 317 472 damnatione
355 442 391 472 et
430 439 682 483 expetentibus
722 440 916 473 vindictam
956 450 977 472 a
1015 439 1136 472 diuina
1175 440 1330 481 iustitia,
1371 442 1462 485 quod
1502 441 1574 475 illis
1612 442 1753 476 fueritis
1788 446 1861 477 tam

91 491 297 531 clementes,
324 491 474 535 sorglos,
502 492 688 536 nachlesig
715 496 751 526 et
776 492 1012 537 permiseritis
1039 492 1119 526 illos
1146 493 1269 526 viuere
1295 495 1490 528 secundum
1510 494 1733 529 voluntatem
1760 507 1862 530 suam

91 547 305 588 corruptam,
341 548 377 578 et
409 544 511 589 sequj
540 545 742 579 libertatem
770 557 835 579 nec
862 546 1101 586 correxeritis,
1138 546 1172 579 in
1200 547 1357 590 ipsorum
1385 547 1667 589 infidelitatibus,
1696 549 1861 590 vnzucht,

90 597 264 635 fluecben.
290 597 486 637 schwerem
515 597 626 632 treuel
652 598 747 631 vnnd
776 599 1008 638 muotwillen,
1035 598 1153 641 liegen
1182 600 1276 633 vnnd
1305 600 1490 643 betriegen
1504 602 1526 635 ³.

210 652 346 684 Deinde
375 654 543 685 Cam'sins
576 652 790 685 vehementer
825 654 989 695 queritur
1023 653 1064 685 de
1095 655 1219 695 pueris
1253 654 1401 686 illarum
1438 657 1644 697 reqionum:
1679 655 1750 688 Vix
1782 656 1860 700 cogj

93 707 241 746 possunt
258 704 302 737 ad
320 704 493 748 templum
513 707 549 738 et
567 704 602 738 in
621 716 661 738 eo
680 709 838 745 currunt,
858 705 1025 744 clamant,
1045 705 1182 745 ludunt,
1210 706 1326 740 rident
1350 707 1511 751 inquietj,
1539 708 1812 749 irreue1·entes‚.
1830 736 1836 742 .
1854 736 1861 743 .

90 756 244 790 klaffenf
259 757 330 791 und
350 757 519 797 zancken,
539 757 683 791 dreiben
703 758 874 803 buberey,
891 759 1024 791 werten
1044 758 1108 792 mit
1126 759 1219 792 stein
1238 759 1308 793 und
1328 759 1591 801 schneeballen,
1609 760 1774 795 hancken
1794 762 1861 795 den

89 810 332 844 verlauffenen
352 810 580 845 lutteibuben
597 823 652 851 an,
665 837 673 845 .
686 838 693 844 .
709 838 715 844 .
732 815 805 844 tam
825 811 935 852 leues,
950 811 1046 856 vanj,
1061 812 1275 856 scandalosj,
1291 813 1460 857 corruptj,
1476 817 1514 846 vt
1528 825 1652 848 omnes
1669 815 1861 857 offendant,

90 864 198 897 bonos
225 864 450 903 contristent,
478 872 646 908 parentes
665 867 701 898 et
720 870 970 909 praeceptores
988 864 1234 907 dehonestent,
1255 892 1262 900 .
1282 892 1289 900 .
1310 893 1316 900 .
1336 878 1404 900 non
1424 871 1592 902 curantes
1609 867 1861 910 admonitores,

90 917 301 951 resistentes
327 918 550 962 parentibus,
578 917 834 952 maledicentes
862 919 963 952 bonis
990 923 1027 952 et
1046 918 1281 963 vindicatiujg
1306 919 1371 953 mit
1397 919 1463 954 den
1490 920 1632 955 tolchen
1659 926 1718 956 etc.

89 1009 227 1046 1101.
304 1009 349 1046 17.
372 1010 566 1047 Februarii
593 1011 685 1047 1572.

205 1069 262 1104 Ex
288 1072 544 1105 commentario
579 1072 725 1116 scripto,
762 1074 801 1105 ut
827 1082 937 1116 supra
964 1083 996 1116 p.
1026 1071 1094 1106 6:29
1125 1072 1260 1105 dictum
1288 1074 1354 1108 est.
1406 1072 1491 1110 Can.
1519 1074 1560 1108 51
1592 1075 1615 1110 f.
1642 1074 1860 1109 103b—105³

210 1130 378 1164 Cani'sius
403 1142 446 1163 ex
469 1142 573 1165 sacro
598 1136 760 1174 sfuyqestu
787 1132 883 1174 (licit,
920 1131 1204 1164 Bacchanalium
1231 1137 1384 1175 tempore
1418 1133 1621 1166 laetandum
1649 1145 1718 1167 esse
1727 1147 1741 1176 ‚·
1769 1145 1860 1177 pau-

84 1194 184 1226 pere.»-
210 1185 427 1217 commendat
436 1197 449 1226 ,·
475 1185 622 1217 abusum
650 1187 687 1217 in
715 1185 800 1217 aula
828 1184 1034 1217 archiduces
1061 1185 1224 1227 vigentem
1253 1185 1487 1228 reprehendit.

210 1255 386 1295 canisius,
422 1267 499 1288 cuni
530 1257 721 1298 Oeniponte
755 1257 1031 1288 concionatorem
1068 1256 1225 1288 «ulnam
1258 1257 1486 1289 Ferdinandi
1512 1258 1562 1291 II.
1591 1258 1796 1291 archiduces
1830 1264 1860 1292 et

81 1309 261 1351 principis
291 1309 422 1342 Tirolis
449 1314 507 1342 (tc.
527 1314 655 1350 afferet,
686 1312 738 1342 17.
759 1309 956 1342 Februarii
985 1312 1086 1351 1572,
1114 1320 1202 1352 quae
1228 1315 1304 1343 erat
1329 1311 1518 1343 Donn‘nica
1542 1313 1860 1354 Quinquaqesimae

87 1362 249 1401 (initium
276 1365 444 1404 temporis
470 1363 790 1406 quadr-«yesimalis
812 1364 977 1405 proxime
1003 1364 1239 1406 antecedens),
1269 1364 1302 1396 in
1331 1365 1456 1407 templo
1476 1364 1512 1398 S.
1536 1366 1660 1398 Crucis
1682 1376 1752 1407 pro
1778 1376 1859 1398 ‹ton-

86 1416 179 1447 tione
203 1415 267 1448 hoc
293 1423 550 1459 arqumentum,
581 1420 730 1459 praeter
755 1416 841 1458 alia,
868 1417 1033 1448 tractavit
1045 1427 1056 1448 .·
1091 1414 1274 1456 Quomodo
1301 1415 1530 1451 Christianus
1556 1418 1620 1451 mit
1647 1417 1735 1452 Gott
1760 1418 1859 1452 vnd¹¹

86 1467 214 1501 ehi-eni
233 1479 317 1510 mag
336 1468 431 1502 vnnd
451 1468 519 1502 soll
538 1470 613 1502 sein
634 1468 813 1502 Fasnaclit
834 1467 989 1502 frolichk
1008 1468 1128 1502 halteu
1142 1470 1161 1503 ‘?
1196 1470 1255 1502 Esc
1273 1481 1344 1513 qua
1370 1473 1582 1504 tractatione
1599 1471 1656 1504 ln'c
1673 1475 1860 1514 ponuntur

85 1521 229 1565 aliqua:
256 1521 388 1555 Audiui
415 1521 532 1555 dicere
559 1522 652 1565 quod
677 1521 813 1555 Sathan
840 1521 896 1555 his
923 1521 1038 1555 tribus
1066 1522 1192 1556 diebus
1218 1523 1335 1557 maius
1361 1523 1530 1557 damnum
1558 1524 1647 1558 facit
1674 1523 1858 1558 Ecclesiae

84 1577 121 1608 et
138 1575 336 1615 animabus,
364 1586 470 1618 quarn
491 1575 630 1620 postea¹
650 1575 915 1609 contionatores
934 1586 1058 1609 omnes
1076 1576 1315 1619 quadraginta
1334 1576 1460 1611 diebus
1478 1582 1628 1621 possunt
1646 1589 1858 1622 recuperare

85 1631 121 1661 et
146 1627 290 1663 lucrari.
310 1655 317 1662 .
337 1657 344 1663 .
366 1656 373 1663 .
400 1628 489 1663 Nolo
517 1629 704 1673 prohibere
719 1628 776 1662 vel
803 1628 1008 1663 damnare*¹¹
1033 1628 1092 1662 uel
1119 1629 1294 1672 abrogare
1313 1629 1369 1663 die
1388 1629 1569 1664 Fasnacht
1580 1637 1606 1672 ¹³,
1633 1631 1737 1665 credo
1764 1631 1856 1675 quod

84 1680 216 1715 Petrus
250 1686 287 1716 et
314 1682 458 1723 Paulus,
496 1682 628 1716 Caesar
664 1685 700 1715 et
726 1682 803 1716 Rex
829 1693 898 1715 nou
934 1684 1082 1725 possent
1108 1681 1142 1716 id
1170 1683 1356 1726 abrogare,
1393 1683 1455 1717 sed
1491 1684 1643 1718 suadere
1670 1686 1706 1718 et
1732 1684 1858 1719 docere

85 1734 165 1768 uolo
191 1740 231 1768 ut
256 1734 323 1769 hoc
346 1740 489 1780 tempus
516 1747 596 1770 cum
624 1735 848 1780 prouidentia
875 1739 911 1769 et
936 1735 1150 1769 discretione
1177 1747 1299 1770 omnes
1326 1737 1566 1781 expendanto.
1614 1737 1747 1772 Hortor
1772 1749 1858 1781 ergo

84 1787 234 1831 primum
263 1789 400 1823 nobiles
427 1793 463 1823 et
488 1789 619 1823 diuites
646 1794 680 1823 et
708 1800 831 1823 omnes
858 1789 918 1832 qui
946 1792 1106 1833 possunt,
1134 1792 1175 1823 vt
1200 1794 1347 1823 seruent
1374 1790 1541 1824 fasnacht
1564 1803 1633 1824 non
1651 1791 1767 1825 solum
1794 1803 1857 1836 pro

81 1852 131 1880 se,
157 1842 220 1876 sed
249 1842 357 1876 etiam
385 1854 448 1887 pro
467 1842 549 1887 alijs
568 1842 829 1886 inaequalibus,
857 1846 893 1875 et
912 1840 1001 1886 [qui]
1026 1848 1135 1885 egent
1153 1844 1385 1883 recreatione,
1413 1844 1447 1877 in
1466 1855 1532 1877 sua
1550 1856 1682 1887 magna
1708 1856 1857 1890 pauper-

82 1898 168 1936 tate,
196 1896 430 1930 infirmitatev
448 1902 484 1930 et
504 1896 744 1938 tribulatione,
773 1895 904 1930 Audite
922 1896 1096 1939 quomodo
1116 1896 1282 1930 Christus
1301 1897 1462 1931 docuerit
1488 1898 1673 1932 fastnacht
1691 1898 1857 1932 haltenq:

81 1949 187 1984 Cum
224 1949 350 1984 facis
386 1950 659 1984 conuiuium
688 1960 802 1983 voca
838 1960 1097 1993 pauperes,
1134 1950 1340 1991 debiles,
1377 1950 1577 1985 claudos
1612 1954 1657 1985 et
1683 1963 1857 1987 caecos

81 2005 126 2037 et
151 2003 323 2037 beatus
349 2003 466 2044 eris,
493 2003 717 2047 quianon
743 2002 922 2037 habent
948 2003 1227 2037 retribuere
1255 2003 1367 2048 tibj:
1395 2004 1717 2039 Retribuetur
1743 2006 1856 2040 enim

80 2056 170 2101 tibj
199 2058 243 2090 in
270 2057 636 2091 resurrectione
662 2056 935 2090 iustorum⁴.
979 2056 1010 2090 2.
1037 2056 1116 2090 Non
1144 2057 1256 2091 vultis
1283 2057 1462 2091 fortasser
1486 2069 1566 2092 esse
1586 2061 1658 2092 tam
1686 2059 1856 2094 liberales

79 2112 117 2144 et
141 2109 392 2144 misericordes
418 2110 451 2143 in
477 2110 696 2155 pauperibus
722 2110 941 2144 inuitandis²³
967 2112 1003 2144 et
1028 2111 1239 2144 tractandis.
1284 2110 1416 2144 Hortor
1442 2111 1568 2153 adhuc,
1596 2117 1638 2145 vt
1662 2112 1791 2146 saltem
1812 2113 1856 2147 de

79 2163 260 2208 superfluo
299 2163 393 2197 detis
431 2164 670 2208 pauperibus,
708 2163 803 2198 sicut
842 2162 1008 2197 Christus
1046 2163 1162 2197 dixit:
1206 2163 1445 2206 Colligite
1488 2167 1761 2208 fragmenta
1803 2178 1855 2200 ne

79 2217 318 2262 pereant⁵.
370 2216 483 2261 Soepe
516 2219 657 2251 tantum
695 2218 880 2261 coquitur‘
916 2215 1093 2259 gesodens
1120 2217 1217 2251 vnnd
1244 2217 1446 2261 gebradens
1472 2221 1512 2251 vt
1539 2230 1607 2252 non
1635 2219 1750 2263 possit
1775 2230 1856 2254 con—

79 2270 172 2316 sumj
193 2272 276 2304 ante
303 2271 429 2304 feriam
449 2274 627 2315 quartam,
655 2273 691 2305 et
716 2272 841 2315 postea
859 2270 966 2303 datur
984 2270 1202 2314 pauperibus
1220 2282 1288 2304 non
1308 2271 1385 2304 sine
1404 2271 1585 2314 scandalo,
1613 2273 1697 2315 quia
1714 2273 1856 2307 occasio

79 2324 185 2358 datur
210 2323 412 2358 famelicisu
439 2324 531 2368 quod
559 2326 684 2358 contra
710 2322 966 2358 conscientiam
993 2322 1104 2356 edunt
1130 2323 1347 2368 prohibitum
1375 2324 1493 2358 cibum
1506 2325 1529 2359 ⁶.
1575 2324 1676 2359 Vnde
1702 2337 1855 2370 magnus

199 2401 226 2431 a)
248 2400 387 2431 Sequitur
406 2399 681 2432 inextinguibilem,
701 2401 791 2425 oblitt.
860 2398 891 2431 b)
913 2399 1052 2430 Sequitur
1072 2407 1173 2432 quam,
1193 2401 1282 2425 oblitt.
1351 2401 1378 2431 c)
1399 2402 1464 2426 Duo
1484 2409 1526 2426 vv.
1548 2410 1605 2433 sqq.
1625 2409 1717 2433 supra
1739 2410 1854 2427 versum

77 2442 191 2473 scripta
211 2446 288 2467 sunt.
363 2440 394 2471 d)
416 2443 555 2473 Sequitur
574 2441 654 2473 filijs,
674 2443 766 2467 omitt.
839 2443 867 2472 e)
889 2441 1028 2472 Sequitur
1049 2441 1211 2473 maledicti,
1231 2443 1321 2467 oblitt.
1395 2442 1418 2473 f,
1439 2444 1500 2468 Hoc
1517 2451 1540 2468 υ.
1554 2447 1581 2468 et
1600 2452 1673 2475 quae
1692 2447 1855 2475 sequuntur

78 2491 167 2515 usque
187 2484 225 2508 ad
252 2482 448 2508 lutterbuben
469 2491 507 2508 an
535 2485 611 2514 ind„
631 2492 648 2508 α
670 2485 698 2509 C.
723 2485 785 2516 ipso
804 2484 835 2508 in
857 2482 990 2513 maryi'ne
1011 2483 1114 2508 addita
1135 2488 1213 2510 sunt.
1304 2485 1334 2516 g)
1357 2485 1427 2509 Tria
1449 2493 1491 2509 vs.
1511 2494 1570 2516 sqq.
1590 2494 1607 2510 a
1629 2488 1657 2510 C.
1680 2486 1741 2516 ipso
1760 2493 1854 2517 supra

77 2533 192 2550 versum
211 2525 323 2556 scripta
343 2528 420 2550 sunt.
507 2525 538 2556 h)
562 2527 621 2551 Hoc
641 2534 665 2550 v.
686 2534 703 2550 a
726 2534 796 2551 «an.
816 2534 909 2558 supra
932 2531 1045 2550 versum
1066 2527 1209 2558 scriptum
1229 2529 1280 2551 est.
1374 2525 1394 2556 i)
1416 2528 1584 2558 Sequuntur
1604 2535 1646 2552 vv.
1667 2525 1751 2552 vnnd
1772 2528 1854 2552 freu-

77 2566 147 2597 den,
167 2567 344 2591 oblitterata.
419 2566 450 2597 k)
472 2568 533 2592 Hoc
553 2576 577 2592 v.
598 2575 616 2592 α
637 2570 706 2592 Can.
727 2568 790 2599 ipso
810 2569 945 2594 additum
966 2573 1017 2595 est.
1091 2567 1112 2599 l)
1135 2569 1199 2593 Duo
1220 2575 1262 2592 vv.
1281 2575 1340 2599 sqq.
1360 2576 1377 2592 α
1399 2570 1428 2593 C.
1449 2569 1479 2592 in
1501 2569 1632 2600 margine
1653 2569 1757 2593 addita
1776 2572 1854 2593 sunt.

77 2609 118 2639 m)
140 2609 204 2633 Duo
224 2616 266 2632 vv.
286 2616 346 2640 sqq.
365 2617 383 2633 α
407 2610 434 2633 C.
454 2617 547 2640 supra
569 2617 684 2634 versum
704 2610 817 2641 scripta
837 2615 914 2636 sunt.
1001 2612 1032 2641 n)
1053 2611 1210 2636 Duodecimn
1233 2617 1276 2634 rr.
1295 2617 1354 2641 sqq.
1375 2618 1392 2634 a
1415 2612 1443 2634 (2
1463 2611 1527 2641 ipso
1548 2611 1577 2635 in
1598 2611 1730 2642 maryine
1749 2611 1853 2635 addita

75 2653 153 2675 sunt.
221 2652 249 2679 ο)
271 2650 318 2674 Sic
342 2652 370 2675 C.
392 2651 520 2675 correxit
540 2659 576 2675 ex
595 2650 650 2676 sed
671 2651 792 2676 tantum
813 2652 979 2678 ostendere
1000 2651 1122 2679 modum
1143 2651 1173 2676 et
1194 2650 1275 2676 viam
1294 2649 1353 2676 hoc
1374 2651 1494 2684 tempus
1520 2659 1587 2677 cum
1608 2650 1803 2684 prouidentia
1822 2651 1854 2676 et

77 2690 262 2716 discretione
283 2690 486 2724 expendendj.
525 2693 694 2724 Sequuntur
715 2701 756 2717 vv.
778 2692 831 2718 Vis
852 2692 928 2719 bene
948 2697 980 2719 et
1000 2693 1174 2719 Christiane
1193 2691 1312 2724 laetarj,
1331 2693 1422 2718 oblitt.
1495 2699 1525 2726 p)
1547 2695 1606 2718 Hoc
1627 2702 1650 2718 r.
1671 2702 1689 2718 a
1711 2697 1739 2718 ι’.
1759 2701 1853 2725 supra

77 2740 193 2758 versum
212 2733 355 2764 scriptum
376 2736 427 2758 est.
484 2735 515 2765 q)
537 2734 584 2759 Sic
601 2741 607 2755 ι
624 2753 629 2758 .
650 2735 712 2765 ipse
732 2736 860 2760 correxit
879 2743 916 2761 ex
936 2742 1088 2761 memores
1107 2733 1263 2768 praeceptj
1285 2733 1442 2766 Dominicj.
1497 2738 1524 2766 r)
1544 2736 1684 2767 Sequitur
1702 2738 1742 2765 et,
1762 2735 1852 2761 oblitt.

75 2776 103 2804 s)
126 2775 190 2799 Duo
210 2782 253 2799 vv.
272 2782 331 2806 sqq.
351 2782 444 2806 supra
467 2783 581 2800 versum
600 2776 714 2807 scripta
732 2780 809 2801 sunt.
893 2779 916 2808 t>
937 2778 1106 2810 Sequuntur
1126 2785 1168 2802 vv.
1188 2783 1251 2801 von
1271 2774 1361 2807 Geso,
1381 2777 1471 2801 oblitt.
1555 2784 1585 2807 u)
1607 2777 1654 2802 Sic
1674 2778 1703 2802 C.
1723 2777 1853 2802 correxit

74 2824 112 2841 ex
131 2814 324 2848 pauperibus.

201 2897 208 2911 ⁴
235 2892 284 2926 ΕΖ
310 2893 343 2932 3,
372 2893 414 2928 18
441 2895 497 2929 20.
620 2893 634 2914 ²
660 2893 713 2929 Cf.
732 2895 768 2929 Is
794 2895 850 2937 66,
868 2895 934 2937 24;
961 2895 1020 2930 Mc
1045 2896 1078 2937 9,
1103 2895 1148 2930 43
1174 2896 1220 2929 45
1247 2895 1303 2930 47.

197 2946 210 2966 ³
237 2944 290 2979 Cf.
314 2947 356 2980 G.
376 2948 527 2981 Lamers
545 2946 580 2982 S.
600 2947 645 2989 J„
673 2947 804 2983 Petrus
822 2947 989 2983 Canisius
1007 2949 1062 2983 als
1081 2949 1271 2994 opvoeder,
1297 2948 1517 2994 Antwerpen
1537 2947 1670 2994 [1921]‚
1697 2949 1849 2984 38—45.

195 3000 208 3019 ⁴
235 2998 284 3032 Lc
312 3000 366 3041 14,
396 3000 450 3035 14.
573 3001 587 3020 ⁵
614 3001 651 3035 lo
677 3001 710 3041 6,
740 3002 794 3036 12.

197 3052 210 3072 ⁸
236 3051 291 3085 Ex
327 3054 441 3087 veteri
478 3053 539 3087 illa
574 3053 748 3088 ecclesiae
783 3055 973 3100 disciplina
1007 3066 1095 3090 usus
1131 3054 1291 3090 carnium
1327 3055 1493 3090 omnibus
1526 3066 1652 3090 sacrae
1692 3055 1849 3098 Quadra-

75 3104 235 3148 gesimae
262 3105 398 3146 diebus,
425 3106 534 3140 etiam
561 3107 757 3150 dominicis,
784 3109 985 3153 prohibitus
1012 3112 1108 3149 erat;
1145 3119 1262 3152 neque
1287 3108 1394 3143 facile
1428 3121 1509 3143 cum
1536 3121 1716 3154 quoquam
1744 3121 1786 3144 ea
1814 3110 1849 3143 in

75 3169 113 3192 re
140 3158 417 3203 dispensabatur
443 3159 501 3194 vel
528 3161 715 3196 excusatio
746 3162 1014 3197 admittebatur.
