2051 3433
218 135 303 176 390
461 132 561 167 1971.
590 132 796 168 Everardus
821 134 1071 170 Mercurianus
1098 134 1252 170 Canisio.
1295 135 1409 170 Roma
1435 137 1492 171 25.
1511 137 1612 172 Febr.
1636 139 1736 172 1577.

218 253 361 290 1971.
439 253 862 292 EVERARDUS
890 256 1384 294 MERCURIANUS
1412 259 1637 304 praepositus
1664 259 1844 303 generalis
1871 260 1988 295 Socie-
2045 235 2051 276 :⁵

408 309 495 342 tatis
523 309 603 343 Iesu
631 309 833 345 CANlSlO.
1408 312 1522 347 Roma
1548 314 1604 347 25.
1626 313 1809 347 Februarii
1838 314 1939 348 1577.

335 378 391 412 Ex
417 380 623 424 apographo
644 380 756 415 eiusd.
776 383 885 426 temp.
905 381 964 415 vel
984 382 1259 421 commentari03
1288 383 1323 416 in
1342 384 1516 426 margine,
1544 383 1668 418 eadem
1688 395 1815 419 manu:
1848 384 1988 429 „Jngol-

214 431 322 476 stadij
354 432 393 466 P.
412 433 521 467 Petro
549 433 692 468 Canisio
711 435 724 449 “
770 433 837 468 Rh.
865 435 931 468 Inf.
964 436 992 469 l.
1022 435 1052 468 ΙΙ
1080 435 1103 469 f.
1132 436 1268 470 4b—52.

338 505 433 548 Opus
468 507 694 539 Marianum.
753 507 1002 541 Provincialis.
1055 509 1123 541 Res
1161 509 1461 552 inqolstadienses.
1516 510 1682 543 Albertus
1718 511 1754 544 V.
1794 515 1823 543 et
1863 511 1989 543 Fercli-
2050 513 2051 516 ’

215 559 356 591 mandas
386 559 454 600 II.;
480 559 563 591 huic
588 560 825 593 dedicandum
852 572 939 604 opus
966 562 1190 595 Marianum.
1236 563 1389 596 Portz'ae.
1439 564 1618 605 Templum
1644 575 1847 597 romanum.

334 647 452 689 Bene
485 647 616 690 habet
650 650 762 702 quod
796 650 845 692 R.
871 650 920 693 T.
946 653 994 693 vt
1026 651 1239 704 superiori
1262 652 1471 694 Januario
1494 652 1758 706 significauit
1779 658 1869 695 tam
1894 652 1988 694 dili-

212 714 370 764 genter
402 713 624 756 incumbat
657 715 699 755 in
722 715 966 757 Marianum
1000 721 1144 770 opus⁸‚
1178 716 1255 758 sed
1288 720 1460 770 gratum
1494 718 1577 760 erit
1609 717 1818 772 proximis
1850 717 1989 760 literis

212 790 476 830 cognoscere
510 793 731 833 quousque
764 780 807 822 id
830 780 1136 834 progressumb
1168 782 1237 824 sit.
1288 774 1372 823 Sed
1405 786 1449 825 et
1473 783 1525 824 de
1560 783 1603 825 P.
1628 783 1914 825 Prouinciali¹
1939 797 1988 825 eo

211 841 441 885 libentiuse
474 845 701 899 audijmus,
737 846 850 898 quod
881 846 1076 888 videmus
1110 847 1383 889 reuerentiae
1417 850 1448 890 t.
1481 848 1685 890 iudicium
1718 851 1989 890 caeterorum

212 908 390 950 Patrum
424 909 581 952 iudicio
605 911 876 964 comprobari
901 933 910 942 ·
935 926 1018 965 qua
1042 911 1095 954 de
1126 927 1172 953 re
1196 912 1364 965 agimus
1398 913 1569 955 domino
1593 928 1785 955 summas
1807 913 1987 966 gratias,

211 976 501 1027 optamusque
544 978 590 1018 vt
634 976 793 1017 bonum
835 976 954 1018 illum
998 980 1166 1030 patrem
1211 978 1281 1020 isti
1330 978 1577 1032 prouinciae
1619 979 1690 1020 diu
1732 979 1988 1020 incolumem

211 1042 374 1082 seruet.
439 1041 502 1082 De
536 1041 875 1094 Jngolstadiana
915 1043 1213 1085 transactione
1261 1043 1404 1085 omnia
1453 1044 1565 1086 bona
1609 1058 1857 1098 speramus,
1904 1057 1989 1085 non

212 1104 375 1146 nostris
419 1108 589 1148 tantum
634 1107 710 1148 sed
753 1107 948 1149 externis
991 1108 1136 1151 etiam.
1199 1108 1255 1150 Jd
1299 1109 1411 1161 quod
1454 1123 1503 1150 eo
1546 1109 1807 1151 cumulatius
1839 1122 1990 1150 conse-

211 1183 394 1222 quemur
435 1185 518 1224 quo
554 1172 602 1214 R.
628 1172 675 1215 T.
712 1172 943 1225 collegium
977 1178 1172 1216 nostrum
1217 1187 1268 1214 ac
1302 1174 1576 1216 Vniuersamd
1609 1174 1876 1216 academiam
1911 1187 1990 1215 sua.

209 1235 454 1289 prudentia,
490 1237 681 1288 consilio,
717 1237 981 1280 auctoritate
1014 1239 1155 1291 magis
1177 1239 1413 1282 adiuuabit.
1460 1239 1580 1289 Quod
1604 1240 1765 1282 attinet
1787 1239 1841 1281 ad
1865 1239 1989 1281 Sere-

209 1300 434 1343 nissimum
470 1302 686 1345 Bauariae
720 1304 913 1345 Ducem2
946 1304 1074 1358 plane
1117 1305 1253 1346 multa
1296 1319 1541 1358 magnaque
1576 1309 1676 1347 sunt
1710 1305 1802 1346 eius
1834 1304 1990 1347 merita

210 1366 254 1407 in
288 1366 550 1410 Societatem
595 1371 805 1419 nostram,
850 1383 932 1422 quo
975 1371 1024 1412 fit
1066 1384 1208 1423 porro,
1251 1374 1300 1412 vt
1342 1384 1437 1412 eum
1473 1370 1670 1412 omnibus
1709 1370 1824 1423 grati
1857 1370 1988 1424 animj

209 1431 364 1486 officijs
398 1433 630 1487 diligenter
653 1435 857 1489 prosequi
880 1435 1126 1485 debeamus,
1162 1435 1237 1477 sed
1272 1439 1419 1478 tamen
1442 1449 1644 1477 veremur
1676 1450 1729 1477 ne
1762 1435 1900 1478 satius
1932 1435 1990 1477 sit

210 1496 354 1551 Opuse
386 1499 656 1541 Marianumf
694 1500 935 1554 nuncupari
978 1501 1264 1543 Serenissimo
1298 1500 1530 1543 Archiduci
1565 1501 1853 1550 Ferdinando‚
1896 1503 1987 1543 tum

209 1563 311 1616 quia
351 1563 393 1605 id
437 1564 480 1606 in
522 1565 704 1618 collegio
754 1566 1058 1620 Oenipontano
1097 1567 1290 1608 maxima
1327 1581 1381 1608 ex
1426 1570 1549 1620 parte
1593 1566 1863 1608 elaboratum
1908 1568 1987 1616 est,

208 1631 301 1670 tum
345 1628 475 1671 etiam
521 1631 648 1683 quiag
690 1631 796 1673 haec
841 1631 1104 1685 nuncupatio
1147 1646 1231 1674 non
1273 1646 1425 1685 parum
1463 1632 1667 1674 momenti
1711 1632 1893 1674 haberet
1934 1631 1989 1673 ad

209 1694 601 1737 reconciliandu1n¹¹
645 1697 736 1738 eius
778 1697 965 1738 animum
1011 1710 1137 1750 quem
1174 1697 1300 1739 audio
1340 1698 1464 1740 nobis
1496 1697 1629 1739 fuisse
1661 1696 1985 1739 suboffensum³.

210 1759 306 1802 Etsi
340 1774 491 1803 recens
524 1762 671 1817 accepi
705 1765 829 1804 eumK
862 1777 968 1817 prae
1003 1777 1049 1804 se
1083 1763 1198 1804 ferre
1231 1763 1340 1806 satis
1372 1777 1576 1816 magnam
1610 1776 1716 1815 erga
1747 1776 1826 1803 nos
1859 1762 1988 1804 bene-

209 1825 458 1869 uolentiam.
505 1827 570 1868 De
593 1828 971 1870 Reuerendissimo
994 1829 1179 1870 Domino
1204 1828 1374 1870 Nuncio
1407 1828 1547 1870 scribo
1581 1828 1635 1870 ad
1661 1828 1705 1870 P.
1730 1828 1948 1881 Tyraeum
1959 1828 1987 1877 3,

209 1891 280 1944 qui
311 1891 431 1935 dabit
460 1907 637 1947 operam
667 1897 716 1935 vt
740 1894 895 1936 nostri¹
927 1894 1124 1935 nullam¹¹
1157 1908 1263 1946 erga
1296 1908 1392 1936 eum
1427 1894 1555 1948 officij
1590 1896 1760 1948 partem
1793 1895 1989 1946 praeter-

208 1957 400 2000 mittant.
448 1958 682 2000 Dolemus¹¹
706 1959 757 2001 D.
777 1959 986 2001 Comitem
1010 1959 1206 2001 Porsiam
1224 1960 1237 1986 4
1263 1959 1353 2001 eius
1377 1961 1579 2013 nepotem
1602 1958 1752 2000 morbo
1775 1958 1988 2008 laborare,

208 2035 292 2074 quo
315 2022 567 2076 diligentius
601 2038 697 2065 eum
724 2024 895 2066 domino
919 2025 1210 2067 commendari
1235 2025 1506 2066 curabimus⁰
1526 2045 1535 2054 ·
1556 2024 1684 2065 velim
1719 2038 1751 2066 r.
1775 2026 1807 2065 t.
1841 2023 1989 2077 proxi-

207 2087 289 2129 mis
330 2087 470 2130 literis
513 2089 564 2131 de
608 2089 699 2131 eius
748 2090 999 2132 valetudine
1044 2090 1277 2143 diligenter
1324 2090 1379 2132 ad
1422 2104 1500 2131 nos
1547 2088 1804 2144 perscribat.
1869 2088 1989 2130 Haec

207 2151 338 2194 habui
372 2167 483 2206 quae
517 2154 810 2198 Reuerentiae
843 2155 890 2198 T.
915 2155 1236 2209 responderem.
1291 2155 1520 2196 Caeterum
1554 2168 1633 2195 nos
1655 2152 1736 2195 Dei
1769 2166 1850 2207 ope
1882 2152 1991 2194 satis

208 2220 327 2260 recte
360 2219 571 2269 valemus,
605 2226 711 2262 nec1'
746 2220 1025 2263 mediocriter
1054 2234 1134 2262 nos
1156 2222 1329 2262 recreat
1355 2219 1506 2274 templi
1530 2218 1698 2261 nostri⁵
1730 2219 1880 2269 moles,
1915 2224 1991 2260 eoq

206 2283 419 2338 perducta
442 2288 514 2327 vtr
546 2285 755 2327 fornicem
788 2286 1036 2328 absolutum
1069 2286 1244 2328 habeat.
1290 2286 1368 2328 Jta
1390 2284 1502 2326 enim
1536 2286 1586 2326 fit
1617 2287 1667 2326 vt
1699 2285 1820 2325 certo
1843 2296 1990 2337 spere-

208 2362 303 2390 mus
335 2355 437 2390 nos⁸
469 2350 586 2392 intra.
609 2364 782 2401 annum,
818 2354 895 2393 aut
923 2350 1051 2393 citius
1084 2351 1214 2393 etiam
1249 2364 1299 2392 eo
1324 2364 1478 2392 vsuros
1501 2350 1555 2392 ad
1579 2349 1825 2391 exercenda
1848 2348 1991 2390 omnia

327 2451 355 2473 a)
377 2449 425 2472 Sic
444 2449 510 2473 libr.
532 2450 660 2474 com-erit
681 2457 717 2473 ex
738 2448 903 2481 diligenter
923 2448 1016 2478 curet,
1037 2448 1073 2473 vt
1092 2447 1262 2473 Marianum
1282 2455 1359 2481 opus
1381 2448 1578 2473 emendatum
1600 2447 1731 2480 prodeat
1752 2446 1781 2471 in
1802 2445 1909 2471 lucem.

207 2487 236 2517 b)
259 2490 306 2514 Sic
326 2491 394 2514 libr.
415 2491 545 2515 correxit
565 2499 602 2515 (κισ
621 2497 657 2515 ea
677 2498 728 2516 res
747 2497 923 2523 progressa.
1007 2490 1033 2522 c)
1055 2491 1195 2522 Sequitur
1216 2490 1279 2520 vid,
1300 2492 1389 2516 oblitt.
1475 2489 1504 2521 (1)
1527 2490 1668 2521 Sequitur
1688 2488 1781 2519 illam,
1800 2496 1836 2512 ea·
1856 2496 1910 2519 quo
1930 2495 1990 2512 coe--

206 2534 314 2555 rectum
337 2535 378 2556 est
399 2531 458 2559 ist,-
479 2533 546 2556 dein
566 2533 616 2557 hoc
636 2541 744 2564 qnoque
765 2533 890 2557 deletum
911 2535 961 2557 est.
1067 2534 1096 2563 θ)
1118 2533 1258 2563 Sequitur
1278 2531 1330 2561 ist,
1350 2533 1440 2557 omitt.
1540 2531 1564 2556 f·
1586 2531 1726 2562 Sequitur·
1745 2537 1762 2554 a
1783 2528 1818 2555 R.
1837 2528 1880 2559 Τ.,
1900 2529 1990 2554 oblitt-

206 2575 236 2603 g)
257 2574 395 2604 Sequitur
415 2572 463 2603 ad,
484 2575 573 2598 obtitt.
656 2574 686 2599 b)
708 2575 848 2605 Sequitur
867 2574 967 2605 vobis,
987 2574 1077 2598 obtitt.
1162 2573 1182 2603 i)
1205 2575 1250 2598 tta
1272 2582 1347 2600 corr.
1369 2577 1409 2598 est
1430 2582 1466 2598 ω·
1486 2573 1621 2598 animum
1643 2571 1732 2596 nobis
1753 2577 1788 2596 vt
1807 2570 1897 2596 audio
1919 2569 1990 2595 sub—

207 2613 366 2640 offensum.
441 2614 472 2646 k)
494 2616 633 2647 sequitur
653 2622 803 2646 magnam,
829 2616 920 2640 oblim.
1006 2614 1026 2645 l)
1050 2616 1109 2640 1101·
1131 2623 1153 2639 ι’.
1173 2624 1266 2646 supi-a
1290 2624 1402 2640 versum
1423 2616 1566 2646 scriptum
1587 2618 1638 2639 est.
1723 2614 1764 2643 m)
1787 2614 1832 2637 Ita
1853 2620 1928 2636 corr.
1949 2615 1990 2636 est

205 2664 242 2677 vn
262 2655 346 2683 nulli.
423 2658 452 2684 11)
474 2658 519 2681 Ita
542 2658 570 2681 in
592 2665 693 2688 apoyr.
714 2665 788 2682 σοι-ν.
810 2660 850 2682 est
871 2665 907 2681 ea:
928 2656 1083 2682 Dominus.
1167 2662 1196 2681 ο)
1219 2658 1357 2688 sequitur
1376 2656 1521 2685 Jnterim,
1542 2657 1631 2681 ohtitt.
1714 2655 1744 2686 p)
1767 2654 1907 2685 Sequitur
1925 2659 1990 2685 par.

205 2698 297 2722 oblitt.
372 2702 402 2730 q)
424 2699 564 2730 Saeqnitur
584 2705 688 2731 proru,
708 2699 797 2723 obtin.
873 2703 898 2726 r)
920 2699 1058 2730 Sequitur
1079 2705 1166 2723 suum
1190 2699 1231 2723 rel
1251 2699 1347 2723 simite
1368 2707 1400 2725 ι’..
1420 2699 1510 2723 υΙιΙῘΗ.
1586 2698 1611 2727 s)
1636 2698 1693 2721 ltm-
1716 2704 1738 2720 ι’.
1759 2703 1852 2726 snpra
1875 2702 1987 2719 versum

205 2739 348 2770 scriptum
370 2743 420 2764 est.

331 2871 337 2889 ¹
367 2870 479 2904 Paulo
508 2871 667 2905 Hoffaeo.
814 2871 828 2891 ²
855 2870 1042 2905 Albertum
1072 2870 1113 2904 V.

327 2923 339 2942 ³
369 2922 418 2956 De
445 2922 587 2964 litteris,
615 2924 745 2968 quibus
772 2924 1020 2958 Mercurianus
1044 2923 1358 2957 Bartholomaeum
1386 2922 1545 2957 Portiam
1573 2921 1781 2966 provinciae
1808 2920 1990 2954 rhenanae

206 2977 412 3021 praeposito
440 2977 724 3018 commendabat,
753 2990 786 3011 v.
806 2989 916 3022 supra
944 2989 975 3022 p.
997 2976 1077 3011 389.

326 3032 338 3049 ⁴
366 3030 626 3074 Hieronymum
654 3030 834 3070 Portiam;
864 3043 898 3064 v.
918 3041 1027 3075 supra
1054 3041 1087 3074 p.
1107 3029 1189 3064 388.

326 3083 338 3103 ⁵
364 3082 553 3128 Templum
593 3084 814 3118 sanctissimi
853 3084 1007 3118 nominis
1046 3083 1147 3123 Iesu,
1185 3082 1278 3126 quod
1319 3082 1525 3117 Alexander
1564 3080 1758 3116 cardinalis
1797 3078 1990 3113 Farnesius

203 3149 235 3170 a.
258 3136 350 3171 1568
378 3137 512 3170 Romae
538 3137 582 3170 ad
610 3137 752 3171 domum
781 3138 981 3182 professam
1009 3135 1200 3170 Societatis
1227 3135 1418 3170 aedificare
1444 3137 1630 3180 coeperat;
1664 3146 1698 3169 v.
1722 3135 1810 3168 Can.
1830 3132 1880 3166 VI
1907 3132 1988 3166 248.
