2062 3443
112 137 204 171 Mon.
227 136 472 171 1226—1227.
508 137 537 170 A
557 137 588 170 d.
609 137 640 172 2.
662 137 767 171 Mart.
788 137 831 171 ad
852 138 883 170 τ.
905 137 990 181 Apr.
1014 137 1103 171 1578
1123 157 1166 161 -
1187 138 1218 171 8.
1241 138 1348 172 Mart.
1376 142 1412 172 et
1438 139 1575 184 5.Ap1-.
1599 140 1699 174 1578.
1745 142 1827 183 789

56 253 317 289 Commendono
357 264 466 295 „gran
504 252 695 286 diffensore
723 253 816 287 della
844 253 991 287 I‘otesta
1019 252 1224 286 Pontificia“
1256 256 1407 288 vocatus
1444 259 1499 288 est
1529 257 1635 295 (Can.
1656 256 1704 290 IV
1731 257 1829 299 957).

56 307 136 342 Ideo
163 309 237 340 tum
268 305 352 339 Pius
382 305 439 340 IV.
459 309 535 339 tum
563 306 759 349 Gregorius
787 305 881 339 XIII.
911 317 991 339 eum
1018 306 1062 339 ad
1090 306 1294 350 complures
1321 306 1536 341 Germaniae
1574 309 1752 353 principes
1784 310 1829 343 le-

55 363 186 404 garunt
216 359 320 401 (Can.
343 358 371 391 V
394 358 578 393 6339-691
610 362 646 393 et
671 370 780 404 supra
807 371 839 404 p.
862 359 957 401 105),
985 370 1026 393 ac
1055 359 1140 393 Pius
1159 360 1200 393 V.
1221 371 1301 393 eum
1329 372 1451 394 creare
1471 361 1585 395 voluit
1612 362 1829 397 cardinalem

57 413 160 455 (Can.
190 412 239 446 VI
272 412 489 453 731—734),
525 415 560 445 et
587 412 784 455 Gregorius
811 412 906 446 XIII.
934 424 1014 446 eum
1050 411 1199 446 Romam
1236 414 1428 448 arcessivit
1457 414 1507 457 (v.
1537 426 1645 459 supra
1673 427 1704 459 p.
1734 417 1829 458 107).

56 466 155 501 Sicut
181 466 333 509 denique
360 468 442 499 ante
470 466 588 508 operis
607 465 756 499 mariani
776 466 966 499 editionem
987 465 1189 510 complures
1207 467 1322 500 nuntii
1341 467 1540 511 apostolici,
1569 468 1668 501 velut
1688 469 1830 507 Hosius,

58 519 238 559 Moronus,
265 517 475 562 Delphinus,
505 518 627 552 Portia
653 530 693 552 eo
720 519 947 552 familiariter
973 519 1027 552 usi
1055 521 1168 557 erant,
1196 519 1246 553 ita
1272 522 1397 564 postea
1423 540 1467 544 —
1495 521 1528 554 id
1556 521 1648 564 quod
1675 523 1831 556 maxime

56 584 100 606 ex
135 572 242 606 huius
277 573 394 615 operis
421 571 603 605 volumine
630 571 725 606 VIII.
755 574 992 615 cognoscetur
1019 591 1062 595 —
1089 571 1319 614 Bonhomius,
1347 573 1595 613 Paravicinus,
1634 574 1831 608 Turrianus

0 658 1 663 ,
55 625 170 659 nuntii
206 624 393 670 apostolici
431 636 511 658 eum
539 626 659 668 magni
697 626 870 666 fecerunt,
906 628 942 659 et
968 625 1001 659 S.
1022 625 1170 660 Carolus
1197 626 1435 661 Borromaeus
1462 627 1655 661 cardinalis
1682 640 1762 661 eum
1789 629 1832 662 de

0 671 1 674 ¹
54 678 160 713 rebus
186 678 360 721 gravibus
386 678 577 712 consuluit.

55 763 206 800 1226.
283 762 310 798 A
338 761 372 798 d.
398 764 431 798 2.
454 762 580 799 Martii
607 763 651 799 ad
681 765 710 799 7.
734 763 875 810 Aprilis
904 763 995 799 1578.

176 825 362 858 Contione&
386 825 462 865 fere
490 827 534 856 17
561 836 581 856 (ι
614 826 758 858 Canio-io
787 826 1008 859 Landishutc'
1043 836 1162 858 coram
1195 826 1385 859 Guilz'elmo
1413 828 1494 867 (Γ.)
1523 827 1703 860 Bararc'ae
1731 830 1830 870 prin·

55 878 129 921 ripe
154 877 302 911 habitae.

174 935 339 970 Canisius
357 935 549 970 Guilielmo
570 936 646 979 (V.)
670 936 807 970 Alberti
828 937 871 971 V.
892 937 1068 971 Bavariae
1095 938 1196 972 ducis
1223 938 1295 972 filio
1322 940 1408 972 natu
1435 938 1592 973 maximo
1621 939 1766 983 petenti,
1794 942 1833 972 ut

54 989 184 1033 aliquis
220 989 262 1023 de
297 988 476 1023 Societate
503 989 559 1024 28.
588 989 772 1023 Februarii
802 990 892 1025 1578
929 1002 1049 1025 secum
1087 991 1276 1025 Monachio
1311 991 1573 1026 Landishutum
1612 992 1832 1036 (Landshut)

54 1042 343 1088 proficisceretur
370 1046 406 1076 et
432 1043 478 1076 ibi
507 1042 813 1086 Quadragesimae
839 1047 1000 1089 tempore
1026 1043 1093 1078 sibi
1121 1056 1142 1078 a
1167 1045 1281 1078 sacris
1308 1045 1533 1079 contionibus
1560 1048 1665 1087 esset,
1698 1045 1832 1079 Lands-

54 1095 165 1139 berga
191 1096 246 1130 25.
266 1095 450 1130 Februarii
472 1096 563 1130 1578
590 1096 785 1140 respondit,
812 1096 846 1130 id
872 1097 948 1131 fieri
972 1109 1041 1131 non
1068 1109 1189 1142 posse;
1218 1098 1398 1132 facturum
1418 1109 1456 1132 se
1484 1101 1615 1138 lamen,
1642 1102 1683 1132 ut
1700 1099 1831 1133 contio-

54 1151 158 1184 nator
193 1149 323 1193 aliquis
359 1149 401 1182 de
437 1148 617 1183 Societate
655 1149 827 1184 Kalendis
862 1150 1003 1185 Martiis
1039 1150 1251 1185 Landishuti
1288 1151 1442 1186 adesset.
1494 1151 1630 1185 Deinde
1666 1153 1833 1194 Augusta

59 1203 112 1238 12.
131 1203 266 1246 Aprilis
289 1202 378 1236 1578
398 1203 624 1237 Mercuriano
644 1202 834 1237 Societatis
852 1204 1056 1248 praeposito
1075 1204 1235 1247 generali
1254 1205 1412 1249 scripsit,
1431 1216 1469 1239 se
1493 1203 1832 1248 „Quadragesimam

55 1255 261 1290 Lanshutae
286 1257 519 1299 transegisse,
546 1258 604 1290 ut“
637 1256 828 1291 Guilielmo
855 1257 1007 1302 principi
1038 1269 1078 1300 „a
1104 1258 1218 1292 sacris
1244 1260 1341 1292 esset
1372 1258 1622 1293 concionibus“
1654 1258 1703 1301 (v.
1723 1270 1833 1303 supra

55 1321 87 1355 p.
105 1310 172 1343 441
201 1310 299 1353 444).
335 1309 468 1344 Exstat
486 1310 598 1344 oratio
619 1309 689 1351 illa,
718 1322 826 1354 quam
847 1310 1013 1345 Canisius
1031 1311 1135 1345 Feria
1153 1311 1311 1346 secunda
1331 1311 1521 1346 Paschatis
1539 1312 1616 1345 sive
1635 1312 1689 1346 31.
1710 1312 1831 1346 Martii

57 1363 147 1398 1578
167 1362 378 1397 Landishuti
398 1364 433 1396 in
453 1363 586 1408 templo
601 1364 634 1398 S.
651 1363 797 1397 Martini
816 1363 961 1405 habuit;
980 1364 1023 1398 de
1042 1376 1112 1409 qua
1127 1365 1290 1399 dicentur
1309 1365 1412 1409 plura
1427 1366 1531 1405 infra,
1550 1377 1706 1399 monum.
1725 1365 1830 1406 12283

55 1416 250 1451 orationem
279 1428 421 1460 quoque
448 1417 483 1450 in
510 1417 688 1461 baptismo
712 1417 850 1451 Turcae
877 1417 1072 1459 cuiusdam,
1101 1429 1192 1462 quae
1219 1420 1255 1452 et
1280 1419 1359 1463 ipsa
1385 1421 1562 1463 superest,
1590 1419 1634 1453 ad
1660 1418 1727 1452 has
1753 1430 1832 1452 con-

55 1469 170 1504 tiones
195 1469 374 1514 pertinere
402 1472 437 1504 et
464 1469 616 1504 29—31.
635 1470 757 1504 Martii
784 1470 842 1504 vel
871 1472 900 1505 1.
929 1471 1067 1516 Aprilis
1092 1471 1253 1506 habitam
1281 1483 1360 1506 esse
1386 1471 1582 1506 verisimile
1609 1475 1675 1513 est,
1711 1483 1832 1516 quam-

55 1534 160 1568 quam
189 1522 354 1557 Canisius
385 1523 487 1565 (vitio
515 1523 654 1563 calami,
683 1526 722 1558 ut
748 1524 906 1568 videtur)
944 1536 1076 1559 annum
1107 1526 1197 1559 1575
1225 1525 1256 1558 ei
1282 1526 1470 1570 ascripsit;
1506 1526 1548 1559 de
1576 1537 1646 1569 qua
1672 1526 1832 1560 oratione

55 1577 176 1621 aliqua
202 1577 298 1611 dicta
323 1579 408 1611 sunt
433 1588 542 1621 supra
569 1589 601 1621 p.
625 1577 706 1611 445.
750 1577 924 1621 Reliquae
952 1590 1036 1612 vero
1064 1579 1248 1612 contiones
1274 1579 1412 1624 perisse
1438 1579 1617 1613 videntur.
1670 1579 1725 1612 Ex
1752 1590 1832 1613 con-

54 1630 212 1665 tionibus
236 1632 358 1664 tamen
385 1630 759 1674 quadragesimalibus
785 1643 816 1665 a.
838 1632 929 1665 1579
948 1631 1162 1666 Landishuti
1180 1643 1201 1666 a
1221 1631 1363 1666 Canisio
1382 1643 1501 1666 coram
1521 1633 1643 1666 eodem
1671 1632 1831 1677 principe

54 1683 197 1723 habitis,
226 1694 317 1727 quae
344 1683 461 1717 adhuc
488 1686 645 1725 exstant,
673 1684 793 1727 colligi
820 1686 949 1729 potest,
978 1685 1159 1719 Canisium
1187 1697 1217 1719 a.
1242 1686 1331 1720 1578
1358 1686 1454 1720 circa
1480 1685 1662 1720 Kalendas
1681 1686 1832 1720 Martias

54 1736 316 1771 Laudishutum
343 1737 538 1771 advectum
564 1737 694 1771 ibidem
722 1738 834 1772 verba
861 1738 1001 1779 fecisse,
1037 1739 1067 1772 si
1094 1750 1164 1772 non
1190 1739 1345 1784 saepius,
1373 1743 1470 1773 certe
1497 1739 1598 1773 Dom.
1619 1739 1681 1773 III.
1701 1739 1831 1780 Quadr.

55 1794 91 1825 et
116 1791 214 1825 feriis
237 1790 298 1826 IV.
318 1794 354 1824 et
374 1790 432 1824 VI.
452 1790 637 1835 proximis,
665 1790 767 1825 Dom.
789 1791 848 1826 IV.
869 1791 1000 1833 Quadr.
1020 1795 1056 1826 et
1082 1792 1181 1826 feriis
1200 1792 1260 1826 IV.
1281 1796 1317 1826 et
1336 1792 1395 1826 VI.
1415 1792 1599 1836 proximis,
1625 1792 1726 1827 Dom.
1748 1792 1831 1826 Pas-

53 1845 164 1879 sionis
191 1846 227 1878 et
252 1844 353 1878 feriis
378 1844 439 1878 IV.
468 1849 503 1878 et
530 1844 590 1878 VI.
610 1844 795 1889 proximis,
822 1845 924 1880 Dom.
954 1845 1160 1879 Palmarum
1188 1848 1224 1879 et
1248 1846 1340 1879 feria
1358 1846 1420 1880 IV.
1441 1846 1613 1890 proxima,
1640 1846 1696 1879 die
1725 1846 1831 1880 Para-

53 1909 192 1936 sceves.
218 1897 317 1932 Dom.
338 1896 529 1931 Paschatis
555 1900 590 1931 et
617 1897 753 1931 duobus
781 1898 879 1932 feriis
906 1899 1091 1943 proximis,
1119 1899 1203 1933 item
1231 1899 1265 1932 in
1287 1898 1518 1933 sollennitate
1538 1899 1833 1933 Annuntiationis

53 1951 93 1985 B.
112 1951 160 1985 M.
179 1951 240 1990 V.;
269 1961 361 1995 quae
380 1953 501 1984 tamen
520 1961 550 1984 a.
573 1951 675 1990 1578,
702 1951 786 1994 quia
805 1951 880 1985 dies
900 1952 956 1986 25.
976 1952 1096 1986 Martii
1116 1952 1151 1985 in
1171 1952 1429 1986 hebdomadem
1449 1952 1620 1986 maiorem
1641 1952 1831 1993 incidebat,

54 2005 89 2038 in
107 2004 233 2038 feriam
252 2004 295 2038 II.
316 2007 397 2049 post
412 2003 633 2038 Dominicam
654 2004 688 2037 in
707 2004 807 2038 Albis
826 2005 1005 2039 translata
1024 2016 1104 2039 esse
1123 2006 1278 2040 videtur.
1306 2005 1356 2039 Eo
1376 2005 1442 2045 die,
1463 2006 1523 2050 qui
1543 2009 1622 2039 erat
1637 2007 1667 2040 7.
1685 2005 1831 2050 Aprilis,

53 2057 237 2092 Canisium
264 2057 475 2091 Laudishuti
507 2057 620 2091 fuisse
647 2058 759 2091 conici
786 2061 906 2102 potest
931 2058 1040 2093 etiam
1067 2071 1112 2093 ex
1140 2060 1216 2093 eius
1243 2059 1374 2093 litteris
1404 2059 1455 2093 12.
1485 2059 1621 2103 Aprilis
1657 2059 1762 2100 datis,
1796 2059 1832 2093 in

53 2111 182 2156 quibus
217 2111 386 2151 affirmat,
423 2121 460 2144 se
492 2110 567 2152 ⁷,his
594 2110 739 2144 diebus“
770 2110 992 2146 Landishuto
1022 2113 1223 2155 Augustam
1251 2112 1388 2146 redisse
1416 2115 1451 2146 et
1479 2112 1711 2147 Guilielmum
1738 2111 1832 2157 prin-

53 2165 165 2210 cipem
194 2163 431 2204 contendisse,
460 2166 500 2196 ut
519 2163 627 2197 etiam
647 2163 782 2198 diutius
800 2164 874 2198 illic
892 2168 1053 2205 maneret
1075 2165 1124 2208 (v,
1144 2176 1254 2210 supra
1272 2177 1305 2210 p.
1324 2166 1423 2208 444).
1460 2165 1695 2200 Contionatus
1722 2165 1832 2209 igitur

0 2253 1 2260 ,
53 2229 131 2252 esse
157 2217 302 2251 videtur
335 2217 461 2251 diebus
488 2216 610 2250 Martii
638 2217 681 2258 2.,
718 2218 761 2258 5.,
790 2218 833 2258 7.,
861 2219 904 2259 9.,
935 2218 1000 2260 12.,
1030 2219 1095 2259 14.,
1125 2219 1191 2260 16.,
1221 2219 1286 2259 19.,
1314 2218 1382 2259 21.,
1411 2219 1478 2260 23.,
1505 2219 1572 2260 26.,
1600 2219 1668 2258 28,
1696 2219 1751 2253 29.
1766 2219 1831 2262 (5³),

60 2271 128 2312 30„
155 2271 211 2305 31.
239 2273 276 2303 et
300 2270 435 2315 Aprilis
463 2270 506 2311 1.,
533 2271 576 2311 6.,
605 2271 636 2304 7.

54 2356 207 2393 1227.
283 2357 316 2393 8.
338 2356 463 2393 Martii
491 2359 528 2393 et
555 2356 586 2392 5.
610 2356 751 2403 Aprilis
778 2356 870 2393 1578.

171 2416 226 2451 Ex
252 2417 342 2451 libro
373 2417 486 2460 „Zehn
517 2417 723 2452 Gutachten
750 2418 838 2452 iiber
865 2417 921 2452 die
949 2416 1047 2461 Lage
1074 2418 1136 2451 der
1162 2417 1416 2452 katholischen
1436 2418 1568 2453 Kirche
1595 2419 1630 2453 iu
1657 2419 1832 2454 Deutsch-

50 2470 134 2508 land
155 2469 347 2514 (1573s76)
375 2470 482 2505 nebst
508 2471 587 2505 dem
608 2470 815 2505 Protokolle
842 2471 904 2505 der
931 2471 1129 2505 deutschen
1150 2471 1415 2514 Congregation
1437 2472 1640 2515 (1573l78).
1678 2473 1833 2507 Heraus-

51 2523 213 2567 gegeben
241 2536 310 2558 von
340 2526 389 2559 W.
409 2526 452 2558 E.
473 2525 656 2571 ..Solamen-2,
693 2524 899 2558 Paderborn
929 2524 1055 2566 1891“,
1095 2524 1281 2559 128—129
1322 2525 1399 2569 (qui
1434 2527 1541 2570 caput
1568 2525 1635 2560 hoc
1673 2538 1717 2560 ex
1744 2526 1833 2571 ipsis

52 2577 351 2621 Congregationis
377 2578 491 2619 Actis,
527 2589 620 2622 quae
647 2578 681 2611 in
709 2577 858 2612 archivo
885 2578 1052 2612 vaticano
1079 2582 1173 2618 sunt,
1201 2578 1414 2623 exscripsit;
1453 2580 1498 2613 cf.
1527 2579 1549 2613 l.
1574 2591 1604 2613 c.
1632 2581 1696 2622 LI),
1725 2582 1759 2614 et
1786 2591 1832 2614 ex

51 2628 220 2664 Brevium
240 2630 406 2674 Gregorii
425 2630 522 2665 XIII.
543 2630 764 2675 apographis
791 2631 915 2664 eodem
942 2631 1018 2665 fere
1044 2633 1204 2676 tempore
1231 2631 1388 2676 scriptis,
1417 2643 1508 2675 quae
1527 2636 1611 2666 sunt
1630 2632 1665 2666 in
1684 2632 1832 2667 archivo

51 2683 231 2725 vaticano,
261 2682 391 2727 „Greg
420 2684 491 2718 PP.
519 2683 616 2718 XIII.
644 2683 830 2728 Epistolae
857 2683 901 2717 ad
929 2683 1116 2728 Principes
1143 2686 1211 2718 etc.
1231 2695 1263 2718 a.
1282 2687 1315 2725 4,
1343 2686 1375 2725 5,
1404 2686 1435 2720 6.
1463 2686 1546 2720 Ant.
1567 2685 1833 2731 Buccapadulio

52 2734 271 2770 Secretario‘
301 2737 326 2772 f.
353 2737 586 2772 457h—460b.
638 2737 756 2771 Breve
792 2736 986 2771 Guilielmo
1024 2737 1105 2771 duci
1142 2737 1362 2771 destinatum
1399 2750 1444 2772 ex
1476 2738 1598 2772 eodem
1625 2738 1832 2784 apographo

51 2789 163 2823 edidit
193 2790 356 2834 leeiner,
384 2792 476 2824 Ann.
504 2790 536 2824 II
564 2790 598 2824 in
625 2801 657 2825 a.
689 2791 789 2831 1578,
818 2802 850 2824 n.
880 2800 960 2825 xxr.

170 2852 359 2890 Praefatio
386 2853 554 2890 editoris.
605 2854 819 2889 Guilielmus
846 2854 942 2898 (IV.)
971 2854 1107 2895 Iuliaci,
1144 2854 1293 2896 Cliviae,
1329 2856 1506 2890 Montium
1533 2856 1617 2896 dux,
1653 2869 1735 2891 cum
1761 2857 1832 2891 iam

50 2917 80 2940 a.
105 2907 204 2949 1574,
234 2908 334 2949 1576,
364 2909 453 2942 1577
483 2908 698 2952 Gregorium
715 2908 824 2949 xiii„
851 2911 893 2942 ut
919 2908 1083 2942 omnibus
1110 2908 1260 2953 imperio
1281 2920 1345 2943 suo
1372 2909 1545 2944 subiectis
1572 2922 1711 2945 sacram
1739 2922 1831 2945 com-

51 2961 254 2995 munionem
273 2962 340 2995 sub
358 2964 512 3005 utraque
531 2961 651 3006 specie
675 2962 912 3006 permitteret,
939 2964 1116 3005 rogasset,
1146 2962 1294 2996 eandem
1315 2963 1582 2997 concessionem
1601 2975 1647 2998 m.
1666 2964 1832 2998 Ianuario

52 3022 83 3047 a.
104 3013 196 3048 1578
223 3016 259 3048 et
285 3026 349 3059 per
367 3014 682 3048 Bartholomaeum
702 3015 861 3049 Portiam
889 3016 1055 3049 nuntium
1082 3015 1330 3060 apostolicum,
1359 3016 1419 3060 qui
1442 3016 1616 3051 Hambaci
1644 3029 1725 3051 eum
1752 3029 1831 3052 con-

51 3065 160 3108 venit,
197 3069 233 3101 et
258 3078 322 3112 per
347 3079 433 3102 suas
459 3067 503 3101 ad
530 3067 737 3112 pontificem
763 3068 906 3102 litteras
932 3068 1126 3112 flagitavit.
1183 3068 1231 3110 „ll
1258 3069 1493 3103 fundamento
1519 3071 1752 3115 apparente“,
1780 3070 1830 3104 in-

51 3120 130 3162 quit
158 3121 292 3163 Porcia,
329 3121 371 3155 de
404 3120 506 3154 ducis
541 3121 756 3156 consiliariis
790 3121 964 3162 scribens,
1005 3124 1043 3163 „e
1070 3122 1135 3156 che
1162 3122 1186 3156 il
1213 3122 1340 3167 popolo
1366 3134 1437 3157 non
1463 3124 1494 3157 si
1521 3127 1590 3168 puo
1617 3124 1759 3159 ritirate
1786 3124 1832 3158 da
