2051 3433
170 224 254 264 714
299 220 391 254 Mon.
415 218 660 254 1168—1169.
699 218 746 252 Μ.
767 217 962 252 Novembri
982 218 1074 252 1574
1091 236 1137 240 —
1160 216 1214 251 Ab
1235 217 1288 250 11.
1309 215 1399 251 Νον.
1422 217 1512 250 1574
1536 216 1580 250 ad
1599 215 1656 250 25.
1675 216 1765 250 Nov.
1786 216 1886 250 1575.

168 334 314 371 1168.
389 334 432 370 M.
454 333 647 370 Novembri
674 332 768 369 1574.

287 395 341 428 Ex
367 393 609 439 aut0g1·apho;
638 393 722 427 Cod.
754 393 865 435 „EN”
895 405 929 427 0.
953 393 1022 427 223
1049 393 1073 426 f.
1095 392 1197 432 195b;
1226 403 1272 426 ex
1298 392 1423 426 eodem
1449 394 1588 436 autogr.
1616 391 1771 436 epistula
1796 391 1938 436 integra

166 449 263 483 edita
290 451 346 482 est
373 449 408 482 in
435 448 524 492 Epp.
546 448 669 481 Nadal
695 446 745 480 ΙΙΙ
773 447 972 481 679-681.

287 508 356 541 PP.
383 508 538 550 Natalis,
577 508 754 549 Canisius,
792 506 947 540 Pisanus
972 506 1013 539 de
1039 506 1078 539 P.
1107 506 1156 539 Sa
1185 505 1338 539 Scholia-s
1364 506 1401 537 in
1429 505 1623 548 Evanyelia
1649 505 1792 538 edendis
1818 509 1939 547 ayunt.

288 574 327 608 P.
347 574 591 615 Hieronymus
617 573 762 606 Natalis
788 571 822 606 S.
852 571 884 605 J.
913 570 1006 605 Hala
1033 570 1089 604 27.
1117 569 1332 604 Novembris
1360 570 1452 603 1574
1478 569 1520 602 ad
1548 569 1813 603 Mercurianum
1842 579 1939 613 prae-

165 628 320 672 positum
348 626 553 670 generalem
579 625 668 659 haec
695 624 837 659 rettulit
858 625 900 658 de
922 624 958 658 P.
982 623 1222 657 Emmanuelis
1241 623 1310 657 Saa
1329 622 1363 657 S.
1384 623 1415 657 J.
1437 622 1500 663 (cf.
1523 624 1609 656 Can.
1630 622 1662 656 ΙΙ
1682 623 1725 656 97
1738 621 1767 665 ²)
1789 620 1940 656 Scholiis

166 681 201 714 in
238 683 390 725 quatuor
418 678 619 721 Evangelia
654 691 700 712 ex
735 680 941 712 sanctorum
968 677 1162 711 Doctorum
1198 676 1345 720 scriptis
1381 678 1418 709 et
1444 675 1583 710 Glossis
1618 675 1798 709 ordinaria
1833 678 1940 719 atque

165 733 385 768 interlineari
413 732 585 776 collectis,
612 732 654 765 de
674 732 804 775 quibus
822 730 1041 765 excudendis
1068 734 1104 763 et
1122 730 1156 763 in
1183 729 1299 764 lucem
1319 729 1526 763 emittendis
1545 729 1720 772 agebatur
1741 728 1940 773 (Epistolae

166 787 206 822 P.
225 788 328 821 Hier.
348 787 471 820 Nadal
500 786 549 819 111
576 785 664 826 676;
701 787 745 819 Α.
775 786 982 819 Possevtnus
1008 783 1040 818 S.
1070 784 1114 824 J„
1151 783 1358 827 Apparatus
1386 782 1400 816 Ι
1438 783 1545 826 503):
1586 782 1710 825 „Della
1736 782 1858 825 glossa
1884 781 1940 815 del

166 852 199 885 p:
227 839 391 874 emanuel
417 839 461 873 ho
483 839 657 873 conferito
684 838 737 872 col
766 850 798 883 p:
827 837 960 872 canisio
988 840 1022 870 et
1049 848 1082 881 p:
1119 836 1198 881 pisa
1225 838 1261 870 et
1286 848 1306 870 a
1333 835 1419 880 tuttj
1447 838 1502 869 tre
1528 836 1558 869 si
1585 847 1680 880 pare,
1712 835 1801 869 che⁸
1827 846 1895 868 000
1923 846 1941 868 0

166 894 402 927 conueniente
441 905 484 927 ne
528 891 698 937 possibile
737 902 844 926 senza
887 890 1127 934 grandissimo
1166 889 1345 932 trabaglio
1385 889 1476 923 citar
1513 888 1546 922 10
1585 890 1763 923 auctorita
1801 887 1941 933 perche,

164 958 296 981 ancora
322 958 391 990 que
417 946 447 980 si
474 950 680 980 trouassero
706 944 756 988 gli
784 944 908 988 loghib
934 943 1027 977 seria
1054 942 1172 986 quello
1199 954 1299 976 come
1326 945 1456 976 metter
1482 948 1567 976 nota
1593 943 1626 976 in
1655 942 1775 986 quello
1802 953 1870 986 que
1895 940 1942 976 ha

164 1000 343 1034 auctorita
377 1010 485 1033 senza
521 998 613 1033 altro
649 1001 684 1032 et
720 998 785 1032 dar
819 997 984 1032 intender
1020 996 1085 1030 che
1098 1004 1108 1017 ‘³
1144 996 1255 1040 quelli
1290 995 1412 1039 luoghi
1450 996 1515 1030 che
1545 1007 1614 1029 non
1640 996 1671 1029 si
1697 999 1942 1029 trouaressero

164 1054 303 1088 fussino
329 1052 412 1087 falsi
432 1071 439 1078 ·
460 1052 552 1087 oltra
578 1063 647 1097 que
673 1063 740 1085 non
769 1051 799 1085 si
826 1051 989 1096 potriano
1015 1053 1138 1084 trouar
1164 1049 1214 1092 gli
1240 1049 1363 1092 luoghi
1385 1067 1391 1074 ·
1412 1049 1446 1083 di
1473 1049 1576 1082 modo
1603 1048 1668 1083 che
1694 1052 1793 1083 resta
1819 1048 1943 1083 creder

164 1106 199 1141 al
234 1119 267 1151 p:
303 1106 467 1140 emanuel
504 1117 572 1150 que
607 1105 823 1139 fedelmente
857 1104 904 1138 ha
939 1103 1078 1148 copiato
1115 1107 1151 1136 et
1184 1114 1223 1137 se
1249 1103 1280 1137 si
1306 1103 1451 1136 hauessi
1486 1103 1520 1136 di
1558 1102 1712 1136 conferir
1738 1102 1834 1136 saria
1859 1113 1941 1136 cosa

165 1159 332 1194 material
367 1159 390 1193 il
428 1159 495 1193 che
531 1162 650 1193 tamen
686 1158 716 1192 si
752 1158 798 1192 ha
834 1158 951 1191 fattod
978 1156 1037 1200 gia
1064 1168 1107 1190 en
1134 1168 1233 1190 roma
1259 1168 1302 1189 en
1329 1156 1423 1190 altro
1454 1158 1573 1200 tempo
1611 1158 1668 1189 ete
1695 1156 1729 1189 in
1756 1155 1889 1189 milans
1912 1154 1943 1189 si

164 1214 281 1259 potria
308 1214 384 1247 fare
411 1215 446 1247 et
472 1213 577 1247 credo
604 1211 669 1246 che
695 1223 763 1246 non
790 1211 973 1245 mancaria
999 1210 1057 1244 lag
1083 1209 1140 1244 chi
1176 1209 1226 1253 gli
1252 1210 1447 1253 stampassi
1474 1209 1558 1244 mah
1593 1221 1631 1244 50
1658 1209 1688 1243 51
1715 1209 1845 1243 manda
1871 1220 1941 1253 qua

165 1267 191 1301 il
217 1279 250 1312 p:
278 1267 413 1301 canisio
440 1267 488 1300 mi
515 1266 560 1300 ha
587 1266 684 1300 detto
712 1277 781 1310 que
807 1264 842 1298 la
868 1264 960 1298 faria
986 1266 1148 1308 stampar
1173 1264 1207 1297 in
1236 1263 1404 1298 colonia.“

287 1321 437 1355 Constat
473 1320 629 1364 quidem,
666 1331 696 1353 a.
720 1319 810 1353 1596
838 1317 1060 1362 Antverpiae
1096 1329 1140 1350 ex
1168 1317 1312 1351 officina
1338 1316 1563 1362 plantiniana
1589 1316 1750 1361 prodisse
1781 1315 1943 1358 „Scholia

166 1374 201 1408 in
228 1376 384 1418 qvatvor
412 1372 623 1416 Evangelia,
650 1384 695 1406 ex
721 1371 867 1406 selectis
894 1372 1084 1405 Doctorvm
1112 1382 1296 1405 sacrorvm
1324 1370 1517 1404 sententiis
1543 1369 1704 1404 collecta.
1747 1369 1817 1403 Per
1842 1368 1883 1403 R.
1903 1369 1942 1403 P.

166 1427 399 1462 Emanvelem
422 1427 488 1461 Sa“
511 1430 601 1467 etc.;
629 1426 692 1460 sed
716 1425 755 1460 P.
776 1424 926 1460 Carolus
945 1424 1215 1467 Sommervogel
1233 1424 1424 1458 Societatis
1451 1423 1721 1468 bibliographus
1747 1422 1944 1463 existimat,

165 1484 249 1515 ante
276 1481 368 1514 hauc
386 1480 577 1514 editionem
598 1479 755 1523 aliquam
775 1478 892 1519 aliam,
920 1489 1070 1522 eamque
1089 1489 1175 1511 cura
1193 1477 1308 1522 ipsius
1334 1477 1492 1511 auctoris
1519 1477 1653 1510 factam
1680 1487 1770 1510 esse.
1813 1475 1943 1509 Postea

165 1534 256 1568 liber
276 1534 451 1577 Lugduni,
479 1533 651 1574 Venetiis,
680 1532 847 1566 Coloniae
874 1532 1004 1565 iterum
1032 1531 1150 1565 editus
1178 1534 1233 1565 est
1254 1530 1564 1574 (Sonmzervoyell.
1585 1528 1699 1565 c.V11
1726 1529 1942 1573 352—353).

166 1633 311 1669 1169.
388 1633 439 1669 Ab
467 1633 506 1669 ll.
529 1631 740 1669 Novembris
769 1631 851 1667 1574
877 1631 924 1667 ad
951 1631 1005 1667 25.
1025 1629 1237 1667 Novembris
1263 1629 1355 1665 1575.

290 1696 476 1741 Orationes
509 1705 635 1727 sacrae
664 1694 853 1736 Oeniponte
889 1695 926 1726 in
961 1693 1101 1726 ecclesia
1134 1691 1389 1734 parochialia
1420 1691 1566 1724 Canisio
1601 1690 1751 1724 habitae.
1803 1690 1941 1723 Earum

165 1753 388 1791 aryumenta.
435 1749 575 1782 Ccmisiz‘
600 1749 695 1781 dicta
721 1748 895 1791 quaedam
923 1751 1045 1780 notatu
1073 1747 1192 1790 dt'yna.
1240 1746 1451 1778 Orationum
1477 1746 1628 1787 fructus.

287 1820 530 1875 Oeniponte
562 1820 605 1862 in
639 1820 824 1862 ecclesia
856 1819 1095 1874 parochiali
1128 1818 1170 1861 S.
1195 1817 1339 1860 Iacobi
1363 1816 1476 1859 Socii
1501 1815 1777 1859 contionandi
1801 1815 1943 1858 officio

166 1886 485 1940 fungebantur,
532 1886 632 1939 quia
675 1884 976 1927 Ferdinandus
1022 1885 1052 1927 Ι.
1099 1884 1337 1938 imperator
1380 1882 1422 1924 in
1471 1882 1630 1924 litteris
1676 1880 1944 1923 fundationis

166 1951 338 2005 collegii
371 1952 604 2001 statuerat,
639 1954 687 1993 ut
720 1951 811 1993 eius
844 1950 1016 1992 sodales
1049 1948 1273 1991 contiones
1305 1948 1346 1990 in
1381 1948 1486 1989 urbe
1509 1947 1732 1997 haberent,
1767 1950 1812 1989 et
1843 1945 1943 1999 quia

166 2016 421 2059 visitatores
464 2016 518 2058 ab
561 2016 763 2071 episcopo
808 2014 1045 2057 brixinensi
1089 2014 1376 2068 Oenipontem
1425 2013 1543 2055 missi
1581 2015 1796 2054 statutum
1838 2011 1944 2053 illud

166 2082 476 2136 probaverant,
520 2084 564 2124 et
597 2081 698 2135 quia
730 2081 788 2136 pii
820 2081 1044 2130 timebant,
1089 2094 1154 2130 ne,
1192 2080 1225 2121 si
1259 2078 1457 2121 ι1051111330
1490 2092 1659 2120 sacrum
1693 2077 1811 2118 illum
1845 2089 1943 2130 sug·

167 2149 338 2202 gestum
372 2147 636 2197 desererent,
681 2145 875 2188 haeresis
907 2145 1134 2200 paullatim
1171 2144 1457 2198 Oenipontem
1490 2143 1789 2184 induceretur:
1825 2141 1944 2184 Haec

167 2214 216 2256 P.
257 2212 462 2267 Hoffaeus
507 2212 782 2266 praepositus
824 2210 1103 2265 provincialis
1151 2210 1394 2264 Oeniponte
1442 2210 1481 2251 5.
1517 2207 1783 2262 Septembris
1834 2208 1945 2248 1570

168 2279 211 2321 S.
244 2277 476 2319 Francisco
519 2277 706 2330 Borgiae
754 2276 1003 2331 praeposito
1049 2275 1243 2329 generali
1288 2274 1506 2316 >“rettulit.
1572 2273 1690 2314 Idem
1739 2272 1945 2326 Hoffaeus

167 2342 396 2385 Monachio
421 2345 490 2385 24.
515 2342 778 2385 Novembris
801 2343 878 2384 157
886 2344 909 2382 4
933 2341 1206 2383 Mercuriano
1230 2339 1478 2394 praeposito
1501 2337 1728 2392 generali*
1751 2337 1944 2392 scripsit:

170 2408 214 2451 P.
239 2408 533 2450 Leubenstain
565 2408 760 2450 infirmus
783 2407 980 2449 Lucerna
1011 2406 1094 2448 huc
1126 2405 1276 2454 rediit;
1307 2405 1424 2456 „eius
1442 2405 1535 2446 loco
1570 2403 1665 2445 misi
1688 2403 1819 2445 alium
1844 2416 1945 2444 con-

168 2474 433 2516 cionatorem
470 2472 535 2528 [P.
562 2474 766 2516 Ioannem
802 2472 981 2522 Blanck‚
1028 2471 1372 2513 contionatorem
1405 2466 1744 2522 monacensem]‚
1779 2470 1823 2510 et
1856 2467 1945 2509 Au-

167 2541 325 2592 gustae
357 2552 535 2581 necesse
568 2539 652 2581 suit
685 2538 935 2580 cathedram
961 2536 1269 2579 Mauritianam
1298 2550 1380 2576 0011
1406 2535 1630 2576 deserere:
1665 2547 1748 2586 quo
1782 2533 1945 2574 factum

167 2608 248 2655 est,
269 2608 318 2647 vt
335 2617 468 2657 cogar
486 2618 567 2658 ego
584 2604 667 2653 hic,
693 2603 737 2646 P.
758 2602 953 2645 Canisius
971 2602 1012 2643 in
1030 2600 1240 2643 Parochia
1259 2600 1574 2654 Oenipontana,
1600 2602 1644 2641 et
1661 2597 1947 2640 Concionator

169 2668 497 2723 Oenipontanus
532 2667 598 2723 [P.
624 2668 839 2711 Antonius
873 2664 1109 2720 Guisanus]
1134 2666 1175 2707 in
1201 2665 1408 2708 cathedra
1432 2664 1697 2706 Mauritiana
1720 2663 1946 2716 Augustae

170 2733 438 2776 concionari“
479 2734 552 2786 (ex
585 2737 779 2787 autogr.;
820 2733 963 2775 Germ.
992 2734 1071 2773 151
1099 2732 1128 2774 f.
1153 2732 1456 2776 278⁸—279²;
1493 2730 1636 2771 Germ.
1666 2730 1746 2770 135
1772 2727 1801 2770 f.
1830 2727 1944 2779 136).

169 2799 268 2852 Ipse
301 2798 456 2840 deinde
492 2800 695 2841 Canisius
737 2797 1055 2840 Mercurianum
1101 2798 1139 2838 6.
1164 2795 1353 2838 Ianuarii
1403 2797 1511 2836 1575
1556 2793 1784 2836 certiorem
1826 2792 1945 2842 fecit,

171 2864 399 2905 Hoffaeum
434 2863 673 2917 scripsisse,
717 2867 765 2905 ut
806 2863 899 2917 ipse
940 2876 1019 2917 per
1059 2875 1136 2903 sex
1181 2874 1350 2902 menses
1392 2860 1485 2902 sive
1524 2872 1658 2912 usque
1691 2858 1745 2900 ad
1780 2857 1948 2899 Pascha

171 2928 303 2980 (quod
327 2930 366 2970 3.
383 2928 548 2982 Aprilis
572 2929 765 2970 futurum
791 2928 906 2981 erat)
928 2927 1092 2978 „solus“
1117 2926 1158 2967 id
1183 2925 1370 2967 officium
1392 2924 1719 2966 administraret
1741 2922 1799 2974 (V.
1816 2935 1948 2976 supra
1970 2918 1972 2920 ’

170 3007 211 3047 p.
237 2991 355 3044 275).
393 2992 613 3035 Successit
645 2996 790 3035 autern
815 2992 1011 3034 Canisius
1034 2991 1075 3032 in
1101 2991 1239 3032 locum
1265 2991 1310 3032 P.
1335 2989 1514 3033 Antonii
1538 2987 1717 3031 Guisani
1751 2987 1790 3038 (ss
1809 2987 1945 3037 „Hist

172 3057 267 3099 coll.
295 3058 424 3099 Oen.“
455 3072 495 3111 p.
527 3059 595 3109 14)
629 3065 674 3100 et
706 3071 842 3110 usque
865 3057 919 3099 ad
944 3057 983 3100 d.
1008 3058 1076 3098 25.
1102 3055 1364 3097 Novembris
1390 3056 1501 3096 1575
1526 3053 1747 3095 minimum
1772 3055 1826 3094 90
1850 3065 1946 3093 ora-

292 3147 318 3171 al
341 3144 386 3167 Im
409 3145 476 3168 Ναί.
497 3145 624 3169 ιὐνϊν,ι“ι’[
645 3153 681 3169 es
701 3151 768 3176 quo.
843 3143 873 3173 b)
896 3145 954 3168 11-11-
976 3151 997 3167 ι’.
1018 3151 1034 3166 (ι
1054 3143 1088 3167 Ν.
1108 3150 1200 3173 supra
1225 3149 1337 3165 versum
1359 3141 1500 3172 scriptum
1524 3143 1573 3164 est.
1648 3139 1675 3169 c)
1698 3140 1742 3163 Ira
1765 3139 1799 3163 N.
1819 3137 1947 3163 correxi!

172 3192 209 3210 ex
228 3191 295 3217 que.
370 3184 399 3209 dl
421 3188 477 3209 Nou·
500 3193 539 3209 ri·-
560 3194 616 3216 sqq.
638 3194 654 3209 a
677 3187 709 3210 N.
726 3187 753 3210 in
778 3186 908 3217 nitu-gline
929 3185 1032 3209 additu
1053 3187 1129 3208 sunt.
1205 3184 1232 3214 e)
1257 3184 1396 3213 Sequitur
1417 3181 1466 3211 lui,
1487 3182 1577 3206 oblm.
1652 3180 1675 3210 s)
1698 3181 1743 3204 Ita
1766 3181 1801 3205 Ν.
1821 3179 1946 3204 correxit

171 3234 208 3251 es·
228 3232 313 3251 roma
336 3227 377 3250 rel
397 3227 456 3249 ulia
479 3235 500 3249 Γ.
577 3233 605 3258 gi
629 3228 687 3251 Ilm·
709 3235 730 3251 r.
751 3235 843 3257 supra
868 3234 981 3251 versum
1002 3225 1143 3256 scriptum
1165 3227 1214 3248 est.
1290 3222 1320 3250 h)
1345 3225 1387 3248 Itu
1412 3225 1446 3248 X.
1466 3231 1541 3248 corr.
1561 3230 1597 3247 es
1617 3222 1656 3247 et.
