2062 3443
519 136 550 170 A
577 148 622 171 m.
642 136 788 170 Octobri
816 137 906 171 1576
933 136 977 170 ad
1006 137 1210 180 Augustum
1240 137 1340 170 1577.
1729 142 1812 182 763

164 254 332 287 Canisius
358 254 570 296 Inyolstadii
605 266 732 296 mayno
762 266 826 288 suo
860 256 1104 297 sociorumque
1138 255 1260 287 labore
1298 256 1393 298 Opus
1420 257 1630 289 illm-lanum
1668 258 1811 289 abs-alrif

45 313 73 342 et
99 308 339 339 accudemlmn
368 313 483 349 curat,
508 313 627 350 postea
654 309 760 341 aliter
785 308 1012 350 occupandi&
1039 309 1175 343 (socius
1196 310 1432 350 sobrina-stilis
1458 311 1551 349 etta).

161 379 207 422 Ρ.
269 379 476 432 Hoffueecs
539 379 814 433 provincialis
876 379 928 419 de
990 379 1146 420 Canisii
1203 380 1344 433 Opere
1414 382 1634 431 Mariano,
1701 381 1813 434 quod

43 443 297 497 Ingolstadii
330 444 373 484 in
416 444 591 486 officina
624 444 805 486 Davidis
839 443 1033 491 Sartorii,
1076 443 1168 497 ipso
1202 446 1371 486 Canisio
1405 447 1704 499 typographos
1747 460 1813 487 re-

42 513 183 562 gente,
228 509 345 562 typis
388 509 730 557 exscribebatur,
777 509 838 551 sic
870 508 1042 562 scripsit
1078 509 1132 550 ad
1166 510 1483 552 Mercurianum
1518 511 1810 564 praepositum

42 574 289 628 generalem
323 574 591 626 Ingolstadio
627 577 694 615 24.
720 574 920 615 Octobris
957 575 1092 615 1576:
1139 575 1260 624 „Jam
1303 576 1382 616 sub
1416 577 1563 629 praelo
1606 579 1673 618 est
1706 576 1814 617 liber

42 639 87 682 P.
114 639 270 693 Canisij
306 639 586 693 Jngolstadij,
629 640 704 681 sed
738 653 894 681 vereor
925 642 974 681 ut
1015 639 1152 693 possit
1184 641 1460 694 typographo
1493 644 1563 683 sat
1604 640 1813 682 materiae

42 705 151 746 citra
183 718 386 756 magnam
422 705 826 758 praecipitationem
860 705 1181 758 suppeditare“.
1236 706 1294 747 Et
1326 705 1595 757 lngolstadio
1630 708 1698 748 30.
1724 705 1812 747 No-

41 769 229 811 vembris
278 771 414 811 1576:
484 770 553 819 „R
586 770 782 811 Canisius
823 770 885 811 sic
928 773 1131 812 versatur
1172 770 1213 810 in
1256 771 1449 812 cudendo
1483 785 1559 812 suo
1601 770 1724 821 libro,
1766 774 1814 813 vt

42 848 218 877 necesse
250 835 307 876 sit
350 835 501 889 praela
534 849 669 887 vsque
703 836 755 876 ad
799 849 955 876 nouum
991 849 1150 877 annum
1183 835 1537 888 interquiescere,
1579 840 1623 878 et
1656 837 1811 878 bonum

41 900 212 943 Patrem
239 900 353 941 circa
378 901 673 943 valetudinem
697 900 976 954 pe1·iclitari.“
1026 900 1190 942 Deinde
1214 900 1260 943 P.
1279 902 1460 943 loannes
1478 903 1690 944 Rastellus
1713 901 1754 944 S.
1771 902 1811 944 J.

39 965 308 1018 Ingolstadio
349 967 387 1007 5.
412 965 601 1007 Ianuarii
640 967 748 1007 1577
794 965 1112 1007 Mercurianum
1155 967 1344 1009 monuit:
1405 967 1672 1020 „Superioris
1711 967 1812 1008 anni

38 1044 184 1073 mense
225 1030 475 1084 septembri,
519 1030 766 1073 nominatus
799 1045 893 1072 sum
926 1045 952 1072 a
984 1031 1034 1074 R.
1061 1031 1102 1073 P.
1132 1031 1406 1082 prouinciali,
1441 1032 1811 1085 Jngolstadiensis

38 1096 164 1139 huius
181 1096 358 1149 Collegij
379 1110 516 1137 nouus
535 1096 798 1138 Vicerector.
815 1131 824 1138 .
839 1131 871 1138 ..
897 1097 1053 1138 Sumus
1070 1111 1183 1138 nunc
1204 1099 1273 1139 ‚50
1279 1132 1385 1140 .....
1423 1098 1562 1139 Vnum
1583 1101 1651 1140 est
1673 1098 1811 1139 solum

42 1162 152 1216 quod
275 1161 378 1202 mihi
412 1161 684 1203 scribendum
722 1161 904 1211 videtur,
949 1176 1046 1204 cum
1079 1176 1158 1204 nec
1192 1162 1236 1205 P.
1271 1166 1422 1205 noster
1456 1163 1738 1205 Prouincialis
1773 1163 1812 1204 ei

39 1227 100 1281 rej
133 1226 326 1268 inuenire
360 1230 493 1279 queat
525 1227 776 1269 remedium.
842 1227 890 1269 R.
922 1241 961 1281 p.
988 1227 1183 1269 Canisius
1227 1232 1434 1281 quattuor
1474 1228 1558 1270 iam
1594 1229 1812 1270 mensibus

41 1296 116 1336 aut
148 1291 334 1345 amplius
368 1292 435 1333 hic
469 1292 551 1333 suit
584 1292 663 1333 hoc
686 1293 858 1334 nomine
881 1292 949 1344 (vt
970 1293 1093 1334 initio
1126 1293 1448 1346 postulabatur)
1473 1296 1522 1335 vt
1555 1293 1810 1335 correctioni

39 1357 113 1400 sui·
146 1357 241 1398 libri
283 1357 353 1410 qui
397 1357 464 1398 hic
506 1357 768 1411 imprimitur
807 1357 993 1411 ipsemet
1025 1360 1261 1411 praeesset.
1328 1359 1412 1402 Sed
1445 1373 1528 1400 non
1571 1364 1619 1400 vt
1651 1373 1810 1401 nouum

38 1423 192 1465 librum
226 1436 282 1464 ex
315 1436 366 1464 eo
399 1422 469 1475 qui
503 1422 590 1463 iam
624 1436 777 1464 census
811 1426 942 1475 atque
976 1424 1243 1477 approbatus
1277 1427 1386 1475 erat,
1430 1424 1620 1466 cuderet.
1664 1424 1811 1466 Nimia

41 1487 266 1541 diligentia
320 1487 698 1530 vehementissime
751 1488 931 1542 impedit
984 1502 1068 1529 non
1117 1489 1255 1530 solum
1303 1489 1438 1543 ipsius
1486 1489 1808 1540 Reuerentiam,

38 1567 187 1596 verum
229 1553 360 1595 etiam
403 1553 584 1595 aliorum
628 1553 1004 1606 tranquillitatem.
1072 1554 1217 1596 Parcit
1258 1554 1318 1595 illi
1353 1555 1397 1597 P.
1425 1555 1720 1605 Prouincialis,
1766 1560 1810 1598 et

38 1618 192 1660 merito
231 1632 337 1659 sane
379 1618 479 1671 quia
518 1619 732 1660 naturalis
777 1622 844 1661 est
885 1632 991 1672 erga
1024 1619 1275 1661 laborantes
1318 1619 1625 1669 misericordia,
1669 1634 1808 1673 neque

38 1684 132 1726 vult
165 1687 241 1726 aut
273 1687 420 1738 potest
458 1697 620 1737 negare
659 1684 718 1725 illi
762 1697 937 1737 operam
980 1686 1225 1726 nostrorum
1263 1685 1439 1726 Patrum
1480 1689 1557 1727 aut
1590 1685 1806 1733 Fratrum,

39 1763 167 1803 quam
198 1749 271 1790 ille
304 1749 383 1790 sibi
418 1749 546 1791 valde
569 1763 663 1790 esse
687 1750 975 1791 necessariam
1010 1752 1087 1791 aut
1111 1750 1335 1803 praedicat
1367 1754 1444 1793 aut
1475 1750 1680 1793 insinuat.
1725 1751 1807 1793 Sed

37 1814 156 1856 nulla
189 1828 320 1855 causa
354 1814 399 1856 P.
425 1814 641 1855 Canisium
685 1814 834 1866 adegit
866 1814 960 1863 huc,
1003 1818 1052 1857 vt
1084 1818 1173 1858 tarn
1208 1816 1453 1857 necessario
1496 1829 1643 1857 eorum
1679 1830 1811 1870 opera

40 1893 146 1933 opus
178 1878 374 1930 haberet,
411 1879 481 1932 qui
517 1879 613 1932 alijs
655 1879 811 1933 studijs
844 1879 1053 1922 destinati
1097 1883 1211 1923 sunt.
1277 1881 1360 1922 Sed
1394 1895 1489 1922 cum
1531 1884 1634 1923 ante
1666 1881 1812 1923 finitos

39 1945 226 1998 quinque
259 1958 360 1986 suos
393 1945 538 1995 libros,
580 1945 739 1998 primos
772 1945 943 1986 illorum
976 1945 1095 1999 typis
1128 1946 1323 1987 mandari
1358 1946 1590 1997 curauerit,
1634 1949 1678 1988 et
1711 1947 1810 1988 dum

37 2009 80 2052 in
114 2013 269 2062 quarto
302 2009 516 2063 poliendo,
552 2015 596 2052 et
620 2010 770 2063 quinto
795 2011 1091 2064 componendo
1124 2011 1291 2052 versari
1314 2012 1549 2064 tranquille
1582 2012 1809 2065 potuisset.

0 2103 1 2116 i
37 2088 130 2117 cum
177 2077 317 2117 totum
361 2075 403 2116 id
449 2075 659 2129 temporis
700 2075 839 2118 tribus
881 2076 966 2116 illis
1008 2076 1222 2129 prioribus
1265 2077 1475 2129 augendis
1521 2077 1811 2130 ornandisque

36 2140 250 2190 tribuerit,
295 2140 365 2193 qui
407 2140 492 2182 iam
537 2141 645 2182 bene
686 2141 911 2183 constituti
945 2144 989 2182 et
1021 2142 1205 2195 perfecti
1239 2143 1378 2192 erant,
1422 2156 1504 2183 non
1540 2146 1607 2184 est
1640 2143 1808 2191 mirum,

35 2205 70 2248 si
103 2206 336 2248 multorum
372 2219 504 2260 opera
537 2220 645 2260 opus
678 2206 851 2256 habeat,
896 2209 940 2247 et
982 2220 1028 2247 se
1070 2207 1210 2260 ipsum
1251 2221 1383 2260 supra
1421 2207 1593 2248 modum
1628 2212 1810 2261 occupet

34 2270 77 2312 in
116 2271 357 2323 querendo,
402 2272 719 2325 componendo,
764 2271 993 2320 mutando,
1038 2272 1338 2325 desyderando
1374 2276 1456 2315 etc.
1501 2276 1545 2314 et
1588 2286 1663 2325 per
1708 2287 1810 2314 con-

35 2349 220 2390 sequens
253 2336 374 2378 alios.
439 2338 498 2379 Et
531 2351 643 2378 nunc
677 2337 847 2390 quidem
881 2351 959 2390 pro
993 2337 1073 2378 hoc
1107 2351 1249 2391 opere,
1294 2337 1530 2379 remedium
1565 2337 1681 2378 aliud
1716 2337 1810 2379 dari

33 2414 118 2443 non
149 2405 308 2455 potest,
343 2402 425 2443 nisi
459 2402 687 2456 patientia.
753 2402 835 2444 Sed
868 2402 912 2443 in
944 2401 1137 2444 futurum
1174 2402 1404 2444 deliberari
1439 2405 1607 2456 potest:
1652 2403 1808 2445 Vtrum

36 2465 86 2508 R.
111 2466 156 2509 P.
182 2466 352 2509 Canisio
396 2467 513 2510 istud
560 2482 668 2509 onus
701 2468 900 2520 ingentes
942 2468 1151 2510 materias
1183 2468 1403 2522 tractandj
1438 2481 1628 2521 vnquam
1670 2468 1808 2522 impo-

33 2525 218 2573 nendum
253 2533 322 2582 sit,
358 2535 403 2574 et
435 2533 469 2575 si
493 2533 797 2586 imponendum
822 2534 892 2583 sit,
926 2547 1008 2586 que
1032 2533 1164 2586 leges,
1200 2533 1295 2585 quis
1318 2533 1451 2583 locus,
1486 2533 1600 2585 quod
1622 2536 1806 2586 tempus,

32 2596 142 2639 a.V.
168 2596 213 2639 P.
238 2597 298 2638 illi
334 2598 667 2651 perscribenda³
700 2596 762 2652 [P]
796 2600 982 2640 essent.“
1042 2598 1108 2638 Ad
1142 2598 1249 2639 haec
1284 2599 1587 2640 Mercurianus
1609 2598 1807 2639 Rastello

30 2659 170 2704 Roma
195 2676 342 2704 mense
366 2663 524 2706 Martio
548 2663 650 2704 anni
677 2665 786 2705 1577
814 2663 1059 2717 respondit:
1100 2663 1243 2713 „Quod
1269 2663 1319 2705 R.
1344 2663 1391 2705 T.
1411 2664 1561 2705 scribit
1582 2663 1633 2704 de
1658 2663 1703 2705 P.
1726 2663 1806 2705 Ca-

30 2727 126 2784 nisij
161 2727 387 2780 diligentia
420 2732 465 2771 et
496 2729 728 2779 laboribus,
763 2729 1008 2771 curabimus
1031 2731 1080 2770 vt
1102 2742 1178 2769 suo
1212 2732 1407 2782 tempore
1441 2729 1562 2770 nobis
1586 2728 1683 2770 vsui
1706 2729 1800 2771 sit.“

150 2799 393 2854 Oeniponte
438 2803 583 2842 autem
636 2802 700 2842 17.
736 2800 881 2842 Martii
930 2801 1039 2841 1577
1086 2800 1129 2842 P.
1156 2800 1371 2842 Henricus
1413 2801 1656 2843 lVinsenius
1698 2801 1740 2843 S.
1763 2801 1802 2844 J.

31 2861 76 2906 P.
95 2864 282 2918 Syberto
305 2865 573 2907 Bronchorst
592 2865 634 2907 S.
653 2865 692 2907 J.
719 2865 948 2919 ssscripsit:
979 2865 1286 2915 „Reuerendus
1309 2865 1354 2907 P.
1375 2866 1570 2908 Canisius
1666 2867 1805 2908 adhuc

29 2927 290 2984 Jngolstadij
336 2930 379 2971 in
424 2930 588 2972 edendo
630 2931 828 2973 Mariano
874 2944 952 2972 suo
998 2943 1127 2984 opere
1171 2929 1246 2982 (.in
1291 2931 1412 2973 cuius
1453 2931 1538 2973 iam
1584 2934 1629 2973 5‘?
1673 2936 1805 2984 atque

29 2993 180 3036 vltimo
213 2994 322 3036 libro
365 2997 410 3036 et
441 2995 533 3049 ipse
575 2995 801 3038 scribendo
844 2999 889 3039 et
929 2995 1194 3049 typographi
1238 2995 1404 3037 edendo
1444 2996 1636 3049 sudant.)
1682 3011 1803 3038 occu-

31 3053 157 3111 patus
189 3062 430 3102 versatur.“

146 3151 174 3181 a)
196 3152 261 3182 Sic,·
281 3153 428 3177 volebatne
449 3152 594 3176 scribere:
614 3151 849 3185 praescribenda
863 3155 875 3176 ζ’
