2051 3433
225 186 310 227 468
365 183 469 218 2018.
498 183 663 217 Canisius
691 182 812 218 Const.
831 195 851 218 a
877 184 1113 229 Lyskirchen.
1153 183 1342 218 Monachio
1355 184 1406 228 (‘?)
1435 184 1530 219 circa
1556 185 1632 220 init.
1652 197 1697 221 m.
1716 185 1806 220 Νον.
1832 186 1934 222 1578.

224 305 356 346 simili
387 303 602 345 caluumia
643 303 836 356 plenas¹.
904 304 1122 344 Caeterum
1168 303 1250 343 cluo
1283 304 1466 345 Senatus
1501 304 1760 358 Consiliarij,
1804 319 1904 360 quos
1935 306 1996 348 ibi

223 370 432 424 Synolicos
476 369 703 422 appellant,
750 369 840 409 uiri
885 369 980 410 boni
1026 374 1060 410 et
1105 369 1325 410 Societatis
1370 373 1573 422 amantes,
1618 369 1734 411 Dect.
1772 371 1996 414 Conradus

224 435 519 488 Betza'orpius,
564 437 600 473 et
641 433 796 474 Doctor
828 433 981 475 Petrus
1014 433 1324 483 Steuuichius2‚
1369 435 1526 487 egyre‘qie
1566 434 1611 475 in
1653 435 1811 476 Senatu
1852 441 1996 490 partes

222 500 443 542 Societatis
475 498 772 552 defenderunt,
808 513 930 553 eoque
964 499 1167 540 Senatum
1200 498 1475 550 induxerunt,
1510 503 1554 540 ut
1588 499 1758 554 Colleyij
1778 500 1997 543 Societatis

220 566 505 618 patrocinium
545 564 755 604 ‹ictuersus
797 566 910 605 ciues
944 565 1034 605 illos
1076 565 1328 616 susciperet:
1369 564 1510 618 itaque
1541 578 1655 605 nunc
1686 565 1793 606 bona
1825 580 1928 619 pace
1960 571 1997 608 et

219 631 355 684 quiete
388 631 555 670 uiuunt.
621 628 705 682 Effe·
746 643 838 670 cum
872 629 1078 683 Episcopo
1112 628 1362 683 Moyuntino
1375 629 1403 679 3,
1446 634 1491 670 ut
1524 630 1670 671 literas
1703 631 1762 670 ad
1793 631 1995 672 Senatum

221 699 266 736 in
300 696 520 737 Societatis
558 693 756 746 fauorem
790 695 924 746 daret,
959 696 1033 749 qui
1072 698 1309 748 promptum
1342 708 1385 735 se
1417 695 1556 734 statim
1590 695 1649 735 acl
1679 697 1861 749 primam
1893 699 1995 751 peti-

218 761 374 801 tionem
420 759 621 810 exhibuit,
669 764 705 800 et
747 759 858 812 forte
901 760 987 800 iam
1031 760 1213 813 aliquem
1255 773 1345 800 cum
1388 760 1521 800 literis
1566 759 1779 801 Coloniam
1822 762 1995 804 miserit.

218 825 424 880 Jclipsum
472 839 595 879 aqam
642 824 762 865 breui
805 823 916 876 (Deo
957 823 1154 877 fauente)
1198 838 1290 864 cum
1333 824 1658 879 Archiepiscopo
1709 825 1996 879 Treuirensi4,

217 890 453 945 petentibus
485 890 534 931 iol
565 891 722 931 nostris
757 890 1087 932 Coloniensibus.
1155 890 1448 931 Cancellarius
1491 904 1651 945 quoque
1683 891 2000 947 Archiepiscopi

220 955 494 1010 Moyuntini5
537 956 596 996 ad
634 957 853 1010 plerosque
897 956 1097 996 Consules
1139 955 1341 995 (laturum
1384 969 1425 996 se
1471 955 1618 996 literas
1663 957 1766 997 milii
1811 957 1994 1000 addixit.

220 1021 386 1076 Scripsi
421 1035 556 1075 porro
600 1035 667 1074 eqo
700 1021 789 1075 ipse
822 1021 881 1062 acl
918 1021 1184 1075 primarium
1219 1020 1437 1061 Consulem
1473 1021 1793 1062 Constantinum
1827 1022 1997 1063 Lislcir·

219 1086 359 1127 chium
372 1086 400 1137 ⁶,
425 1091 471 1127 ut
495 1086 668 1141 Colleqij
686 1086 973 1141 patrocinium
996 1087 1202 1139 suscipiat
1214 1100 1230 1137 7·
1262 1086 1321 1126 acl
1343 1099 1460 1140 quem
1486 1090 1521 1127 et
1545 1086 1604 1126 acl
1621 1087 1994 1142 Arc-liiepiscopum

225 1151 509 1193 Coloniensem
530 1152 709 1204 electum,
735 1150 783 1192 P.
803 1151 958 1192 Petrus
978 1151 1190 1205 Canysius
1207 1151 1395 1191 eiusdem
1415 1153 1653 1204 arqumenti
1670 1153 1818 1193 literas
1837 1152 1991 1196 deditf‘

337 1231 490 1265 Ioannes
527 1231 741 1266 Gebhardus
777 1243 797 1265 a
832 1231 1034 1265 Truchsess
1073 1230 1281 1273 (cardinalis
1317 1230 1463 1264 Ottonis
1497 1230 1698 1265 Truchsess
1736 1243 1756 1265 a
1794 1232 1998 1276 VValdburg

218 1284 377 1329 episcopi
403 1285 601 1329 augustani
633 1296 678 1318 ex
705 1285 819 1319 fratre
845 1284 972 1329 nepos)
1000 1284 1294 1329 archiepiscopus
1330 1283 1544 1318 coloniensis
1571 1285 1603 1318 5.
1623 1284 1832 1319 Decembris
1861 1286 1950 1321 1577
1977 1297 1997 1320 a

217 1339 376 1383 capitulo
404 1338 553 1386 electus,
590 1349 636 1372 m.
655 1338 788 1372 Martio
814 1350 845 1372 a.
876 1338 967 1373 1580
994 1349 1015 1372 a
1042 1337 1216 1381 Gregorio
1244 1338 1340 1372 XIII.
1368 1337 1601 1372 confirmatus
1628 1342 1702 1378 est;
1739 1342 1900 1373 attamen
1925 1340 1997 1374 iam

217 1404 263 1427 m.
290 1392 407 1437 Aprili
437 1393 527 1426 1578
554 1404 575 1426 a
600 1391 790 1437 Rudolpho
818 1392 860 1426 11.
897 1392 1113 1436 imperatore
1151 1391 1369 1433 „indultum
1407 1391 1628 1435 impetravit,
1664 1403 1732 1436 quo
1769 1393 1800 1426 ei
1835 1396 1997 1437 potestas

217 1446 481 1480 concedebatur
507 1445 781 1480 administrandi
814 1445 1091 1490 „temporalia“;
1129 1445 1252 1479 eodem
1278 1456 1411 1485 mense,
1438 1456 1519 1479 cum
1546 1456 1666 1480 coram
1692 1446 1819 1481 Iacobo
1845 1447 1889 1480 ab
1918 1447 1998 1481 Eltz

217 1500 486 1544 archiepiscopo
513 1499 669 1533 electore
695 1499 896 1533 treverensi
931 1499 1015 1532 fidei
1041 1499 1300 1544 professionem
1328 1498 1560 1532 tridentinam
1588 1499 1735 1533 fecisset
1761 1502 1798 1534 et
1822 1500 1997 1534 iusiuran-

217 1553 301 1587 dum
329 1553 529 1598 principum
557 1553 753 1587 electorum
781 1552 950 1593 dedisset,
984 1553 1028 1586 ab
1065 1553 1188 1586 eodem
1224 1552 1259 1586 in
1287 1552 1481 1586 electorum
1518 1551 1711 1595 collegium
1737 1553 1916 1588 admissus
1942 1556 1998 1588 est

220 1606 369 1650 (Lossen
386 1606 410 1640 I.
427 1618 456 1641 c.
477 1607 543 1640 617
564 1605 773 1646 622—6233
793 1606 888 1650 Allg.
909 1606 1090 1640 Deutsche
1109 1607 1328 1649 Bioyraplu'e
1342 1605 1428 1639 VIII
1447 1606 1667 1650 459—460).
1702 1606 1755 1640 De
1774 1618 1814 1640 eo
1830 1607 1868 1641 P.
1889 1608 1997 1641 Theo-

216 1662 363 1695 doricus
402 1661 572 1694 Canisius
598 1659 632 1694 S.
653 1660 685 1694 J.
713 1659 758 1693 ad
786 1659 1009 1693 Everardum
1036 1660 1313 1700 Mercurianum,
1351 1660 1411 1703 qui
1448 1660 1502 1693 23.
1525 1660 1660 1704 Aprilis
1688 1661 1780 1694 1573
1807 1661 1998 1695 Societatis

216 1714 445 1759 praepositus
471 1713 653 1758 generalis
688 1713 826 1747 electus
853 1715 940 1754 erat,
976 1712 1121 1757 Dilinga
1148 1713 1204 1747 30.
1224 1713 1309 1746 Maii
1339 1713 1429 1747 1573
1456 1713 1650 1757 *scripsitz
1694 1714 1761 1755 „M’
1775 1714 1821 1749 ha
1847 1718 1997 1759 pregato

215 1767 326 1811 hoggi
352 1768 473 1809 molto,
500 1767 566 1802 che
585 1767 630 1801 da
656 1778 721 1801 sua
740 1770 843 1812 parte
862 1779 918 1800 me
948 1767 1153 1810 ralegrasse
1179 1778 1245 1800 con
1274 1767 1315 1803 V.
1335 1766 1376 1800 R.
1396 1766 1582 1800 Paternita
1607 1767 1701 1801 della
1721 1779 1788 1801 sua
1815 1767 1996 1809 elettione,

216 1821 311 1855 della
337 1821 443 1865 quale
470 1821 517 1854 ha
543 1821 696 1865 pigliata
722 1820 908 1863 singulare
934 1820 1178 1854 consolatione
1204 1831 1267 1865 per
1293 1820 1406 1854 hauer
1424 1821 1631 1854 conosciuta
1657 1820 1701 1855 V.
1722 1821 1761 1855 P.
1781 1821 1816 1854 in
1843 1820 1995 1862 louanio,

216 1874 359 1918 quando
386 1875 435 1908 iui
462 1874 517 1908 col
555 1886 619 1908 suo
655 1875 800 1908 fratello
835 1874 932 1908 uisse
968 1874 1003 1907 in
1039 1876 1163 1908 nostra
1199 1885 1284 1908 casa
1319 1874 1375 1907 fra
1400 1874 1612 1908 conuitt0ri“
1645 1874 1708 1917 (ex
1733 1875 1942 1920 archetypo.
1976 1886 1997 1909 a

215 1928 349 1962 Theod.
369 1928 512 1962 Canisio
539 1927 764 1972 subscripto3
802 1927 922 1961 Germ.
944 1927 1010 1961 153
1038 1928 1062 1961 f.
1083 1928 1174 1969 87³).
1226 1926 1281 1970 Cf.>
1300 1927 1408 1961 etiam
1440 1927 1526 1961 Can.
1554 1926 1598 1961 V.
1624 1928 1692 1961 285
1728 1928 1813 1963 325:
1851 1927 1900 1961 VI
1927 1928 1996 1962 365

216 1981 284 2016 379
311 1982 378 2016 387
408 1981 489 2016 663.
538 1980 721 2015 canisium
748 1992 843 2025 spes,
870 1991 978 2024 quam
1005 1981 1040 2014 in
1069 1979 1259 2015 Gebbardo
1285 1979 1491 2025 reponebat,
1518 1992 1588 2014 non
1616 1981 1757 2015 fefellit.
1800 1980 1865 2015 Ille
1891 1982 1996 2022 enim,

215 2037 256 2069 ut
281 2035 350 2079 ipsi
377 2035 475 2069 Socii
510 2035 722 2068 colonienses
748 2034 921 2068 Kalendis
948 2033 1126 2067 Ianuariis
1156 2034 1245 2068 1579
1272 2034 1307 2067 in
1336 2034 1483 2067 Litteris
1519 2034 1648 2067 annuis
1675 2036 1834 2075 narrant,
1874 2045 1996 2076 „suam

214 2088 448 2122 autoritatem
484 2088 726 2132 interponens,
760 2099 841 2121 cum
877 2088 920 2121 de
956 2087 1233 2131 comprimendis
1258 2086 1522 2120 haereticorum
1548 2087 1683 2121 scholis
1709 2090 1745 2121 et
1774 2087 1935 2122 consiliis
1961 2089 1996 2121 in

215 2142 340 2176 urbem
379 2142 632 2183 concessisset,
668 2141 861 2175 Societatis
897 2140 1129 2174 honorificam
1163 2141 1380 2174 mentionem
1407 2141 1499 2185 apud
1532 2144 1698 2174 senatum
1725 2141 1823 2182 fecit,
1855 2140 1996 2175 labores

214 2195 291 2229 eius
318 2195 457 2240 prolixe
484 2194 710 2240 praedicavit
727 2197 764 2228 et
782 2194 818 2228 in
844 2194 942 2229 illius
968 2193 1039 2227 fide
1065 2197 1175 2237 atque
1201 2193 1423 2228 authoritate
1450 2205 1597 2228 causam
1623 2197 1783 2228 nostram
1810 2194 1991 2238 reposui&

217 2248 396 2293 (Hansen,
423 2248 545 2282 Akten
572 2248 670 2291 726).

216 2351 373 2388 2018.
475 2352 694 2388 CANISIUS
735 2350 1219 2388 GoNSTANTINO
1256 2350 1303 2386 A
1341 2350 1818 2395 LYSKIRGHEN,
1857 2352 1995 2387 consuli

405 2407 530 2441 urbem
559 2407 800 2442 coloniensem
827 2406 980 2450 regenti.

946 2464 1137 2499 Monachio
1159 2465 1209 2509 (5³)
1239 2465 1335 2499 circa
1361 2464 1504 2499 initium
1532 2477 1577 2499 m.
1599 2464 1816 2500 Novembris
1844 2465 1947 2500 1578.

337 2538 561 2593 Colleyium
596 2540 816 2582 Societatis
859 2539 1089 2580 coloniense
1133 2539 1168 2579 ei
1209 2538 1485 2580 commendat.
1549 2538 1686 2579 Plura
1719 2538 1813 2579 ride
1845 2552 1993 2593 supra,

216 2617 276 2657 ep.
300 2605 432 2646 2017.

337 2713 347 2733 ¹
376 2712 589 2754 Calviniani,
617 2714 677 2757 qui
704 2725 751 2747 ex
769 2713 896 2756 Belgio
919 2713 1023 2747 eiecti
1044 2712 1226 2748 Coloniam
1246 2713 1475 2758 irrepserant,
1503 2713 1687 2758 praecipui
1706 2715 1809 2747 erant
1827 2716 1994 2748 auctores

214 2764 342 2799 harum
380 2765 640 2800 calumniarum
678 2769 715 2800 et
748 2767 955 2807 turbarum
993 2778 1085 2810 quae
1112 2767 1318 2801 accuratius
1354 2767 1607 2801 describuntur
1636 2767 1672 2800 in
1707 2767 1840 2800 litteris
1866 2767 1994 2801 annuis

213 2817 357 2861 collegii
385 2819 600 2853 coloniensis
624 2819 770 2854 Colonia
787 2820 958 2854 Kalendis
985 2819 1162 2854 Ianuariis
1186 2821 1276 2854 1579
1305 2820 1399 2854 datis
1427 2821 1602 2862 (Hunsen,
1631 2819 1750 2854 Akten
1775 2820 1992 2862 725-727).

212 2918 281 2952 427
333 2871 618 2954 ἔϊΙέθγξὲιὲιζ-(ῑᾶο
647 2873 819 2907 Betzdorf
844 2875 880 2907 et
905 2872 1013 2907 Petro
1041 2872 1232 2915 Schulting
1259 2873 1301 2907 de
1328 2872 1533 2907 Steinwech
1552 2872 1768 2916 (Steinweg)
1798 2885 1832 2907 v.
1855 2873 1941 2907 Can.
1959 2873 1993 2907 II

295 2931 302 2959 ;
537 2931 568 2953 o.

335 2971 348 2991 ⁸
373 2971 558 3006 Danielem
586 2972 741 3007 Brendel
768 2973 1077 3018 archiepiscopum
1103 2972 1288 3016 significat
1315 2974 1479 3016 (Hmzsen
1506 2973 1528 3007 l.
1549 2985 1579 3007 c.
1608 2973 1706 3016 726).

334 3025 347 3044 ⁴
374 3024 502 3059 Iacobo
530 3026 574 3059 ab
600 3026 693 3060 leltz.
839 3027 852 3047 ⁵
880 3026 1161 3071 Ohristophorus
1187 3026 1302 3060 Faber
1329 3028 1506 3071 (Hansen,
1536 3026 1643 3061 Nunt.
1666 3027 1707 3068 11,
1738 3026 1778 3060 17
1806 3026 1904 3070 556).

334 3077 348 3097 ‘³'
374 3078 548 3112 Consules
583 3079 842 3124 rempublicam
878 3081 1047 3123 regentes
1082 3091 1123 3113 eo
1158 3090 1250 3113 anno
1287 3083 1390 3114 erant
1425 3080 1684 3114 Constantinus
1719 3091 1739 3113 a
1766 3078 1991 3124 Lyskirchen

214 3131 250 3163 et
269 3129 454 3175 Gasparus
474 3131 742 3175 Kannegiesser
765 3133 865 3176 (cod.
890 3132 1002 3175 „Hist.
1023 3143 1146 3178 gymn.
1165 3135 1209 3166 tr.
1229 3133 1320 3166 corf
1344 3133 1368 3166 f.
1387 3133 1452 3167 168
1462 3133 1505 3177 ι’).
1532 3133 1586 3167 De
1604 3132 1820 3178 Lyskirchio
1839 3133 1883 3166 cf.
1902 3134 1990 3166 Can.

213 3183 230 3216 I
256 3183 465 3225 672-673;
495 3184 527 3218 ΙΙ
555 3185 755 3221 805—806.
