2062 3443
339 171 431 204 Mon.
454 169 695 204 1135—1136.
732 170 788 204 26.
810 190 851 194 —
871 169 926 203 28.
955 171 991 202 et
1017 168 1072 202 29.
1093 168 1228 213 Aprilis
1255 171 1290 202 et
1318 169 1459 202 5.1unii
1491 169 1591 203 1573.
1772 173 1855 213 (569

86 293 130 333 et
161 289 381 331 decretum
415 302 441 330 a
474 288 519 330 P.
544 287 718 329 Vicario
761 288 994 330 formatum
1028 287 1123 337 fuit,
1165 289 1210 329 et
1245 288 1493 330 reuerentia
1525 287 1584 329 illi
1618 288 1855 330 secundum

87 354 426 397 Constitutiones
459 352 667 395 exhibita.

86 462 228 498 1135.
305 461 360 497 26.
382 460 522 507 Aprilis
550 460 642 496 1573.

204 528 257 562 Ex
281 530 450 562 Actorum
478 527 652 573 exemplo.
681 528 724 562 de
751 540 820 572 quo
851 538 960 572 supra
987 539 1019 572 p.
1042 527 1122 568 666,
1151 527 1281 571 Congr.
1304 528 1333 567 1,
1362 540 1392 573 p.
1417 528 1612 563 104-105.
1655 528 1857 569 Decretum,

84 581 241 626 ascripto
269 593 416 615 numero
442 582 485 620 5..
513 582 612 626 typis
639 582 860 626 exscriptum
888 583 1010 615 exstat
1035 581 1070 614 in
1093 580 1278 624 „Decretis
1304 582 1431 615 tertiae
1451 581 1750 625 Congregationis
1777 584 1858 627 post

84 635 314 669 electionem⁴¹
348 636 570 677 (Institntum
599 635 632 669 S.
660 636 691 669 J.
721 636 750 668 ll
780 635 877 678 220).

206 696 375 729 Οαηίείιιε
400 696 448 728 ad
474 695 660 728 Societatis
687 698 991 738 conqreyatsonem
1014 694 1211 736 yeneralem
1238 695 1452 728 admittitur.

203 769 242 809 A
265 768 486 809 Societatis
508 770 631 808 tertia
657 770 972 822 conqreqatione
989 768 1178 822 qenerali
1202 768 1245 808 in
1268 768 1449 808 sessione
1472 769 1542 809 26.
1563 768 1727 821 Aprilis
1745 768 1859 807 1573

88 832 231 874 habita
257 833 417 874 decreto
441 834 479 875 8.
502 839 594 888 post
618 834 849 875 electionem
881 834 1114 887 praepositi
1142 833 1355 886 ,qeneralis
1387 834 1447 873 sie
1478 834 1744 874 constitutum
1781 838 1861 874 est:

85 897 360 951 Propositum
402 897 485 939 fuit
525 911 580 939 an
614 898 659 940 P.
686 898 840 939 Petrus
873 897 1083 946 Canisius,
1127 897 1198 949 qui
1241 912 1266 939 a
1299 900 1474 939 Summo
1516 897 1641 939 Pont.
1677 897 1858 939 Romam

86 962 323 1004 accersitus
365 963 511 1005 fuerat
552 963 607 1004 ad
640 963 1032 1016 Congregationem
1066 965 1182 1004 esset
1214 961 1522 1010 admittendus,
1567 965 1612 1004 et
1650 976 1732 1015 quo
1765 962 1859 1004 loco

86 1028 362 1070 collocandus
385 1049 394 1058 ·
419 1029 650 1070 Decretum
686 1032 829 1070 autern
864 1028 960 1079 fuit,
1003 1030 1051 1069 ut
1084 1041 1138 1069 ex
1172 1027 1357 1080 quadam
1400 1027 1622 1081 aequitate
1654 1027 1860 1070 admitte-

89 1095 223 1143 retur,
258 1107 353 1135 cum
377 1093 634 1147 praesertim
658 1108 742 1135 non
767 1107 945 1147 paruam
970 1092 1204 1136 utilitatem
1228 1093 1416 1147 negotijs
1439 1093 1682 1135 tractandis
1705 1094 1861 1134 afferre

89 1161 251 1212 posset,
286 1162 330 1201 et
362 1162 410 1201 ut
438 1159 611 1202 sederet
632 1162 733 1213 post
756 1158 1050 1201 Prouinciales
1072 1159 1196 1201 iuxta
1219 1158 1412 1200 ordinem
1436 1171 1541 1200 suae
1564 1158 1858 1212 professionis,

90 1222 251 1264 Verum
284 1227 333 1266 ut
364 1223 444 1265 hoc
476 1224 640 1266 factum
673 1238 758 1265 non
791 1225 1042 1266 traheretur
1073 1223 1114 1264 in
1139 1223 1512 1277 exemplum,'nec
1543 1223 1636 1277 ipse
1669 1223 1724 1264 ad
1747 1223 1860 1265 elec-

87 1288 248 1330 tionem
282 1288 594 1331 Assistentium
637 1288 892 1343 suffragium
933 1289 1115 1331 haberet
1152 1289 1276 1331 iuxta
1309 1289 1452 1332 Const.
1488 1290 1528 1332 9.
1562 1302 1652 1342 par.
1687 1302 1780 1342 cap.
1815 1291 1862 1330 5?

90 1352 133 1406 §⁴3
166 1355 226 1396 3².

206 1430 283 1464 Hoc
313 1431 608 1464 Constitutionum
647 1430 837 1465 Societatis
872 1430 948 1464 loco
984 1430 1220 1474 praecipitur:
1257 1430 1515 1464 Assistentium
1553 1429 1678 1464 electio
1719 1442 1860 1473 „eorum

89 1483 168 1524 erit,
195 1483 255 1527 qui
283 1483 531 1528 Praepositum
560 1484 705 1527 eligent,
733 1485 876 1528 quando
903 1484 946 1518 ad
974 1483 1008 1518 id
1036 1485 1340 1527 congregantur-¹⁴.

206 1538 279 1570 lam
308 1536 364 1571 die
382 1538 438 1572 25.
458 1537 594 1582 Aprilis
620 1538 764 1572 decreto
790 1541 871 1583 post
898 1537 1108 1571 electionem
1128 1538 1160 1571 2.
1184 1537 1446 1580 „declaratuffl
1479 1538 1567 1578 erat,
1595 1537 1663 1572 PP.
1684 1537 1862 1572 Martinez

88 1592 124 1624 et
149 1589 352 1624 Tectorium
389 1595 638 1636 procuratores
675 1595 725 1632 (v.
754 1603 863 1636 supra
899 1603 932 1636 p.
961 1592 1045 1635 667)
1088 1590 1236 1633 ,debere
1272 1591 1413 1625 uocari“
1452 1591 1486 1625 in
1524 1592 1859 1634 congregationem

87 1643 194 1677 simul
225 1644 447 1686 „decretum“
479 1648 566 1685 erat,
597 1649 657 1687 „ut
675 1646 887 1689 suffragium
914 1645 1087 1679 haberent
1107 1645 1150 1679 ad
1170 1644 1288 1678 omnia
1315 1647 1566 1689 praeterquam
1586 1645 1630 1679 ad
1649 1644 1860 1679 electionem

89 1696 368 1732 Assistentium“
402 1698 439 1740 (l.
459 1710 487 1732 c.
508 1711 540 1744 p.
564 1700 658 1741 103).

89 1801 234 1838 1136.
311 1802 366 1838 28.
394 1803 431 1838 et
457 1802 514 1838 29.
534 1802 676 1850 Aprilis
702 1806 739 1840 et
766 1803 797 1840 5.
824 1802 919 1839 Iunii
945 1802 1038 1839 1573.

207 1869 262 1903 Ex
289 1869 402 1911 Actis,
430 1870 473 1904 de
500 1870 631 1914 quibus
657 1882 764 1915 supra
792 1882 825 1915 p.
848 1871 927 1905 666.
972 1870 1101 1913 Congr.
1124 1870 1152 1911 1,
1179 1881 1213 1915 p.
1235 1869 1422 1904 105—106
1451 1869 1528 1903 113.
1570 1868 1724 1903 Decreta
1753 1870 1806 1903 12.
1828 1872 1864 1904 et

88 1922 145 1956 45.
163 1925 321 1961 exstant,
349 1924 518 1968 ascriptis
543 1925 703 1958 numeris
721 1924 752 1959 8.
773 1928 809 1958 et
828 1925 895 1964 30..
923 1925 957 1957 in
981 1923 1166 1967 „Decretis
1191 1924 1321 1957 tertiae
1349 1922 1640 1966 congregationis
1665 1925 1748 1967 post
1773 1923 1862 1957 elec-

87 1976 240 2010 tionem¹⁴
271 1977 369 2022 typis
395 1979 589 2022 exscriptis
618 1980 838 2019 (Ins-titutum
866 1978 900 2013 S.
928 1979 961 2012 J.
988 1979 1021 2012 11
1048 1978 1118 2012 220
1144 1978 1242 2019 225).

210 2037 380 2071 Cam‘sius
405 2049 483 2070 eum
503 2041 523 2071 6
541 2039 625 2071 aliis
651 2040 860 2082 desiynatm·
885 2039 933 2071 ad
955 2039 1112 2072 notanda
1140 2038 1297 2071 instituti
1315 2038 1500 2071 Societate's
1517 2037 1593 2070 loca
1612 2037 1761 2069 concilio
1786 2036 1864 2069 Tra·-

89 2090 232 2124 dentino
258 2094 499 2135 repugnantia
525 2097 557 2125 et
583 2093 631 2125 ad
657 2093 871 2135 colliyendas
896 2093 1126 2135 difficultates
1152 2093 1444 2125 constitutionum
1471 2095 1531 2124 etc.

589 2171 660 2213 28.
692 2170 856 2224 Aprilis
879 2204 889 2213 .
914 2205 923 2214 .
949 2205 958 2213 .
993 2171 1227 2212 Decretum
1265 2171 1356 2211 12:¹¹

208 2240 483 2295 Propositum
508 2275 518 2284 .
543 2276 552 2284 .
578 2276 587 2285 .
621 2241 705 2284 fuit
737 2242 789 2283 de
823 2242 1105 2296 deputatione
1138 2240 1340 2283 facienda
1371 2240 1427 2282 ad
1460 2238 1793 2281 examinandum
1828 2237 1864 2280 si

89 2304 190 2358 quid
229 2305 273 2347 in
312 2306 500 2349 Concilio
534 2306 651 2350 Trid.
686 2307 952 2361 reperiretur
994 2306 1108 2360 quod
1150 2305 1311 2348 nostris
1353 2303 1745 2347 constitutionibus
1787 2303 1864 2345 ad-

88 2369 256 2412 uersari
287 2371 531 2420 uideretur;
566 2375 610 2414 et
642 2372 695 2414 de
727 2387 811 2426 quo
840 2373 1079 2415 declaratio
1103 2375 1180 2414 aut
1202 2371 1333 2413 etiam
1357 2368 1625 2424 dispensatio
1649 2382 1674 2410 a
1696 2381 1864 2409 summo

89 2435 212 2478 Pont.
246 2436 335 2491 peti
377 2436 587 2480 deberet?
621 2441 666 2480 et
699 2438 874 2492 placuit,
914 2441 963 2480 ut
994 2437 1137 2491 ijdern,
1181 2436 1335 2490 quibus
1368 2435 1411 2476 in
1445 2436 1492 2476 2⁸}
1523 2433 1719 2487 generali
1752 2432 1862 2475 Con-

88 2501 344 2554 gregatione
377 2502 552 2545 decreto
577 2504 615 2546 8.
650 2503 731 2546 hoc
753 2518 908 2545 munus
931 2503 1281 2545 commendatum
1304 2501 1449 2543 fuerat
1465 2503 1491 2550 ¹,
1525 2499 1568 2541 id
1596 2498 1728 2541 etiam
1752 2513 1864 2540 nunc

90 2565 360 2619 expedirent,
403 2570 448 2610 et
479 2582 591 2621 quae
623 2571 727 2610 tunc
759 2571 973 2612 annotata
1004 2568 1193 2618 fuerant,
1232 2580 1312 2608 nec
1343 2569 1492 2608 tamen
1526 2565 1582 2607 ad
1615 2564 1864 2618 Congrege-

88 2630 250 2673 tionem
293 2632 448 2684 relata,
492 2647 544 2675 ea
585 2633 819 2687 diligenter
860 2634 1148 2688 inspicerent,
1198 2630 1472 2684 adiungendo
1520 2630 1630 2680 illis,
1678 2629 1715 2671 si
1757 2643 1866 2682 quos

90 2695 136 2738 P.
162 2696 387 2740 Generalis
419 2698 717 2752 adiungendos
750 2713 845 2741 esse
876 2699 1102 2748 iudicaret,
1137 2699 1180 2740 in
1203 2711 1364 2748 eorum,
1400 2696 1471 2749 qui
1495 2695 1689 2746 deerant,
1723 2695 1864 2736 locum

90 2760 259 2814 aliquos
291 2762 413 2814 alios,
448 2767 493 2806 et
525 2778 636 2817 quae
668 2764 967 2818 perfecissent,
1004 2762 1341 2817 Congregationi
1373 2763 1680 2816 proponerent.

657 2847 894 2890 Decretum
931 2849 1023 2889 13]ῃ
1049 2848 1118 2888 29.
1142 2845 1305 2900 Aprilis

210 2916 248 2957 A
282 2916 327 2959 P.
354 2916 555 2959 Generali
586 2953 594 2960 .
621 2952 630 2960 .
655 2952 663 2960 .
697 2919 752 2960 ad
784 2919 1069 2973 expendenda
1102 2921 1203 2959 acta
1235 2915 1411 2971 Concilij
1435 2913 1678 2958 Tridentini
1710 2915 1755 2956 et
1786 2927 1863 2955 no·

90 2981 225 3023 tanda
247 2986 324 3023 ea⁸
355 2996 467 3036 quae
489 2983 878 3026 Constitutionibus
901 2984 1062 3026 nostris
1085 2983 1228 3036 aliquo
1251 2981 1378 3024 modo
1402 2980 1626 3024 aduersari
1648 2979 1864 3028 uidentur,

197 3078 225 3107 a)
248 3075 309 3100 Hoc
328 3083 353 3100 v.
371 3083 465 3107 supra
487 3083 600 3101 versum
620 3077 763 3108 scriptum
783 3080 834 3103 est.

214 3177 224 3197 ¹
251 3176 342 3211 Vide
371 3178 457 3211 Can.
477 3177 510 3211 V
537 3179 617 3213 756.
