<?xml version="1.0" encoding="UTF-8"?>
<!DOCTYPE html PUBLIC "-//W3C//DTD XHTML 1.0 Transitional//EN"
    "http://www.w3.org/TR/xhtml1/DTD/xhtml1-transitional.dtd">
<html xmlns="http://www.w3.org/1999/xhtml" xml:lang="en" lang="en">
 <head>
  <title>
</title>
<meta http-equiv="Content-Type" content="text/html;charset=utf-8" />
  <meta name='ocr-system' content='tesseract 3.04.00' />
  <meta name='ocr-capabilities' content='ocr_page ocr_carea ocr_par ocr_line ocrx_word'/>
</head>
<body>
  <div class='ocr_page' id='page_1' title='image "beatipetricanisi07cani_0478.png"; bbox 0 0 2051 3433; ppageno 0'>
   <div class='ocr_carea' id='block_1_1' title="bbox 219 123 1373 165">
    <p class='ocr_par' dir='ltr' id='par_1_1' title="bbox 219 123 1373 165">
     <span class='ocr_line' id='line_1_1' title="bbox 219 123 1373 165; baseline -0.006 0"><span class='ocrx_word' id='word_1_1' title='bbox 219 124 303 165; x_wconf 74' lang='grc'>384</span> <span class='ocrx_word' id='word_1_2' title='bbox 837 123 938 158; x_wconf 87' lang='lat'>1968.</span> <span class='ocrx_word' id='word_1_3' title='bbox 967 123 1132 158; x_wconf 85' lang='lat' dir='ltr'>Canisius</span> <span class='ocrx_word' id='word_1_4' title='bbox 1160 123 1307 158; x_wconf 83' lang='lat' dir='ltr'>Alberto</span> <span class='ocrx_word' id='word_1_5' title='bbox 1329 123 1373 158; x_wconf 86' lang='lat' dir='ltr'>V.</span> 
     </span>
    </p>
   </div>
   <div class='ocr_carea' id='block_1_2' title="bbox 218 239 2051 2254">
    <p class='ocr_par' dir='ltr' id='par_1_2' title="bbox 218 239 2051 2254">
     <span class='ocr_line' id='line_1_2' title="bbox 220 239 1995 297; baseline 0.003 -15"><span class='ocrx_word' id='word_1_6' title='bbox 220 240 287 282; x_wconf 92' lang='lat' dir='ltr'>Sic</span> <span class='ocrx_word' id='word_1_7' title='bbox 311 239 423 281; x_wconf 88' lang='lat' dir='ltr'>enim</span> <span class='ocrx_word' id='word_1_8' title='bbox 448 239 609 281; x_wconf 84' lang='lat' dir='ltr'>Bauari</span> <span class='ocrx_word' id='word_1_9' title='bbox 642 242 686 282; x_wconf 93' lang='lat' dir='ltr'>et</span> <span class='ocrx_word' id='word_1_10' title='bbox 713 241 886 283; x_wconf 88' lang='lat' dir='ltr'>nomine</span> <span class='ocrx_word' id='word_1_11' title='bbox 919 245 963 284; x_wconf 91' lang='lat' dir='ltr'>et</span> <span class='ocrx_word' id='word_1_12' title='bbox 996 242 1136 284; x_wconf 86' lang='lat' dir='ltr'>officio</span> <span class='ocrx_word' id='word_1_13' title='bbox 1160 242 1370 284; x_wconf 75' lang='lat' dir='ltr'>Catholici</span> <span class='ocrx_word' id='word_1_14' title='bbox 1402 246 1686 297; x_wconf 86' lang='lat' dir='ltr'>perseuerant</span> <span class='ocrx_word' id='word_1_15' title='bbox 1708 244 1995 297; x_wconf 86' lang='lat' dir='ltr'>(immortales</span> 
     </span>
     <span class='ocr_line' id='line_1_3' title="bbox 219 305 2051 361; baseline 0.003 -16"><span class='ocrx_word' id='word_1_16' title='bbox 219 305 311 346; x_wconf 91' lang='lat' dir='ltr'>Deo</span> <span class='ocrx_word' id='word_1_17' title='bbox 344 305 560 357; x_wconf 70' lang='lat' dir='ltr'>gratiael³</span> <span class='ocrx_word' id='word_1_18' title='bbox 593 305 712 346; x_wconf 91' lang='lat' dir='ltr'>nulla</span> <span class='ocrx_word' id='word_1_19' title='bbox 739 308 788 348; x_wconf 86' lang='lat' dir='ltr'>vt</span> <span class='ocrx_word' id='word_1_20' title='bbox 810 305 999 348; x_wconf 86' lang='lat' dir='ltr'>humana</span> <span class='ocrx_word' id='word_1_21' title='bbox 1031 307 1098 348; x_wconf 86' lang='lat' dir='ltr'>vel</span> <span class='ocrx_word' id='word_1_22' title='bbox 1125 307 1329 350; x_wconf 86' lang='lat' dir='ltr'>Satanica</span> <span class='ocrx_word' id='word_1_23' title='bbox 1352 307 1416 349; x_wconf 90' lang='lat' dir='ltr'>vis</span> <span class='ocrx_word' id='word_1_24' title='bbox 1439 311 1565 350; x_wconf 82' lang='lat' dir='ltr'>tanta</span> <span class='ocrx_word' id='word_1_25' title='bbox 1588 308 1656 359; x_wconf 89' lang='lat' dir='ltr'>sit,</span> <span class='ocrx_word' id='word_1_26' title='bbox 1692 323 1802 361; x_wconf 89' lang='lat' dir='ltr'>quae</span> <span class='ocrx_word' id='word_1_27' title='bbox 1824 309 1995 351; x_wconf 90' lang='lat' dir='ltr'>illorum</span> <span class='ocrx_word' id='word_1_28' title='bbox 2049 320 2051 343; x_wconf 68' lang='lat'>³</span> 
     </span>
     <span class='ocr_line' id='line_1_4' title="bbox 220 369 2051 429; baseline 0.004 -19"><span class='ocrx_word' id='word_1_29' title='bbox 220 369 385 412; x_wconf 86' lang='lat' dir='ltr'>animos</span> <span class='ocrx_word' id='word_1_30' title='bbox 419 371 472 412; x_wconf 88' lang='lat' dir='ltr'>ab</span> <span class='ocrx_word' id='word_1_31' title='bbox 504 370 744 424; x_wconf 81' lang='lat' dir='ltr'>Euangelio</span> <span class='ocrx_word' id='word_1_32' title='bbox 777 372 911 413; x_wconf 88' lang='lat' dir='ltr'>semel</span> <span class='ocrx_word' id='word_1_33' title='bbox 945 375 1126 426; x_wconf 87' lang='lat' dir='ltr'>accepto</span> <span class='ocrx_word' id='word_1_34' title='bbox 1160 372 1221 423; x_wconf 91' lang='lat' dir='ltr'>(in</span> <span class='ocrx_word' id='word_1_35' title='bbox 1254 373 1334 414; x_wconf 92' lang='lat' dir='ltr'>hoc</span> <span class='ocrx_word' id='word_1_36' title='bbox 1368 373 1480 414; x_wconf 89' lang='lat' dir='ltr'>enim</span> <span class='ocrx_word' id='word_1_37' title='bbox 1513 376 1635 416; x_wconf 87' lang='lat' dir='ltr'>stant</span> <span class='ocrx_word' id='word_1_38' title='bbox 1657 377 1788 427; x_wconf 86' lang='lat' dir='ltr'>atque</span> <span class='ocrx_word' id='word_1_39' title='bbox 1820 375 1995 429; x_wconf 88' lang='lat' dir='ltr'>florent)</span> <span class='ocrx_word' id='word_1_40' title='bbox 2050 408 2051 412; x_wconf 67' lang='lat'>,</span> 
     </span>
     <span class='ocr_line' id='line_1_5' title="bbox 218 434 1995 493; baseline 0.003 -17"><span class='ocrx_word' id='word_1_41' title='bbox 218 434 357 488; x_wconf 89' lang='lat' dir='ltr'>possit</span> <span class='ocrx_word' id='word_1_42' title='bbox 389 435 652 478; x_wconf 81' lang='lat' dir='ltr'>dimouere1.</span> <span class='ocrx_word' id='word_1_43' title='bbox 716 436 888 479; x_wconf 77' lang='lat' dir='ltr'>lactent</span> <span class='ocrx_word' id='word_1_44' title='bbox 929 437 1000 492; x_wconf 87' lang='lat' dir='ltr'>alij</span> <span class='ocrx_word' id='word_1_45' title='bbox 1035 438 1235 491; x_wconf 85' lang='lat' dir='ltr'>purioris,</span> <span class='ocrx_word' id='word_1_46' title='bbox 1279 440 1328 480; x_wconf 86' lang='lat' dir='ltr'>vt</span> <span class='ocrx_word' id='word_1_47' title='bbox 1360 441 1533 489; x_wconf 89' lang='lat' dir='ltr'>vocant,</span> <span class='ocrx_word' id='word_1_48' title='bbox 1575 439 1797 493; x_wconf 81' lang='lat' dir='ltr'>religionis</span> <span class='ocrx_word' id='word_1_49' title='bbox 1830 453 1879 481; x_wconf 90' lang='lat' dir='ltr'>ac</span> <span class='ocrx_word' id='word_1_50' title='bbox 1914 439 1995 481; x_wconf 90' lang='lat' dir='ltr'>Ec—</span> 
     </span>
     <span class='ocr_line' id='line_1_6' title="bbox 218 500 1996 558; baseline 0.003 -17"><span class='ocrx_word' id='word_1_51' title='bbox 218 500 376 541; x_wconf 88' lang='lat' dir='ltr'>clesiae</span> <span class='ocrx_word' id='word_1_52' title='bbox 399 515 537 543; x_wconf 90' lang='lat' dir='ltr'>nouae</span> <span class='ocrx_word' id='word_1_53' title='bbox 560 501 780 553; x_wconf 80' lang='lat' dir='ltr'>dogmata,</span> <span class='ocrx_word' id='word_1_54' title='bbox 806 515 917 554; x_wconf 88' lang='lat' dir='ltr'>quae</span> <span class='ocrx_word' id='word_1_55' title='bbox 939 503 1031 544; x_wconf 93' lang='lat' dir='ltr'>sine</span> <span class='ocrx_word' id='word_1_56' title='bbox 1054 505 1122 544; x_wconf 88' lang='lat' dir='ltr'>tot</span> <span class='ocrx_word' id='word_1_57' title='bbox 1143 503 1365 556; x_wconf 85' lang='lat' dir='ltr'>tantisque</span> <span class='ocrx_word' id='word_1_58' title='bbox 1389 504 1749 553; x_wconf 70' lang='lat' dir='ltr'>contentionibus,</span> <span class='ocrx_word' id='word_1_59' title='bbox 1785 504 1996 558; x_wconf 89' lang='lat' dir='ltr'>digladia-</span> 
     </span>
     <span class='ocr_line' id='line_1_7' title="bbox 218 565 1995 623; baseline 0.003 -17"><span class='ocrx_word' id='word_1_60' title='bbox 218 565 419 615; x_wconf 88' lang='lat' dir='ltr'>tionibus,</span> <span class='ocrx_word' id='word_1_61' title='bbox 443 565 597 616; x_wconf 79' lang='lat' dir='ltr'>turbis,</span> <span class='ocrx_word' id='word_1_62' title='bbox 621 566 918 617; x_wconf 80' lang='lat' dir='ltr'>seditionibus,</span> <span class='ocrx_word' id='word_1_63' title='bbox 943 567 1106 622; x_wconf 82' lang='lat' dir='ltr'>rapinis</span> <span class='ocrx_word' id='word_1_64' title='bbox 1128 572 1260 621; x_wconf 84' lang='lat' dir='ltr'>atque</span> <span class='ocrx_word' id='word_1_65' title='bbox 1278 568 1519 621; x_wconf 86' lang='lat' dir='ltr'>sacrilegiis</span> <span class='ocrx_word' id='word_1_66' title='bbox 1536 583 1615 610; x_wconf 89' lang='lat' dir='ltr'>nec</span> <span class='ocrx_word' id='word_1_67' title='bbox 1634 569 1776 611; x_wconf 90' lang='lat' dir='ltr'>inuehi</span> <span class='ocrx_word' id='word_1_68' title='bbox 1800 572 1995 623; x_wconf 86' lang='lat' dir='ltr'>possunt,</span> 
     </span>
     <span class='ocr_line' id='line_1_8' title="bbox 218 630 1996 689; baseline 0.003 -18"><span class='ocrx_word' id='word_1_69' title='bbox 218 644 297 672; x_wconf 92' lang='lat' dir='ltr'>nec</span> <span class='ocrx_word' id='word_1_70' title='bbox 329 630 508 672; x_wconf 84' lang='lat' dir='ltr'>retineri</span> <span class='ocrx_word' id='word_1_71' title='bbox 541 634 673 684; x_wconf 86' lang='lat' dir='ltr'>atque</span> <span class='ocrx_word' id='word_1_72' title='bbox 707 632 893 676; x_wconf 85' lang='lat' dir='ltr'>defendi.</span> <span class='ocrx_word' id='word_1_73' title='bbox 943 633 1061 682; x_wconf 83' lang='lat' dir='ltr'>Quae</span> <span class='ocrx_word' id='word_1_74' title='bbox 1095 636 1325 686; x_wconf 87' lang='lat' dir='ltr'>praeterea</span> <span class='ocrx_word' id='word_1_75' title='bbox 1358 636 1407 676; x_wconf 91' lang='lat' dir='ltr'>vt</span> <span class='ocrx_word' id='word_1_76' title='bbox 1438 634 1604 676; x_wconf 88' lang='lat' dir='ltr'>nobiles</span> <span class='ocrx_word' id='word_1_77' title='bbox 1637 635 1866 688; x_wconf 85' lang='lat' dir='ltr'>plerasque</span> <span class='ocrx_word' id='word_1_78' title='bbox 1898 649 1996 689; x_wconf 91' lang='lat' dir='ltr'>pro-</span> 
     </span>
     <span class='ocr_line' id='line_1_9' title="bbox 218 695 1998 754; baseline 0.003 -18"><span class='ocrx_word' id='word_1_79' title='bbox 218 695 396 745; x_wconf 88' lang='lat' dir='ltr'>uincias,</span> <span class='ocrx_word' id='word_1_80' title='bbox 441 696 503 737; x_wconf 90' lang='lat' dir='ltr'>sic</span> <span class='ocrx_word' id='word_1_81' title='bbox 545 697 898 739; x_wconf 85' lang='lat' dir='ltr'>florentissimum</span> <span class='ocrx_word' id='word_1_82' title='bbox 938 698 1106 752; x_wconf 84' lang='lat' dir='ltr'>imperij</span> <span class='ocrx_word' id='word_1_83' title='bbox 1142 699 1389 741; x_wconf 85' lang='lat' dir='ltr'>Germanici</span> <span class='ocrx_word' id='word_1_84' title='bbox 1421 703 1584 742; x_wconf 81' lang='lat' dir='ltr'>statum</span> <span class='ocrx_word' id='word_1_85' title='bbox 1619 713 1674 741; x_wconf 87' lang='lat' dir='ltr'>ex</span> <span class='ocrx_word' id='word_1_86' title='bbox 1706 700 1890 754; x_wconf 88' lang='lat' dir='ltr'>pristina</span> <span class='ocrx_word' id='word_1_87' title='bbox 1922 700 1998 742; x_wconf 91' lang='lat' dir='ltr'>illa</span> 
     </span>
     <span class='ocr_line' id='line_1_10' title="bbox 220 761 1997 818; baseline 0.003 -16"><span class='ocrx_word' id='word_1_88' title='bbox 220 761 434 814; x_wconf 80' lang='lat' dir='ltr'>dignitate</span> <span class='ocrx_word' id='word_1_89' title='bbox 468 761 682 804; x_wconf 90' lang='lat' dir='ltr'>deiectum</span> <span class='ocrx_word' id='word_1_90' title='bbox 717 762 833 804; x_wconf 91' lang='lat' dir='ltr'>omni</span> <span class='ocrx_word' id='word_1_91' title='bbox 854 763 1093 817; x_wconf 86' lang='lat' dir='ltr'>impietatis</span> <span class='ocrx_word' id='word_1_92' title='bbox 1116 778 1277 817; x_wconf 82' lang='lat' dir='ltr'>genere</span> <span class='ocrx_word' id='word_1_93' title='bbox 1300 764 1601 815; x_wconf 69' lang='lat' dir='ltr'>defoedarmt,</span> <span class='ocrx_word' id='word_1_94' title='bbox 1636 765 1997 818; x_wconf 89' lang='lat' dir='ltr'>perniciosissime</span> 
     </span>
     <span class='ocr_line' id='line_1_11' title="bbox 221 826 1999 881; baseline 0.003 -14"><span class='ocrx_word' id='word_1_95' title='bbox 221 826 543 877; x_wconf 83' lang='lat' dir='ltr'>distraxerunt,</span> <span class='ocrx_word' id='word_1_96' title='bbox 597 827 940 881; x_wconf 84' lang='lat' dir='ltr'>grauissimeque</span> <span class='ocrx_word' id='word_1_97' title='bbox 989 829 1323 872; x_wconf 63' lang='lat' dir='ltr'>dilaceraruntb.</span> <span class='ocrx_word' id='word_1_98' title='bbox 1400 830 1571 879; x_wconf 86' lang='lat' dir='ltr'>Quanto</span> <span class='ocrx_word' id='word_1_99' title='bbox 1620 833 1766 872; x_wconf 87' lang='lat' dir='ltr'>autem</span> <span class='ocrx_word' id='word_1_100' title='bbox 1813 831 1999 872; x_wconf 81' lang='lat' dir='ltr'>rectiuse</span> 
     </span>
     <span class='ocr_line' id='line_1_12' title="bbox 218 891 1997 949; baseline 0.003 -17"><span class='ocrx_word' id='word_1_101' title='bbox 218 891 382 933; x_wconf 89' lang='lat' dir='ltr'>Bauari</span> <span class='ocrx_word' id='word_1_102' title='bbox 414 892 603 946; x_wconf 85' lang='lat' dir='ltr'>sapiunt,</span> <span class='ocrx_word' id='word_1_103' title='bbox 637 907 745 945; x_wconf 84' lang='lat' dir='ltr'>quos</span> <span class='ocrx_word' id='word_1_104' title='bbox 768 893 1008 935; x_wconf 86' lang='lat' dir='ltr'>vicinorum</span> <span class='ocrx_word' id='word_1_105' title='bbox 1031 895 1099 935; x_wconf 84' lang='lat' dir='ltr'>vel</span> <span class='ocrx_word' id='word_1_106' title='bbox 1124 895 1287 949; x_wconf 86' lang='lat' dir='ltr'>lapsus,</span> <span class='ocrx_word' id='word_1_107' title='bbox 1322 895 1391 936; x_wconf 90' lang='lat' dir='ltr'>vel</span> <span class='ocrx_word' id='word_1_108' title='bbox 1415 895 1644 945; x_wconf 70' lang='lat' dir='ltr'>stultitiad,</span> <span class='ocrx_word' id='word_1_109' title='bbox 1678 895 1749 937; x_wconf 92' lang='lat' dir='ltr'>vel</span> <span class='ocrx_word' id='word_1_110' title='bbox 1773 895 1997 945; x_wconf 69' lang='lat' dir='ltr'>coecitas²‚</span> 
     </span>
     <span class='ocr_line' id='line_1_13' title="bbox 218 956 1998 1015; baseline 0.002 -18"><span class='ocrx_word' id='word_1_111' title='bbox 218 956 287 998; x_wconf 92' lang='lat' dir='ltr'>vel</span> <span class='ocrx_word' id='word_1_112' title='bbox 322 956 629 1000; x_wconf 82' lang='lat' dir='ltr'>detrimentum</span> <span class='ocrx_word' id='word_1_113' title='bbox 663 958 966 1012; x_wconf 80' lang='lat' dir='ltr'>prudentiores</span> <span class='ocrx_word' id='word_1_114' title='bbox 999 959 1160 1011; x_wconf 85' lang='lat' dir='ltr'>effecit,</span> <span class='ocrx_word' id='word_1_115' title='bbox 1205 963 1253 1001; x_wconf 87' lang='lat' dir='ltr'>vt</span> <span class='ocrx_word' id='word_1_116' title='bbox 1284 960 1369 1002; x_wconf 87' lang='lat' dir='ltr'>iam</span> <span class='ocrx_word' id='word_1_117' title='bbox 1409 960 1602 1014; x_wconf 90' lang='lat' dir='ltr'>specioso</span> <span class='ocrx_word' id='word_1_118' title='bbox 1636 961 1864 1015; x_wconf 83' lang='lat' dir='ltr'>Euangelij</span> <span class='ocrx_word' id='word_1_119' title='bbox 1897 960 1998 1003; x_wconf 91' lang='lat' dir='ltr'>noui</span> 
     </span>
     <span class='ocr_line' id='line_1_14' title="bbox 218 1022 1999 1079; baseline 0.003 -16"><span class='ocrx_word' id='word_1_120' title='bbox 218 1024 474 1075; x_wconf 76' lang='lat' dir='ltr'>praetextu;</span> <span class='ocrx_word' id='word_1_121' title='bbox 519 1025 564 1065; x_wconf 91' lang='lat' dir='ltr'>et</span> <span class='ocrx_word' id='word_1_122' title='bbox 595 1022 859 1066; x_wconf 89' lang='lat' dir='ltr'>blandientis</span> <span class='ocrx_word' id='word_1_123' title='bbox 895 1024 1052 1066; x_wconf 79' lang='lat' dir='ltr'>Verbir</span> <span class='ocrx_word' id='word_1_124' title='bbox 1081 1025 1180 1067; x_wconf 85' lang='lat' dir='ltr'>fuco</span> <span class='ocrx_word' id='word_1_125' title='bbox 1222 1039 1269 1067; x_wconf 93' lang='lat' dir='ltr'>se</span> <span class='ocrx_word' id='word_1_126' title='bbox 1301 1039 1386 1066; x_wconf 92' lang='lat' dir='ltr'>non</span> <span class='ocrx_word' id='word_1_127' title='bbox 1428 1025 1655 1079; x_wconf 90' lang='lat' dir='ltr'>patiantur</span> <span class='ocrx_word' id='word_1_128' title='bbox 1686 1025 1820 1076; x_wconf 91' lang='lat' dir='ltr'>illudi,</span> <span class='ocrx_word' id='word_1_129' title='bbox 1865 1028 1999 1079; x_wconf 89' lang='lat' dir='ltr'>vtque</span> 
     </span>
     <span class='ocr_line' id='line_1_15' title="bbox 218 1086 1998 1144; baseline 0.003 -17"><span class='ocrx_word' id='word_1_130' title='bbox 218 1086 440 1139; x_wconf 89' lang='lat' dir='ltr'>religionis</span> <span class='ocrx_word' id='word_1_131' title='bbox 473 1087 715 1130; x_wconf 82' lang='lat' dir='ltr'>doctrinam</span> <span class='ocrx_word' id='word_1_132' title='bbox 748 1103 835 1130; x_wconf 90' lang='lat' dir='ltr'>non</span> <span class='ocrx_word' id='word_1_133' title='bbox 867 1089 1053 1141; x_wconf 82' lang='lat' dir='ltr'>varient,</span> <span class='ocrx_word' id='word_1_134' title='bbox 1088 1093 1241 1144; x_wconf 86' lang='lat' dir='ltr'>vtpote</span> <span class='ocrx_word' id='word_1_135' title='bbox 1275 1090 1347 1143; x_wconf 92' lang='lat' dir='ltr'>qui</span> <span class='ocrx_word' id='word_1_136' title='bbox 1379 1104 1425 1132; x_wconf 90' lang='lat' dir='ltr'>se</span> <span class='ocrx_word' id='word_1_137' title='bbox 1459 1091 1513 1132; x_wconf 89' lang='lat' dir='ltr'>ad</span> <span class='ocrx_word' id='word_1_138' title='bbox 1541 1091 1854 1133; x_wconf 81' lang='lat' dir='ltr'>immutabilem</span> <span class='ocrx_word' id='word_1_139' title='bbox 1877 1090 1998 1133; x_wconf 89' lang='lat' dir='ltr'>Chri-</span> 
     </span>
     <span class='ocr_line' id='line_1_16' title="bbox 219 1151 1999 1199; baseline 0.003 -6"><span class='ocrx_word' id='word_1_140' title='bbox 219 1151 390 1194; x_wconf 82' lang='lat' dir='ltr'>stianae</span> <span class='ocrx_word' id='word_1_141' title='bbox 430 1153 530 1194; x_wconf 87' lang='lat' dir='ltr'>fidei</span> <span class='ocrx_word' id='word_1_142' title='bbox 571 1153 785 1195; x_wconf 88' lang='lat' dir='ltr'>vnitatem</span> <span class='ocrx_word' id='word_1_143' title='bbox 828 1155 988 1196; x_wconf 76' lang='lat' dir='ltr'>semelg</span> <span class='ocrx_word' id='word_1_144' title='bbox 1030 1155 1221 1197; x_wconf 90' lang='lat' dir='ltr'>adscitos</span> <span class='ocrx_word' id='word_1_145' title='bbox 1263 1159 1308 1197; x_wconf 87' lang='lat' dir='ltr'>et</span> <span class='ocrx_word' id='word_1_146' title='bbox 1349 1155 1561 1197; x_wconf 88' lang='lat' dir='ltr'>admissos</span> <span class='ocrx_word' id='word_1_147' title='bbox 1594 1170 1689 1198; x_wconf 90' lang='lat' dir='ltr'>esse</span> <span class='ocrx_word' id='word_1_148' title='bbox 1721 1155 1999 1199; x_wconf 61' lang='lat' dir='ltr'>loetanturh‘?</span> 
     </span>
     <span class='ocr_line' id='line_1_17' title="bbox 219 1216 2000 1275; baseline 0.003 -17"><span class='ocrx_word' id='word_1_149' title='bbox 219 1216 405 1259; x_wconf 88' lang='lat' dir='ltr'>Proinde</span> <span class='ocrx_word' id='word_1_150' title='bbox 439 1221 487 1260; x_wconf 90' lang='lat' dir='ltr'>vt</span> <span class='ocrx_word' id='word_1_151' title='bbox 519 1218 585 1260; x_wconf 89' lang='lat' dir='ltr'>sei</span> <span class='ocrx_word' id='word_1_152' title='bbox 617 1232 849 1271; x_wconf 85' lang='lat' dir='ltr'>germanos</span> <span class='ocrx_word' id='word_1_153' title='bbox 882 1222 927 1261; x_wconf 91' lang='lat' dir='ltr'>et</span> <span class='ocrx_word' id='word_1_154' title='bbox 967 1220 1186 1273; x_wconf 90' lang='lat' dir='ltr'>legitimos</span> <span class='ocrx_word' id='word_1_155' title='bbox 1220 1220 1444 1263; x_wconf 81' lang='lat' dir='ltr'>Ecclesiae</span> <span class='ocrx_word' id='word_1_156' title='bbox 1487 1221 1603 1263; x_wconf 91' lang='lat' dir='ltr'>ciues</span> <span class='ocrx_word' id='word_1_157' title='bbox 1642 1224 1869 1275; x_wconf 81' lang='lat' dir='ltr'>praestare</span> <span class='ocrx_word' id='word_1_158' title='bbox 1901 1234 2000 1275; x_wconf 88' lang='lat' dir='ltr'>per-</span> 
     </span>
     <span class='ocr_line' id='line_1_18' title="bbox 218 1283 1999 1341; baseline 0.003 -18"><span class='ocrx_word' id='word_1_159' title='bbox 218 1285 339 1335; x_wconf 87' lang='lat' dir='ltr'>gant,</span> <span class='ocrx_word' id='word_1_160' title='bbox 354 1283 652 1337; x_wconf 87' lang='lat' dir='ltr'>Apostolicum</span> <span class='ocrx_word' id='word_1_161' title='bbox 675 1284 781 1325; x_wconf 91' lang='lat' dir='ltr'>illud</span> <span class='ocrx_word' id='word_1_162' title='bbox 804 1284 1075 1339; x_wconf 82' lang='lat' dir='ltr'>depositum2</span> <span class='ocrx_word' id='word_1_163' title='bbox 1098 1286 1314 1328; x_wconf 86' lang='lat' dir='ltr'>mordicus</span> <span class='ocrx_word' id='word_1_164' title='bbox 1337 1287 1540 1335; x_wconf 83' lang='lat' dir='ltr'>retinent,</span> <span class='ocrx_word' id='word_1_165' title='bbox 1565 1286 1679 1339; x_wconf 88' lang='lat' dir='ltr'>quod</span> <span class='ocrx_word' id='word_1_166' title='bbox 1702 1286 1829 1341; x_wconf 88' lang='lat' dir='ltr'>primi</span> <span class='ocrx_word' id='word_1_167' title='bbox 1851 1299 1999 1328; x_wconf 91' lang='lat' dir='ltr'>eorum</span> 
     </span>
     <span class='ocr_line' id='line_1_19' title="bbox 220 1342 2000 1404; baseline 0.002 -15"><span class='ocrx_word' id='word_1_168' title='bbox 220 1347 264 1389; x_wconf 92' lang='lat' dir='ltr'>in</span> <span class='ocrx_word' id='word_1_169' title='bbox 297 1348 470 1391; x_wconf 91' lang='lat' dir='ltr'>Christo</span> <span class='ocrx_word' id='word_1_170' title='bbox 505 1349 660 1391; x_wconf 86' lang='lat' dir='ltr'>Patres</span> <span class='ocrx_word' id='word_1_171' title='bbox 694 1353 738 1392; x_wconf 87' lang='lat' dir='ltr'>et</span> <span class='ocrx_word' id='word_1_172' title='bbox 759 1342 1001 1404; x_wconf 82' lang='lat' dir='ltr'>Apostolici</span> <span class='ocrx_word' id='word_1_173' title='bbox 1034 1350 1117 1392; x_wconf 87' lang='lat' dir='ltr'>viri</span> <span class='ocrx_word' id='word_1_174' title='bbox 1148 1351 1363 1394; x_wconf 79' lang='lat' dir='ltr'>iamindek</span> <span class='ocrx_word' id='word_1_175' title='bbox 1396 1352 1450 1393; x_wconf 85' lang='lat' dir='ltr'>ab</span> <span class='ocrx_word' id='word_1_176' title='bbox 1481 1351 1604 1393; x_wconf 88' lang='lat' dir='ltr'>initio</span> <span class='ocrx_word' id='word_1_177' title='bbox 1639 1351 1868 1394; x_wconf 82' lang='lat' dir='ltr'>Germanis</span> <span class='ocrx_word' id='word_1_178' title='bbox 1900 1365 2000 1393; x_wconf 91' lang='lat' dir='ltr'>con—</span> 
     </span>
     <span class='ocr_line' id='line_1_20' title="bbox 220 1413 2001 1470; baseline 0.002 -16"><span class='ocrx_word' id='word_1_179' title='bbox 220 1413 508 1465; x_wconf 85' lang='lat' dir='ltr'>crediderunt,</span> <span class='ocrx_word' id='word_1_180' title='bbox 543 1414 735 1468; x_wconf 88' lang='lat' dir='ltr'>ipsisque</span> <span class='ocrx_word' id='word_1_181' title='bbox 768 1415 905 1458; x_wconf 87' lang='lat' dir='ltr'>veluti</span> <span class='ocrx_word' id='word_1_182' title='bbox 937 1430 1016 1470; x_wconf 86' lang='lat' dir='ltr'>per</span> <span class='ocrx_word' id='word_1_183' title='bbox 1038 1430 1192 1458; x_wconf 89' lang='lat' dir='ltr'>manus</span> <span class='ocrx_word' id='word_1_184' title='bbox 1224 1417 1434 1458; x_wconf 85' lang='lat' dir='ltr'>traditum</span> <span class='ocrx_word' id='word_1_185' title='bbox 1467 1418 1779 1470; x_wconf 82' lang='lat' dir='ltr'>relinquerunt.</span> <span class='ocrx_word' id='word_1_186' title='bbox 1833 1416 1890 1458; x_wconf 91' lang='lat' dir='ltr'>Iis</span> <span class='ocrx_word' id='word_1_187' title='bbox 1923 1417 2001 1458; x_wconf 92' lang='lat' dir='ltr'>du-</span> 
     </span>
     <span class='ocr_line' id='line_1_21' title="bbox 221 1478 2003 1537; baseline 0.002 -17"><span class='ocrx_word' id='word_1_188' title='bbox 221 1478 353 1530; x_wconf 88' lang='lat' dir='ltr'>cibus,</span> <span class='ocrx_word' id='word_1_189' title='bbox 397 1479 450 1534; x_wconf 86' lang='lat' dir='ltr'>ijs</span> <span class='ocrx_word' id='word_1_190' title='bbox 483 1479 734 1534; x_wconf 85' lang='lat' dir='ltr'>pastoribus</span> <span class='ocrx_word' id='word_1_191' title='bbox 767 1480 1103 1535; x_wconf 88' lang='lat' dir='ltr'>doctoribusque</span> <span class='ocrx_word' id='word_1_192' title='bbox 1137 1482 1343 1533; x_wconf 90' lang='lat' dir='ltr'>contenti,</span> <span class='ocrx_word' id='word_1_193' title='bbox 1384 1482 1613 1537; x_wconf 88' lang='lat' dir='ltr'>Euangelij</span> <span class='ocrx_word' id='word_1_194' title='bbox 1647 1482 1749 1524; x_wconf 90' lang='lat' dir='ltr'>noui</span> <span class='ocrx_word' id='word_1_195' title='bbox 1780 1482 2003 1525; x_wconf 88' lang='lat' dir='ltr'>ministros</span> 
     </span>
     <span class='ocr_line' id='line_1_22' title="bbox 219 1544 2002 1602; baseline 0.002 -18"><span class='ocrx_word' id='word_1_196' title='bbox 219 1557 300 1585; x_wconf 92' lang='lat' dir='ltr'>nec</span> <span class='ocrx_word' id='word_1_197' title='bbox 332 1544 573 1597; x_wconf 82' lang='lat' dir='ltr'>requirunt,</span> <span class='ocrx_word' id='word_1_198' title='bbox 608 1559 687 1587; x_wconf 90' lang='lat' dir='ltr'>nec</span> <span class='ocrx_word' id='word_1_199' title='bbox 719 1546 920 1600; x_wconf 86' lang='lat' dir='ltr'>probant,</span> <span class='ocrx_word' id='word_1_200' title='bbox 964 1547 1040 1589; x_wconf 87' lang='lat' dir='ltr'>sed</span> <span class='ocrx_word' id='word_1_201' title='bbox 1073 1547 1116 1588; x_wconf 89' lang='lat' dir='ltr'>in</span> <span class='ocrx_word' id='word_1_202' title='bbox 1149 1547 1225 1589; x_wconf 89' lang='lat' dir='ltr'>illa</span> <span class='ocrx_word' id='word_1_203' title='bbox 1257 1547 1353 1601; x_wconf 85' lang='lat' dir='ltr'>puri</span> <span class='ocrx_word' id='word_1_204' title='bbox 1384 1547 1478 1602; x_wconf 89' lang='lat' dir='ltr'>puti</span> <span class='ocrx_word' id='word_1_205' title='bbox 1511 1547 1740 1602; x_wconf 86' lang='lat' dir='ltr'>Euangelij</span> <span class='ocrx_word' id='word_1_206' title='bbox 1775 1546 2002 1601; x_wconf 85' lang='lat' dir='ltr'>praedica-</span> 
     </span>
     <span class='ocr_line' id='line_1_23' title="bbox 219 1609 2000 1666; baseline 0.001 -14"><span class='ocrx_word' id='word_1_207' title='bbox 219 1609 338 1652; x_wconf 85' lang='lat' dir='ltr'>tione</span> <span class='ocrx_word' id='word_1_208' title='bbox 367 1610 663 1663; x_wconf 82' lang='lat' dir='ltr'>acquiescunt,</span> <span class='ocrx_word' id='word_1_209' title='bbox 699 1625 825 1664; x_wconf 89' lang='lat' dir='ltr'>quam</span> <span class='ocrx_word' id='word_1_210' title='bbox 860 1615 961 1666; x_wconf 88' lang='lat' dir='ltr'>post</span> <span class='ocrx_word' id='word_1_211' title='bbox 983 1612 1220 1666; x_wconf 84' lang='lat' dir='ltr'>Apostolos</span> <span class='ocrx_word' id='word_1_212' title='bbox 1248 1613 1526 1655; x_wconf 88' lang='lat' dir='ltr'>tradiderunt</span> <span class='ocrx_word' id='word_1_213' title='bbox 1547 1613 1717 1662; x_wconf 90' lang='lat' dir='ltr'>Lucius,</span> <span class='ocrx_word' id='word_1_214' title='bbox 1751 1612 2000 1666; x_wconf 87' lang='lat' dir='ltr'>Rupertus¹,</span> 
     </span>
     <span class='ocr_line' id='line_1_24' title="bbox 222 1674 2002 1733; baseline 0.002 -17"><span class='ocrx_word' id='word_1_215' title='bbox 222 1674 445 1727; x_wconf 83' lang='lat' dir='ltr'>Virgilius,</span> <span class='ocrx_word' id='word_1_216' title='bbox 481 1676 687 1727; x_wconf 86' lang='lat' dir='ltr'>Erardus,</span> <span class='ocrx_word' id='word_1_217' title='bbox 722 1677 1064 1730; x_wconf 69' lang='lat' dir='ltr'>Wolfgangusffl,</span> <span class='ocrx_word' id='word_1_218' title='bbox 1108 1678 1383 1727; x_wconf 90' lang='lat' dir='ltr'>Wilibaldus,</span> <span class='ocrx_word' id='word_1_219' title='bbox 1423 1678 1736 1720; x_wconf 86' lang='lat' dir='ltr'>Corbinianus3</span> <span class='ocrx_word' id='word_1_220' title='bbox 1768 1678 1927 1733; x_wconf 85' lang='lat' dir='ltr'>alijque</span> <span class='ocrx_word' id='word_1_221' title='bbox 1959 1677 2002 1719; x_wconf 89' lang='lat' dir='ltr'>id</span> 
     </span>
     <span class='ocr_line' id='line_1_25' title="bbox 221 1741 2002 1797; baseline 0.002 -16"><span class='ocrx_word' id='word_1_222' title='bbox 221 1754 359 1792; x_wconf 89' lang='lat' dir='ltr'>genus</span> <span class='ocrx_word' id='word_1_223' title='bbox 391 1741 688 1794; x_wconf 89' lang='lat' dir='ltr'>Euangelicae</span> <span class='ocrx_word' id='word_1_224' title='bbox 730 1742 856 1784; x_wconf 90' lang='lat' dir='ltr'>simul</span> <span class='ocrx_word' id='word_1_225' title='bbox 892 1746 936 1785; x_wconf 88' lang='lat' dir='ltr'>et</span> <span class='ocrx_word' id='word_1_226' title='bbox 969 1742 1219 1785; x_wconf 81' lang='lat' dir='ltr'>Catholicae</span> <span class='ocrx_word' id='word_1_227' title='bbox 1261 1743 1439 1797; x_wconf 88' lang='lat' dir='ltr'>pietatis</span> <span class='ocrx_word' id='word_1_228' title='bbox 1475 1746 1744 1785; x_wconf 85' lang='lat' dir='ltr'>assertoresn</span> <span class='ocrx_word' id='word_1_229' title='bbox 1778 1742 1891 1784; x_wconf 92' lang='lat' dir='ltr'>omni</span> <span class='ocrx_word' id='word_1_230' title='bbox 1925 1756 2002 1784; x_wconf 79' lang='lat' dir='ltr'>ex-</span> 
     </span>
     <span class='ocr_line' id='line_1_26' title="bbox 222 1805 2002 1863; baseline 0.002 -17"><span class='ocrx_word' id='word_1_231' title='bbox 222 1805 420 1859; x_wconf 89' lang='lat' dir='ltr'>ceptione</span> <span class='ocrx_word' id='word_1_232' title='bbox 462 1807 662 1858; x_wconf 71' lang='lat' dir='ltr'>maiooes,</span> <span class='ocrx_word' id='word_1_233' title='bbox 707 1808 792 1861; x_wconf 90' lang='lat' dir='ltr'>qui,</span> <span class='ocrx_word' id='word_1_234' title='bbox 837 1810 886 1850; x_wconf 90' lang='lat' dir='ltr'>vt</span> <span class='ocrx_word' id='word_1_235' title='bbox 917 1810 1014 1851; x_wconf 90' lang='lat' dir='ltr'>tota</span> <span class='ocrx_word' id='word_1_236' title='bbox 1047 1809 1273 1863; x_wconf 87' lang='lat' dir='ltr'>praedicat</span> <span class='ocrx_word' id='word_1_237' title='bbox 1305 1809 1516 1859; x_wconf 87' lang='lat' dir='ltr'>Ecclesia,</span> <span class='ocrx_word' id='word_1_238' title='bbox 1564 1808 1682 1851; x_wconf 84' lang='lat' dir='ltr'>vitae</span> <span class='ocrx_word' id='word_1_239' title='bbox 1714 1807 2002 1850; x_wconf 85' lang='lat' dir='ltr'>sanctimonia</span> 
     </span>
     <span class='ocr_line' id='line_1_27' title="bbox 221 1871 2003 1928; baseline 0.002 -16"><span class='ocrx_word' id='word_1_240' title='bbox 221 1884 306 1912; x_wconf 91' lang='lat' dir='ltr'>non</span> <span class='ocrx_word' id='word_1_241' title='bbox 340 1871 484 1913; x_wconf 88' lang='lat' dir='ltr'>minus</span> <span class='ocrx_word' id='word_1_242' title='bbox 518 1886 646 1925; x_wconf 88' lang='lat' dir='ltr'>quam</span> <span class='ocrx_word' id='word_1_243' title='bbox 671 1872 902 1927; x_wconf 88' lang='lat' dir='ltr'>Euangelij</span> <span class='ocrx_word' id='word_1_244' title='bbox 935 1880 1143 1927; x_wconf 86' lang='lat' dir='ltr'>syncere⁰</span> <span class='ocrx_word' id='word_1_245' title='bbox 1171 1874 1412 1928; x_wconf 81' lang='lat' dir='ltr'>praedicati</span> <span class='ocrx_word' id='word_1_246' title='bbox 1433 1888 1650 1924; x_wconf 86' lang='lat' dir='ltr'>successu,</span> <span class='ocrx_word' id='word_1_247' title='bbox 1683 1873 1936 1926; x_wconf 84' lang='lat' dir='ltr'>frequenter</span> <span class='ocrx_word' id='word_1_248' title='bbox 1957 1875 2003 1915; x_wconf 91' lang='lat' dir='ltr'>et</span> 
     </span>
     <span class='ocr_line' id='line_1_28' title="bbox 220 1935 2004 1994; baseline 0.001 -17"><span class='ocrx_word' id='word_1_249' title='bbox 220 1935 527 1978; x_wconf 86' lang='lat' dir='ltr'>miraculorum</span> <span class='ocrx_word' id='word_1_250' title='bbox 569 1937 711 1990; x_wconf 84' lang='lat' dir='ltr'>gloria</span> <span class='ocrx_word' id='word_1_251' title='bbox 753 1938 1067 1989; x_wconf 88' lang='lat' dir='ltr'>commendati,</span> <span class='ocrx_word' id='word_1_252' title='bbox 1109 1939 1196 1981; x_wconf 87' lang='lat' dir='ltr'>iam</span> <span class='ocrx_word' id='word_1_253' title='bbox 1238 1939 1339 1981; x_wconf 89' lang='lat' dir='ltr'>olim</span> <span class='ocrx_word' id='word_1_254' title='bbox 1382 1940 1495 1994; x_wconf 87' lang='lat' dir='ltr'>apud</span> <span class='ocrx_word' id='word_1_255' title='bbox 1536 1940 1734 1981; x_wconf 88' lang='lat' dir='ltr'>Bauaros</span> <span class='ocrx_word' id='word_1_256' title='bbox 1774 1938 2004 1992; x_wconf 87' lang='lat' dir='ltr'>insigniter</span> 
     </span>
     <span class='ocr_line' id='line_1_29' title="bbox 221 2001 2003 2059; baseline 0.001 -16"><span class='ocrx_word' id='word_1_257' title='bbox 221 2001 486 2046; x_wconf 89' lang='lat' dir='ltr'>claruerunt.</span> <span class='ocrx_word' id='word_1_258' title='bbox 540 2003 704 2045; x_wconf 85' lang='lat' dir='ltr'>Errant</span> <span class='ocrx_word' id='word_1_259' title='bbox 736 2017 842 2046; x_wconf 88' lang='lat' dir='ltr'>sane</span> <span class='ocrx_word' id='word_1_260' title='bbox 875 2004 948 2057; x_wconf 89' lang='lat' dir='ltr'>qui</span> <span class='ocrx_word' id='word_1_261' title='bbox 971 2007 1141 2057; x_wconf 86' lang='lat' dir='ltr'>putant,</span> <span class='ocrx_word' id='word_1_262' title='bbox 1175 2005 1373 2046; x_wconf 88' lang='lat' dir='ltr'>Bauaros</span> <span class='ocrx_word' id='word_1_263' title='bbox 1395 2005 1438 2046; x_wconf 91' lang='lat' dir='ltr'>in</span> <span class='ocrx_word' id='word_1_264' title='bbox 1461 2004 1726 2059; x_wconf 86' lang='lat' dir='ltr'>Apostolicis</span> <span class='ocrx_word' id='word_1_265' title='bbox 1747 2003 1888 2046; x_wconf 88' lang='lat' dir='ltr'>literis</span> <span class='ocrx_word' id='word_1_266' title='bbox 1910 2006 2003 2046; x_wconf 87' lang='lat' dir='ltr'>tam</span> 
     </span>
     <span class='ocr_line' id='line_1_30' title="bbox 220 2066 2002 2124; baseline 0.002 -17"><span class='ocrx_word' id='word_1_267' title='bbox 220 2066 509 2109; x_wconf 79' lang='lat' dir='ltr'>infoeliciterp</span> <span class='ocrx_word' id='word_1_268' title='bbox 552 2081 649 2110; x_wconf 90' lang='lat' dir='ltr'>esse</span> <span class='ocrx_word' id='word_1_269' title='bbox 682 2072 896 2119; x_wconf 88' lang='lat' dir='ltr'>versatos,</span> <span class='ocrx_word' id='word_1_270' title='bbox 931 2072 980 2111; x_wconf 90' lang='lat' dir='ltr'>vt</span> <span class='ocrx_word' id='word_1_271' title='bbox 1012 2069 1210 2112; x_wconf 87' lang='lat' dir='ltr'>nesciant</span> <span class='ocrx_word' id='word_1_272' title='bbox 1242 2070 1297 2112; x_wconf 89' lang='lat' dir='ltr'>ad</span> <span class='ocrx_word' id='word_1_273' title='bbox 1330 2084 1377 2111; x_wconf 90' lang='lat' dir='ltr'>se</span> <span class='ocrx_word' id='word_1_274' title='bbox 1410 2084 1580 2123; x_wconf 87' lang='lat' dir='ltr'>quoque</span> <span class='ocrx_word' id='word_1_275' title='bbox 1612 2069 1845 2124; x_wconf 88' lang='lat' dir='ltr'>pertinere,</span> <span class='ocrx_word' id='word_1_276' title='bbox 1889 2067 2002 2122; x_wconf 91' lang='lat' dir='ltr'>quod</span> 
     </span>
     <span class='ocr_line' id='line_1_31' title="bbox 220 2132 2002 2187; baseline 0.001 -14"><span class='ocrx_word' id='word_1_277' title='bbox 220 2132 469 2185; x_wconf 90' lang='lat' dir='ltr'>gentium</span> <span class='ocrx_word' id='word_1_278' title='bbox 503 2134 713 2176; x_wconf 89' lang='lat' dir='ltr'>Doctor</span> <span class='ocrx_word' id='word_1_279' title='bbox 750 2133 801 2175; x_wconf 91' lang='lat' dir='ltr'>in</span> <span class='ocrx_word' id='word_1_280' title='bbox 841 2134 957 2176; x_wconf 88' lang='lat' dir='ltr'>fide</span> <span class='ocrx_word' id='word_1_281' title='bbox 999 2136 1050 2176; x_wconf 90' lang='lat' dir='ltr'>et</span> <span class='ocrx_word' id='word_1_282' title='bbox 1091 2135 1371 2177; x_wconf 64' lang='lat' dir='ltr'>veritate*</span> <span class='ocrx_word' id='word_1_283' title='bbox 1405 2135 1564 2177; x_wconf 85' lang='lat' dir='ltr'>Paulus</span> <span class='ocrx_word' id='word_1_284' title='bbox 1602 2137 1691 2176; x_wconf 89' lang='lat' dir='ltr'>tam</span> <span class='ocrx_word' id='word_1_285' title='bbox 1726 2134 1839 2176; x_wconf 92' lang='lat' dir='ltr'>serio</span> <span class='ocrx_word' id='word_1_286' title='bbox 1873 2147 2002 2187; x_wconf 85' lang='lat' dir='ltr'>quam</span> 
     </span>
     <span class='ocr_line' id='line_1_32' title="bbox 220 2198 2002 2254; baseline 0.001 -16"><span class='ocrx_word' id='word_1_287' title='bbox 220 2198 468 2240; x_wconf 89' lang='lat' dir='ltr'>necessario</span> <span class='ocrx_word' id='word_1_288' title='bbox 502 2198 674 2241; x_wconf 79' lang='lat' dir='ltr'>sanxit:</span> <span class='ocrx_word' id='word_1_289' title='bbox 717 2199 775 2241; x_wconf 92' lang='lat' dir='ltr'>SI</span> <span class='ocrx_word' id='word_1_290' title='bbox 808 2199 958 2249; x_wconf 84' lang='lat' dir='ltr'><strong>QVIS</strong></span> <span class='ocrx_word' id='word_1_291' title='bbox 991 2200 1148 2242; x_wconf 89' lang='lat' dir='ltr'>vobis</span> <span class='ocrx_word' id='word_1_292' title='bbox 1183 2200 1675 2253; x_wconf 85' lang='lat' dir='ltr'>euangelizauerit</span> <span class='ocrx_word' id='word_1_293' title='bbox 1706 2202 1919 2254; x_wconf 87' lang='lat' dir='ltr'>praeter</span> <span class='ocrx_word' id='word_1_294' title='bbox 1953 2198 2002 2240; x_wconf 89' lang='lat' dir='ltr'>id</span> 
     </span>
    </p>
   </div>
   <div class='ocr_carea' id='block_1_3' title="bbox 219 2290 2004 2658">
    <p class='ocr_par' dir='ltr' id='par_1_3' title="bbox 219 2290 2004 2658">
     <span class='ocr_line' id='line_1_33' title="bbox 340 2290 2003 2326; baseline 0.001 -12"><span class='ocrx_word' id='word_1_295' title='bbox 340 2292 366 2317; x_wconf 52' lang='lat' dir='ltr'>a}</span> <span class='ocrx_word' id='word_1_296' title='bbox 391 2291 426 2315; x_wconf 79' lang='lat' dir='ltr'>In</span> <span class='ocrx_word' id='word_1_297' title='bbox 448 2291 473 2315; x_wconf 84' lang='lat' dir='ltr'><em>B</em></span> <span class='ocrx_word' id='word_1_298' title='bbox 494 2292 563 2316; x_wconf 59' lang='lat' dir='ltr'>Fan.</span> <span class='ocrx_word' id='word_1_299' title='bbox 584 2299 621 2316; x_wconf 60' lang='lat' dir='ltr'>ew</span> <span class='ocrx_word' id='word_1_300' title='bbox 647 2291 677 2317; x_wconf 86' lang='lat' dir='ltr'>et</span> <span class='ocrx_word' id='word_1_301' title='bbox 697 2291 829 2322; x_wconf 87' lang='lat' dir='ltr'>nomine,</span> <span class='ocrx_word' id='word_1_302' title='bbox 856 2292 888 2317; x_wconf 83' lang='lat' dir='ltr'>et</span> <span class='ocrx_word' id='word_1_303' title='bbox 913 2291 1014 2318; x_wconf 81' lang='lat' dir='ltr'>officio</span> <span class='ocrx_word' id='word_1_304' title='bbox 1041 2292 1183 2318; x_wconf 77' lang='lat' dir='ltr'>catholici</span> <span class='ocrx_word' id='word_1_305' title='bbox 1204 2293 1317 2319; x_wconf 87' lang='lat' dir='ltr'>Banari</span> <span class='ocrx_word' id='word_1_306' title='bbox 1343 2300 1398 2326; x_wconf 84' lang='lat' dir='ltr'>per</span> <span class='ocrx_word' id='word_1_307' title='bbox 1418 2293 1532 2319; x_wconf 83' lang='lat' dir='ltr'>Christi</span> <span class='ocrx_word' id='word_1_308' title='bbox 1556 2292 1686 2324; x_wconf 80' lang='lat' dir='ltr'>gratiam</span> <span class='ocrx_word' id='word_1_309' title='bbox 1714 2290 1917 2325; x_wconf 81' lang='lat' dir='ltr'>perseuerant</span> <span class='ocrx_word' id='word_1_310' title='bbox 1942 2299 2003 2316; x_wconf 82' lang='lat' dir='ltr'>cor-</span> 
     </span>
     <span class='ocr_line' id='line_1_34' title="bbox 220 2331 2004 2368; baseline 0.002 -13"><span class='ocrx_word' id='word_1_311' title='bbox 220 2332 315 2356; x_wconf 62' lang='lat' dir='ltr'>reoeit:</span> <span class='ocrx_word' id='word_1_312' title='bbox 343 2331 454 2357; x_wconf 85' lang='lat' dir='ltr'>Bauari</span> <span class='ocrx_word' id='word_1_313' title='bbox 480 2332 511 2357; x_wconf 84' lang='lat' dir='ltr'>et</span> <span class='ocrx_word' id='word_1_314' title='bbox 538 2333 671 2363; x_wconf 81' lang='lat' dir='ltr'>nomine,</span> <span class='ocrx_word' id='word_1_315' title='bbox 697 2333 729 2358; x_wconf 84' lang='lat' dir='ltr'>et</span> <span class='ocrx_word' id='word_1_316' title='bbox 755 2333 854 2359; x_wconf 84' lang='lat' dir='ltr'>officio</span> <span class='ocrx_word' id='word_1_317' title='bbox 882 2334 1024 2360; x_wconf 87' lang='lat' dir='ltr'>catholici</span> <span class='ocrx_word' id='word_1_318' title='bbox 1049 2334 1148 2366; x_wconf 76' lang='lat' dir='ltr'>gratia</span> <span class='ocrx_word' id='word_1_319' title='bbox 1176 2335 1291 2360; x_wconf 90' lang='lat' dir='ltr'>domini</span> <span class='ocrx_word' id='word_1_320' title='bbox 1319 2338 1528 2368; x_wconf 84' lang='lat' dir='ltr'>perseuerant.</span> <span class='ocrx_word' id='word_1_321' title='bbox 1621 2333 1650 2358; x_wconf 67' lang='lat' dir='ltr'>bl</span> <span class='ocrx_word' id='word_1_322' title='bbox 1672 2336 1715 2360; x_wconf 90' lang='lat' dir='ltr'>B:</span> <span class='ocrx_word' id='word_1_323' title='bbox 1743 2334 1824 2365; x_wconf 82' lang='lat' dir='ltr'>Quae</span> <span class='ocrx_word' id='word_1_324' title='bbox 1843 2333 2004 2366; x_wconf 76' lang='lat' dir='ltr'>praeterea</span> 
     </span>
     <span class='ocr_line' id='line_1_35' title="bbox 219 2372 2003 2408; baseline 0.002 -11"><span class='ocrx_word' id='word_1_325' title='bbox 219 2373 380 2405; x_wconf 86' lang='lat' dir='ltr'>imperium</span> <span class='ocrx_word' id='word_1_326' title='bbox 401 2372 615 2399; x_wconf 84' lang='lat' dir='ltr'>Germanicum</span> <span class='ocrx_word' id='word_1_327' title='bbox 642 2374 685 2399; x_wconf 83' lang='lat' dir='ltr'>ita</span> <span class='ocrx_word' id='word_1_328' title='bbox 704 2375 817 2400; x_wconf 84' lang='lat' dir='ltr'>misere</span> <span class='ocrx_word' id='word_1_329' title='bbox 838 2374 1060 2405; x_wconf 83' lang='lat' dir='ltr'>distraxerunt,</span> <span class='ocrx_word' id='word_1_330' title='bbox 1087 2377 1117 2402; x_wconf 82' lang='lat' dir='ltr'>et</span> <span class='ocrx_word' id='word_1_331' title='bbox 1138 2377 1168 2402; x_wconf 92' lang='lat' dir='ltr'>in</span> <span class='ocrx_word' id='word_1_332' title='bbox 1190 2377 1245 2402; x_wconf 78' lang='lat' dir='ltr'>lias</span> <span class='ocrx_word' id='word_1_333' title='bbox 1266 2377 1432 2406; x_wconf 80' lang='lat' dir='ltr'>extremas,</span> <span class='ocrx_word' id='word_1_334' title='bbox 1459 2380 1536 2408; x_wconf 81' lang='lat' dir='ltr'>quas</span> <span class='ocrx_word' id='word_1_335' title='bbox 1562 2376 1725 2407; x_wconf 83' lang='lat' dir='ltr'>cernimus,</span> <span class='ocrx_word' id='word_1_336' title='bbox 1752 2376 1912 2407; x_wconf 74' lang='lat' dir='ltr'>angustias</span> <span class='ocrx_word' id='word_1_337' title='bbox 1933 2381 2003 2400; x_wconf 89' lang='lat' dir='ltr'>cou-</span> 
     </span>
     <span class='ocr_line' id='line_1_36' title="bbox 219 2414 2004 2450; baseline 0.001 -10"><span class='ocrx_word' id='word_1_338' title='bbox 219 2415 331 2440; x_wconf 58' lang='lat' dir='ltr'>ieMJUm</span> <span class='ocrx_word' id='word_1_339' title='bbox 359 2414 573 2447; x_wconf 79' lang='lat' dir='ltr'>reliquerunt,·</span> <span class='ocrx_word' id='word_1_340' title='bbox 598 2425 672 2447; x_wconf 70' lang='lat' dir='ltr'>(June</span> <span class='ocrx_word' id='word_1_341' title='bbox 698 2418 755 2441; x_wconf 77' lang='lat' dir='ltr'>(luo</span> <span class='ocrx_word' id='word_1_342' title='bbox 782 2418 888 2442; x_wconf 77' lang='lat' dir='ltr'>ultima</span> <span class='ocrx_word' id='word_1_343' title='bbox 911 2426 952 2443; x_wconf 68' lang='lat' dir='ltr'>vv.</span> <span class='ocrx_word' id='word_1_344' title='bbox 972 2426 988 2442; x_wconf 78' lang='lat' dir='ltr'>a</span> <span class='ocrx_word' id='word_1_345' title='bbox 1015 2420 1043 2443; x_wconf 79' lang='lat' dir='ltr'>C.</span> <span class='ocrx_word' id='word_1_346' title='bbox 1068 2419 1132 2450; x_wconf 67' lang='lat' dir='ltr'>ipso</span> <span class='ocrx_word' id='word_1_347' title='bbox 1154 2420 1254 2450; x_wconf 76' lang='lat' dir='ltr'>positu</span> <span class='ocrx_word' id='word_1_348' title='bbox 1280 2422 1348 2443; x_wconf 71' lang='lat' dir='ltr'>sunt</span> <span class='ocrx_word' id='word_1_349' title='bbox 1369 2427 1428 2450; x_wconf 68' lang='lat' dir='ltr'>pro</span> <span class='ocrx_word' id='word_1_350' title='bbox 1454 2417 1659 2449; x_wconf 79' lang='lat' dir='ltr'>deduxerunt,</span> <span class='ocrx_word' id='word_1_351' title='bbox 1684 2418 1758 2449; x_wconf 72' lang='lat' dir='ltr'>quod</span> <span class='ocrx_word' id='word_1_352' title='bbox 1781 2418 1913 2449; x_wconf 72' lang='lat' dir='ltr'>primum</span> <span class='ocrx_word' id='word_1_353' title='bbox 1940 2420 2004 2442; x_wconf 78' lang='lat' dir='ltr'>erat</span> 
     </span>
     <span class='ocr_line' id='line_1_37' title="bbox 219 2457 2004 2492; baseline 0.001 -11"><span class='ocrx_word' id='word_1_354' title='bbox 219 2457 370 2488; x_wconf 68' lang='lat' dir='ltr'>scriptum.</span> <span class='ocrx_word' id='word_1_355' title='bbox 477 2458 503 2488; x_wconf 89' lang='lat' dir='ltr'>c)</span> <span class='ocrx_word' id='word_1_356' title='bbox 530 2459 564 2483; x_wconf 78' lang='grc' dir='ltr'>1η</span> <span class='ocrx_word' id='word_1_357' title='bbox 591 2460 617 2483; x_wconf 79' lang='lat' dir='ltr'><em>R</em></span> <span class='ocrx_word' id='word_1_358' title='bbox 639 2460 707 2483; x_wconf 73' lang='lat' dir='ltr'>Can.</span> <span class='ocrx_word' id='word_1_359' title='bbox 728 2460 770 2483; x_wconf 82' lang='lat' dir='ltr'>sic</span> <span class='ocrx_word' id='word_1_360' title='bbox 796 2460 924 2484; x_wconf 55' lang='lat' dir='ltr'>coi-remit</span> <span class='ocrx_word' id='word_1_361' title='bbox 945 2468 981 2484; x_wconf 78' lang='lat' dir='ltr'>esc</span> <span class='ocrx_word' id='word_1_362' title='bbox 1001 2458 1064 2490; x_wconf 83' lang='lat' dir='ltr'>Quo</span> <span class='ocrx_word' id='word_1_363' title='bbox 1086 2460 1197 2485; x_wconf 81' lang='lat' dir='ltr'>rectius</span> <span class='ocrx_word' id='word_1_364' title='bbox 1219 2460 1351 2492; x_wconf 87' lang='lat' dir='ltr'>quidem.</span> <span class='ocrx_word' id='word_1_365' title='bbox 1448 2459 1478 2491; x_wconf 88' lang='lat' dir='ltr'>d)</span> <span class='ocrx_word' id='word_1_366' title='bbox 1499 2461 1533 2484; x_wconf 81' lang='lat' dir='ltr'>In</span> <span class='ocrx_word' id='word_1_367' title='bbox 1561 2461 1587 2485; x_wconf 87' lang='lat' dir='ltr'><em>B</em></span> <span class='ocrx_word' id='word_1_368' title='bbox 1610 2468 1626 2484; x_wconf 86' lang='grc' dir='ltr'>(ι</span> <span class='ocrx_word' id='word_1_369' title='bbox 1651 2462 1721 2485; x_wconf 78' lang='lat' dir='ltr'>Can.</span> <span class='ocrx_word' id='word_1_370' title='bbox 1744 2468 1818 2484; x_wconf 72' lang='lat' dir='ltr'>corr.</span> <span class='ocrx_word' id='word_1_371' title='bbox 1845 2467 1882 2484; x_wconf 64' lang='lat' dir='ltr'>ez·</span> <span class='ocrx_word' id='word_1_372' title='bbox 1907 2457 2004 2484; x_wconf 78' lang='lat' dir='ltr'>ruina.</span> 
     </span>
     <span class='ocr_line' id='line_1_38' title="bbox 219 2498 2004 2533; baseline 0.001 -11"><span class='ocrx_word' id='word_1_373' title='bbox 219 2498 247 2527; x_wconf 86' lang='lat' dir='ltr'>e)</span> <span class='ocrx_word' id='word_1_374' title='bbox 269 2499 305 2522; x_wconf 79' lang='grc' dir='ltr'>1η</span> <span class='ocrx_word' id='word_1_375' title='bbox 325 2499 350 2523; x_wconf 87' lang='lat' dir='ltr'><em>B</em></span> <span class='ocrx_word' id='word_1_376' title='bbox 370 2500 387 2523; x_wconf 77' lang='lat'><em>2</em></span> <span class='ocrx_word' id='word_1_377' title='bbox 407 2506 450 2523; x_wconf 68' lang='lat' dir='ltr'>vv.</span> <span class='ocrx_word' id='word_1_378' title='bbox 471 2507 529 2530; x_wconf 69' lang='lat' dir='ltr'>sqq.</span> <span class='ocrx_word' id='word_1_379' title='bbox 551 2507 568 2523; x_wconf 76' lang='lat' dir='ltr'>a</span> <span class='ocrx_word' id='word_1_380' title='bbox 591 2502 661 2524; x_wconf 62' lang='lat' dir='ltr'>(Ym.</span> <span class='ocrx_word' id='word_1_381' title='bbox 683 2501 746 2531; x_wconf 76' lang='lat' dir='ltr'>ipso</span> <span class='ocrx_word' id='word_1_382' title='bbox 766 2501 871 2525; x_wconf 77' lang='lat' dir='ltr'>addita</span> <span class='ocrx_word' id='word_1_383' title='bbox 891 2504 969 2526; x_wconf 69' lang='lat' dir='ltr'>sunt.</span> <span class='ocrx_word' id='word_1_384' title='bbox 1055 2500 1079 2532; x_wconf 84' lang='lat' dir='ltr'>s)</span> <span class='ocrx_word' id='word_1_385' title='bbox 1101 2500 1258 2526; x_wconf 71' lang='lat' dir='ltr'>doctrinae</span> <span class='ocrx_word' id='word_1_386' title='bbox 1279 2503 1314 2527; x_wconf 81' lang='lat' dir='ltr'>B.</span> <span class='ocrx_word' id='word_1_387' title='bbox 1390 2502 1420 2532; x_wconf 76' lang='lat' dir='ltr'>g)</span> <span class='ocrx_word' id='word_1_388' title='bbox 1442 2502 1475 2526; x_wconf 82' lang='lat' dir='ltr'>In</span> <span class='ocrx_word' id='word_1_389' title='bbox 1497 2502 1524 2526; x_wconf 87' lang='lat' dir='ltr'><em>B</em></span> <span class='ocrx_word' id='word_1_390' title='bbox 1546 2509 1587 2525; x_wconf 75' lang='grc' dir='ltr'><em>ι·ι’.</em></span> <span class='ocrx_word' id='word_1_391' title='bbox 1607 2500 1716 2533; x_wconf 79' lang='lat' dir='ltr'>utpote</span> <span class='ocrx_word' id='word_1_392' title='bbox 1735 2504 1761 2525; x_wconf 75' lang='lat' dir='ltr'>ec</span> <span class='ocrx_word' id='word_1_393' title='bbox 1782 2499 2004 2525; x_wconf 79' lang='lat' dir='ltr'>immutabilem</span> 
     </span>
     <span class='ocr_line' id='line_1_39' title="bbox 220 2539 2004 2573; baseline 0.001 -10"><span class='ocrx_word' id='word_1_394' title='bbox 220 2543 246 2563; x_wconf 79' lang='lat' dir='ltr'>er</span> <span class='ocrx_word' id='word_1_395' title='bbox 266 2539 362 2564; x_wconf 76' lang='lat' dir='ltr'>semel</span> <span class='ocrx_word' id='word_1_396' title='bbox 382 2548 400 2564; x_wconf 83' lang='grc' dir='ltr'>(ι</span> <span class='ocrx_word' id='word_1_397' title='bbox 422 2542 493 2565; x_wconf 76' lang='lat' dir='ltr'>Can.</span> <span class='ocrx_word' id='word_1_398' title='bbox 515 2541 577 2571; x_wconf 71' lang='lat' dir='ltr'>ipso</span> <span class='ocrx_word' id='word_1_399' title='bbox 597 2542 702 2565; x_wconf 75' lang='lat' dir='ltr'>addita</span> <span class='ocrx_word' id='word_1_400' title='bbox 723 2545 801 2567; x_wconf 71' lang='lat' dir='ltr'>sunt.</span> <span class='ocrx_word' id='word_1_401' title='bbox 893 2541 925 2571; x_wconf 86' lang='lat' dir='ltr'>h)</span> <span class='ocrx_word' id='word_1_402' title='bbox 947 2543 980 2567; x_wconf 78' lang='lat' dir='ltr'>In</span> <span class='ocrx_word' id='word_1_403' title='bbox 1002 2543 1028 2567; x_wconf 90' lang='lat' dir='ltr'><em>B</em></span> <span class='ocrx_word' id='word_1_404' title='bbox 1048 2551 1064 2567; x_wconf 76' lang='lat' dir='ltr'>a</span> <span class='ocrx_word' id='word_1_405' title='bbox 1087 2544 1157 2568; x_wconf 71' lang='lat' dir='ltr'>Can.</span> <span class='ocrx_word' id='word_1_406' title='bbox 1186 2551 1260 2567; x_wconf 71' lang='lat' dir='ltr'>corr.</span> <span class='ocrx_word' id='word_1_407' title='bbox 1282 2551 1318 2568; x_wconf 61' lang='lat' dir='ltr'>es:</span> <span class='ocrx_word' id='word_1_408' title='bbox 1338 2543 1461 2568; x_wconf 77' lang='lat' dir='ltr'>norunt.</span> <span class='ocrx_word' id='word_1_409' title='bbox 1554 2542 1574 2572; x_wconf 84' lang='lat' dir='ltr'>i)</span> <span class='ocrx_word' id='word_1_410' title='bbox 1597 2543 1629 2567; x_wconf 84' lang='lat' dir='ltr'>In</span> <span class='ocrx_word' id='word_1_411' title='bbox 1652 2544 1677 2567; x_wconf 84' lang='lat' dir='ltr'><em>R</em></span> <span class='ocrx_word' id='word_1_412' title='bbox 1697 2542 1748 2566; x_wconf 79' lang='lat' dir='ltr'>hm·</span> <span class='ocrx_word' id='word_1_413' title='bbox 1768 2550 1791 2566; x_wconf 74' lang='lat' dir='ltr'>v.</span> <span class='ocrx_word' id='word_1_414' title='bbox 1811 2550 1828 2566; x_wconf 78' lang='lat' dir='ltr'>a</span> <span class='ocrx_word' id='word_1_415' title='bbox 1850 2543 1920 2567; x_wconf 80' lang='lat' dir='ltr'>Can.</span> <span class='ocrx_word' id='word_1_416' title='bbox 1940 2542 2004 2573; x_wconf 73' lang='lat' dir='ltr'>ipso</span> 
     </span>
     <span class='ocr_line' id='line_1_40' title="bbox 219 2581 2003 2614; baseline 0.002 -11"><span class='ocrx_word' id='word_1_417' title='bbox 219 2581 354 2605; x_wconf 62' lang='lat' dir='ltr'>«nlilitum</span> <span class='ocrx_word' id='word_1_418' title='bbox 375 2584 424 2606; x_wconf 75' lang='lat' dir='ltr'>est.</span> <span class='ocrx_word' id='word_1_419' title='bbox 500 2581 532 2613; x_wconf 84' lang='lat' dir='ltr'>k)</span> <span class='ocrx_word' id='word_1_420' title='bbox 555 2583 588 2606; x_wconf 77' lang='lat' dir='ltr'>In</span> <span class='ocrx_word' id='word_1_421' title='bbox 611 2583 636 2607; x_wconf 86' lang='lat' dir='ltr'><em>B</em></span> <span class='ocrx_word' id='word_1_422' title='bbox 650 2590 658 2605; x_wconf 88' lang='lat'><em>:</em></span> <span class='ocrx_word' id='word_1_423' title='bbox 678 2589 737 2607; x_wconf 84' lang='lat' dir='ltr'>iam</span> <span class='ocrx_word' id='word_1_424' title='bbox 758 2582 843 2612; x_wconf 74' lang='lat' dir='ltr'>inde:</span> <span class='ocrx_word' id='word_1_425' title='bbox 864 2582 923 2608; x_wconf 86' lang='lat' dir='ltr'>iam</span> <span class='ocrx_word' id='word_1_426' title='bbox 943 2592 961 2608; x_wconf 85' lang='grc' dir='ltr'><em>α</em></span> <span class='ocrx_word' id='word_1_427' title='bbox 982 2586 1051 2608; x_wconf 72' lang='lat' dir='ltr'>Can.</span> <span class='ocrx_word' id='word_1_428' title='bbox 1073 2584 1207 2608; x_wconf 76' lang='lat' dir='ltr'>additum</span> <span class='ocrx_word' id='word_1_429' title='bbox 1229 2588 1279 2609; x_wconf 76' lang='lat' dir='ltr'>est.</span> <span class='ocrx_word' id='word_1_430' title='bbox 1355 2583 1373 2614; x_wconf 76' lang='grc'>1)</span> <span class='ocrx_word' id='word_1_431' title='bbox 1396 2583 1552 2610; x_wconf 79' lang='lat' dir='ltr'>Rubertus</span> <span class='ocrx_word' id='word_1_432' title='bbox 1572 2585 1606 2608; x_wconf 91' lang='lat' dir='ltr'>B.</span> <span class='ocrx_word' id='word_1_433' title='bbox 1675 2583 1716 2614; x_wconf 90' lang='lat' dir='ltr'>m)</span> <span class='ocrx_word' id='word_1_434' title='bbox 1742 2581 1953 2613; x_wconf 49' lang='lat' dir='ltr'>§Volffgangus</span> <span class='ocrx_word' id='word_1_435' title='bbox 1974 2584 2003 2607; x_wconf 72' lang='lat' dir='ltr'>C.</span> 
     </span>
     <span class='ocr_line' id='line_1_41' title="bbox 220 2623 2003 2658; baseline 0.002 -12"><span class='ocrx_word' id='word_1_436' title='bbox 220 2624 250 2651; x_wconf 88' lang='lat' dir='ltr'>n)</span> <span class='ocrx_word' id='word_1_437' title='bbox 273 2623 308 2646; x_wconf 84' lang='lat' dir='ltr'>In</span> <span class='ocrx_word' id='word_1_438' title='bbox 328 2623 354 2647; x_wconf 84' lang='lat' dir='ltr'><em>B</em></span> <span class='ocrx_word' id='word_1_439' title='bbox 376 2626 445 2647; x_wconf 61' lang='lat' dir='ltr'>(jan.</span> <span class='ocrx_word' id='word_1_440' title='bbox 466 2624 509 2647; x_wconf 76' lang='lat' dir='ltr'>sic</span> <span class='ocrx_word' id='word_1_441' title='bbox 528 2624 657 2648; x_wconf 59' lang='lat' dir='ltr'>core-emit</span> <span class='ocrx_word' id='word_1_442' title='bbox 678 2632 714 2648; x_wconf 55' lang='lat' dir='ltr'>ex</span> <span class='ocrx_word' id='word_1_443' title='bbox 735 2623 904 2650; x_wconf 81' lang='lat' dir='ltr'>catholicae</span> <span class='ocrx_word' id='word_1_444' title='bbox 924 2624 1083 2650; x_wconf 81' lang='lat' dir='ltr'>doctrinae</span> <span class='ocrx_word' id='word_1_445' title='bbox 1102 2625 1307 2658; x_wconf 77' lang='lat' dir='ltr'>professores.</span> <span class='ocrx_word' id='word_1_446' title='bbox 1418 2628 1448 2657; x_wconf 86' lang='grc' dir='ltr'>ο)</span> <span class='ocrx_word' id='word_1_447' title='bbox 1469 2625 1587 2650; x_wconf 83' lang='lat' dir='ltr'>sincere</span> <span class='ocrx_word' id='word_1_448' title='bbox 1609 2626 1637 2650; x_wconf 77' lang='lat' dir='ltr'>C.</span> <span class='ocrx_word' id='word_1_449' title='bbox 1737 2625 1767 2657; x_wconf 87' lang='lat' dir='ltr'>p)</span> <span class='ocrx_word' id='word_1_450' title='bbox 1788 2623 1954 2649; x_wconf 77' lang='lat' dir='ltr'>infeliciter</span> <span class='ocrx_word' id='word_1_451' title='bbox 1974 2626 2003 2649; x_wconf 77' lang='lat' dir='ltr'>C.</span> 
     </span>
    </p>
   </div>
   <div class='ocr_carea' id='block_1_4' title="bbox 220 2747 2005 3166">
    <p class='ocr_par' dir='ltr' id='par_1_4' title="bbox 345 2747 1584 2791">
     <span class='ocr_line' id='line_1_42' title="bbox 345 2747 1584 2791; baseline 0.002 -10"><span class='ocrx_word' id='word_1_452' title='bbox 345 2748 353 2766; x_wconf 88' lang='lat'>¹</span> <span class='ocrx_word' id='word_1_453' title='bbox 382 2747 436 2782; x_wconf 86' lang='lat' dir='ltr'>Cf.</span> <span class='ocrx_word' id='word_1_454' title='bbox 457 2747 526 2782; x_wconf 85' lang='lat' dir='ltr'>Gal</span> <span class='ocrx_word' id='word_1_455' title='bbox 556 2750 586 2789; x_wconf 83' lang='lat'>1,</span> <span class='ocrx_word' id='word_1_456' title='bbox 614 2750 743 2784; x_wconf 81' lang='lat'><strong>6—12.</strong></span> <span class='ocrx_word' id='word_1_457' title='bbox 891 2750 904 2770; x_wconf 78' lang='lat'>²</span> <span class='ocrx_word' id='word_1_458' title='bbox 931 2750 1023 2785; x_wconf 83' lang='lat' dir='ltr'>Of.1</span> <span class='ocrx_word' id='word_1_459' title='bbox 1053 2749 1132 2783; x_wconf 90' lang='lat' dir='ltr'>Tim</span> <span class='ocrx_word' id='word_1_460' title='bbox 1160 2751 1192 2786; x_wconf 85' lang='lat'>6.</span> <span class='ocrx_word' id='word_1_461' title='bbox 1219 2749 1286 2785; x_wconf 85' lang='lat'>20:</span> <span class='ocrx_word' id='word_1_462' title='bbox 1314 2750 1335 2784; x_wconf 82' lang='lat'>2</span> <span class='ocrx_word' id='word_1_463' title='bbox 1362 2749 1440 2783; x_wconf 87' lang='lat' dir='ltr'>Tim</span> <span class='ocrx_word' id='word_1_464' title='bbox 1472 2750 1501 2791; x_wconf 87' lang='lat'>1,</span> <span class='ocrx_word' id='word_1_465' title='bbox 1530 2750 1584 2783; x_wconf 90' lang='lat'>14.</span> 
     </span>
    </p>

    <p class='ocr_par' dir='ltr' id='par_1_5' title="bbox 220 2800 2005 3166">
     <span class='ocr_line' id='line_1_43' title="bbox 342 2800 2005 2849; baseline -0.001 -14"><span class='ocrx_word' id='word_1_466' title='bbox 342 2801 354 2820; x_wconf 79' lang='lat'><strong>³</strong></span> <span class='ocrx_word' id='word_1_467' title='bbox 380 2800 433 2835; x_wconf 83' lang='lat' dir='ltr'>De</span> <span class='ocrx_word' id='word_1_468' title='bbox 452 2801 486 2836; x_wconf 88' lang='lat' dir='ltr'>S.</span> <span class='ocrx_word' id='word_1_469' title='bbox 499 2802 608 2836; x_wconf 89' lang='lat' dir='ltr'>Lucio</span> <span class='ocrx_word' id='word_1_470' title='bbox 629 2803 804 2838; x_wconf 80' lang='lat' dir='ltr'>Raethiae</span> <span class='ocrx_word' id='word_1_471' title='bbox 823 2803 986 2849; x_wconf 79' lang='lat' dir='ltr'>apostolo</span> <span class='ocrx_word' id='word_1_472' title='bbox 1007 2815 1039 2837; x_wconf 84' lang='grc' dir='ltr'>ν.</span> <span class='ocrx_word' id='word_1_473' title='bbox 1062 2804 1149 2837; x_wconf 82' lang='lat' dir='ltr'>Can.</span> <span class='ocrx_word' id='word_1_474' title='bbox 1166 2802 1214 2836; x_wconf 85' lang='lat' dir='ltr'>V1</span> <span class='ocrx_word' id='word_1_475' title='bbox 1235 2804 1304 2838; x_wconf 81' lang='lat'>430</span> <span class='ocrx_word' id='word_1_476' title='bbox 1323 2809 1349 2845; x_wconf 80' lang='lat'>¹;</span> <span class='ocrx_word' id='word_1_477' title='bbox 1377 2803 1420 2837; x_wconf 90' lang='lat' dir='ltr'>de</span> <span class='ocrx_word' id='word_1_478' title='bbox 1439 2803 1473 2837; x_wconf 88' lang='lat' dir='ltr'>S.</span> <span class='ocrx_word' id='word_1_479' title='bbox 1488 2803 1646 2847; x_wconf 79' lang='lat' dir='ltr'>Ruperto</span> <span class='ocrx_word' id='word_1_480' title='bbox 1667 2813 1698 2836; x_wconf 91' lang='lat' dir='ltr'>v.</span> <span class='ocrx_word' id='word_1_481' title='bbox 1718 2812 1829 2846; x_wconf 79' lang='lat' dir='ltr'>supra</span> <span class='ocrx_word' id='word_1_482' title='bbox 1847 2812 1880 2845; x_wconf 90' lang='lat' dir='ltr'>p.</span> <span class='ocrx_word' id='word_1_483' title='bbox 1896 2800 2005 2841; x_wconf 76' lang='lat'>381³3</span> 
     </span>
     <span class='ocr_line' id='line_1_44' title="bbox 221 2851 2004 2902; baseline 0.001 -17"><span class='ocrx_word' id='word_1_484' title='bbox 221 2851 256 2886; x_wconf 93' lang='lat' dir='ltr'>S.</span> <span class='ocrx_word' id='word_1_485' title='bbox 278 2852 452 2896; x_wconf 88' lang='lat' dir='ltr'>Virgilius</span> <span class='ocrx_word' id='word_1_486' title='bbox 480 2855 661 2897; x_wconf 82' lang='lat' dir='ltr'>hibernus,</span> <span class='ocrx_word' id='word_1_487' title='bbox 689 2858 882 2902; x_wconf 87' lang='lat' dir='ltr'>episcopus</span> <span class='ocrx_word' id='word_1_488' title='bbox 908 2856 1192 2900; x_wconf 83' lang='lat' dir='ltr'>salisburgensis</span> <span class='ocrx_word' id='word_1_489' title='bbox 1213 2858 1248 2899; x_wconf 88' lang='lat'>(†</span> <span class='ocrx_word' id='word_1_490' title='bbox 1268 2857 1365 2897; x_wconf 79' lang='lat'>784),</span> <span class='ocrx_word' id='word_1_491' title='bbox 1392 2857 1458 2891; x_wconf 88' lang='lat' dir='ltr'>sub</span> <span class='ocrx_word' id='word_1_492' title='bbox 1478 2868 1509 2890; x_wconf 87' lang='lat' dir='ltr'>a.</span> <span class='ocrx_word' id='word_1_493' title='bbox 1529 2857 1596 2890; x_wconf 82' lang='lat'>745</span> <span class='ocrx_word' id='word_1_494' title='bbox 1617 2856 1652 2889; x_wconf 90' lang='lat' dir='ltr'>in</span> <span class='ocrx_word' id='word_1_495' title='bbox 1673 2854 1866 2889; x_wconf 84' lang='lat' dir='ltr'>Bavariam</span> <span class='ocrx_word' id='word_1_496' title='bbox 1884 2853 2004 2893; x_wconf 84' lang='lat' dir='ltr'>venit;</span> 
     </span>
     <span class='ocr_line' id='line_1_45' title="bbox 221 2904 2004 2955; baseline 0.001 -17"><span class='ocrx_word' id='word_1_497' title='bbox 221 2904 254 2939; x_wconf 89' lang='lat' dir='ltr'>S.</span> <span class='ocrx_word' id='word_1_498' title='bbox 282 2905 442 2942; x_wconf 87' lang='lat' dir='ltr'>Erardus</span> <span class='ocrx_word' id='word_1_499' title='bbox 477 2909 622 2943; x_wconf 85' lang='lat' dir='ltr'>saeculo</span> <span class='ocrx_word' id='word_1_500' title='bbox 649 2909 728 2945; x_wconf 90' lang='lat' dir='ltr'><strong>VII.</strong></span> <span class='ocrx_word' id='word_1_501' title='bbox 757 2910 948 2955; x_wconf 87' lang='lat' dir='ltr'>episcopus</span> <span class='ocrx_word' id='word_1_502' title='bbox 984 2910 1245 2944; x_wconf 83' lang='lat' dir='ltr'>ratisbonensis</span> <span class='ocrx_word' id='word_1_503' title='bbox 1280 2910 1394 2944; x_wconf 82' lang='lat' dir='ltr'>fuisse</span> <span class='ocrx_word' id='word_1_504' title='bbox 1425 2909 1598 2950; x_wconf 82' lang='lat' dir='ltr'>traditur;</span> <span class='ocrx_word' id='word_1_505' title='bbox 1635 2909 1785 2942; x_wconf 86' lang='lat' dir='ltr'>eandem</span> <span class='ocrx_word' id='word_1_506' title='bbox 1812 2906 2004 2941; x_wconf 87' lang='lat' dir='ltr'>dioecesim</span> 
     </span>
     <span class='ocr_line' id='line_1_46' title="bbox 220 2958 2005 3005; baseline 0.001 -14"><span class='ocrx_word' id='word_1_507' title='bbox 220 2958 315 2992; x_wconf 86' lang='lat' dir='ltr'>rexit</span> <span class='ocrx_word' id='word_1_508' title='bbox 351 2959 385 2994; x_wconf 90' lang='lat' dir='ltr'>S.</span> <span class='ocrx_word' id='word_1_509' title='bbox 415 2960 661 3005; x_wconf 80' lang='lat' dir='ltr'>wolfgangus</span> <span class='ocrx_word' id='word_1_510' title='bbox 697 2962 740 2998; x_wconf 89' lang='grc' dir='ltr'>Ο.</span> <span class='ocrx_word' id='word_1_511' title='bbox 771 2964 805 2998; x_wconf 91' lang='lat' dir='ltr'>S.</span> <span class='ocrx_word' id='word_1_512' title='bbox 838 2963 877 2997; x_wconf 91' lang='lat' dir='ltr'>B.</span> <span class='ocrx_word' id='word_1_513' title='bbox 909 2963 1044 2998; x_wconf 86' lang='lat' dir='ltr'>suebus</span> <span class='ocrx_word' id='word_1_514' title='bbox 1083 2963 1118 3004; x_wconf 72' lang='lat'>(†</span> <span class='ocrx_word' id='word_1_515' title='bbox 1144 2963 1250 3005; x_wconf 83' lang='lat'>994);</span> <span class='ocrx_word' id='word_1_516' title='bbox 1290 2962 1323 2996; x_wconf 89' lang='lat' dir='ltr'>S.</span> <span class='ocrx_word' id='word_1_517' title='bbox 1356 2962 1590 2996; x_wconf 81' lang='lat' dir='ltr'>willibaldus</span> <span class='ocrx_word' id='word_1_518' title='bbox 1617 2961 1658 2996; x_wconf 90' lang='lat' dir='ltr'>O.</span> <span class='ocrx_word' id='word_1_519' title='bbox 1690 2961 1724 2996; x_wconf 90' lang='lat' dir='ltr'>S.</span> <span class='ocrx_word' id='word_1_520' title='bbox 1756 2961 1796 2994; x_wconf 91' lang='lat' dir='ltr'>B.</span> <span class='ocrx_word' id='word_1_521' title='bbox 1826 2959 1958 3003; x_wconf 84' lang='lat' dir='ltr'>anglus</span> <span class='ocrx_word' id='word_1_522' title='bbox 1985 2970 2005 2992; x_wconf 89' lang='lat' dir='ltr'>a</span> 
     </span>
     <span class='ocr_line' id='line_1_47' title="bbox 220 3010 2004 3060; baseline 0.002 -16"><span class='ocrx_word' id='word_1_523' title='bbox 220 3010 255 3045; x_wconf 91' lang='lat' dir='ltr'>S.</span> <span class='ocrx_word' id='word_1_524' title='bbox 275 3012 456 3047; x_wconf 85' lang='lat' dir='ltr'>Bonifatio</span> <span class='ocrx_word' id='word_1_525' title='bbox 483 3015 674 3060; x_wconf 87' lang='lat' dir='ltr'>episcopus</span> <span class='ocrx_word' id='word_1_526' title='bbox 702 3019 937 3051; x_wconf 85' lang='lat' dir='ltr'>consecratus</span> <span class='ocrx_word' id='word_1_527' title='bbox 963 3022 1000 3050; x_wconf 82' lang='lat' dir='ltr'>et</span> <span class='ocrx_word' id='word_1_528' title='bbox 1026 3015 1251 3060; x_wconf 88' lang='lat' dir='ltr'>episcopatui</span> <span class='ocrx_word' id='word_1_529' title='bbox 1279 3016 1494 3060; x_wconf 75' lang='lat' dir='ltr'>eystettensi</span> <span class='ocrx_word' id='word_1_530' title='bbox 1532 3015 1762 3060; x_wconf 85' lang='lat' dir='ltr'>praepositus</span> <span class='ocrx_word' id='word_1_531' title='bbox 1788 3015 1844 3048; x_wconf 80' lang='lat' dir='ltr'>est</span> <span class='ocrx_word' id='word_1_532' title='bbox 1871 3014 1908 3055; x_wconf 92' lang='lat'>(†</span> <span class='ocrx_word' id='word_1_533' title='bbox 1936 3012 2004 3046; x_wconf 84' lang='lat'>786</span> 
     </span>
     <span class='ocr_line' id='line_1_48' title="bbox 221 3064 2004 3114; baseline 0.002 -17"><span class='ocrx_word' id='word_1_534' title='bbox 221 3064 280 3098; x_wconf 88' lang='lat' dir='ltr'>vel</span> <span class='ocrx_word' id='word_1_535' title='bbox 307 3065 414 3109; x_wconf 81' lang='lat'>787);</span> <span class='ocrx_word' id='word_1_536' title='bbox 451 3067 486 3102; x_wconf 89' lang='lat' dir='ltr'>S.</span> <span class='ocrx_word' id='word_1_537' title='bbox 507 3068 746 3103; x_wconf 84' lang='lat' dir='ltr'>Corbinianus</span> <span class='ocrx_word' id='word_1_538' title='bbox 773 3070 904 3112; x_wconf 81' lang='lat' dir='ltr'>gallus,</span> <span class='ocrx_word' id='word_1_539' title='bbox 941 3070 1078 3114; x_wconf 87' lang='lat' dir='ltr'>primus</span> <span class='ocrx_word' id='word_1_540' title='bbox 1105 3069 1294 3114; x_wconf 84' lang='lat' dir='ltr'>episcopus</span> <span class='ocrx_word' id='word_1_541' title='bbox 1321 3069 1564 3112; x_wconf 83' lang='lat' dir='ltr'>frisingensis,</span> <span class='ocrx_word' id='word_1_542' title='bbox 1600 3079 1621 3102; x_wconf 79' lang='lat' dir='ltr'>a</span> <span class='ocrx_word' id='word_1_543' title='bbox 1648 3067 1822 3111; x_wconf 88' lang='lat' dir='ltr'>Gregorio</span> <span class='ocrx_word' id='word_1_544' title='bbox 1848 3066 1892 3101; x_wconf 89' lang='grc' dir='ltr'>ΙΙ.</span> <span class='ocrx_word' id='word_1_545' title='bbox 1911 3076 2004 3111; x_wconf 77' lang='lat' dir='ltr'>papa</span> 
     </span>
     <span class='ocr_line' id='line_1_49' title="bbox 220 3118 1430 3166; baseline 0.006 -16"><span class='ocrx_word' id='word_1_546' title='bbox 220 3118 256 3151; x_wconf 91' lang='lat' dir='ltr'>in</span> <span class='ocrx_word' id='word_1_547' title='bbox 285 3118 477 3153; x_wconf 73' lang='lat' dir='ltr'>Bavariam</span> <span class='ocrx_word' id='word_1_548' title='bbox 506 3122 639 3157; x_wconf 86' lang='lat' dir='ltr'>missus</span> <span class='ocrx_word' id='word_1_549' title='bbox 667 3125 723 3157; x_wconf 83' lang='lat' dir='ltr'>est</span> <span class='ocrx_word' id='word_1_550' title='bbox 752 3124 789 3166; x_wconf 89' lang='lat'>(†</span> <span class='ocrx_word' id='word_1_551' title='bbox 817 3123 915 3166; x_wconf 85' lang='lat'>730).</span> <span class='ocrx_word' id='word_1_552' title='bbox 1143 3124 1155 3142; x_wconf 86' lang='lat'><strong>⁴</strong></span> <span class='ocrx_word' id='word_1_553' title='bbox 1185 3122 1197 3156; x_wconf 91' lang='lat'>1</span> <span class='ocrx_word' id='word_1_554' title='bbox 1231 3121 1311 3156; x_wconf 86' lang='lat' dir='ltr'>Tim</span> <span class='ocrx_word' id='word_1_555' title='bbox 1338 3122 1370 3163; x_wconf 88' lang='grc'>2,</span> <span class='ocrx_word' id='word_1_556' title='bbox 1399 3123 1430 3157; x_wconf 88' lang='grc'>7.</span> 
     </span>
    </p>
   </div>
  </div>
 </body>
</html>
