2062 3443
616 163 836 207 Ingolstadio
863 163 895 198 8.
914 162 1129 197 Novembris
1157 163 1259 197 1577.
1737 165 1822 206 423

54 282 225 323 nomine
267 282 575 336 conspirabunt
591 285 615 323 ¹.
681 281 868 324 Rideant
908 280 1129 333 haeretici,
1173 280 1415 333 Christique
1458 281 1663 334 paruulos
1700 296 1822 323 suum

53 346 228 388 Osana¹¹
271 347 337 388 vel
380 349 474 388 Aue
517 345 656 388 Maria
697 346 877 387 subinde
919 345 1195 387 concinentes
1240 345 1514 399 increpent2:
1558 345 1739 387 miretur
1780 349 1824 388 et

52 425 189 452 nouus
222 411 405 453 mundus
439 408 653 465 Dei'parae
695 411 900 452 honorem
935 424 1045 452 nouo
1079 410 1221 451 studio
1256 410 1296 451 in
1331 411 1562 452 multorum
1604 410 1822 452 hominum

50 475 271 518 ordinibus
315 476 565 529 instaurarj.
631 476 823 517 Foelices
861 475 963 528 jllos
1005 478 1049 517 et
1091 475 1299 528 singular-j
1344 489 1504 517 corona
1546 475 1700 528 dignos
1742 489 1822 527 ego

51 540 234 582 dixerim
278 543 347 594 quj
384 555 478 582 cum
512 541 562 584 R.
588 541 635 583 Τ.
661 541 716 582 ad
757 540 837 582 hoc
870 543 1069 582 sanctum
1103 554 1209 593 opus
1244 544 1288 583 et
1320 540 1606 582 inchoandum
1641 543 1685 582 et
1724 554 1823 593 pro-

49 605 324 659 pagandumb
347 619 448 647 suas
472 606 699 647 conferunt
723 619 892 659 operaS,
917 605 1196 658 quantumuis
1219 605 1570 657 Mariomastiges
1593 605 1821 655 obsistant,

50 671 272 712 nimirumc
313 671 624 724 serpentis¹³
667 670 929 724 antiqujss,
973 670 1043 723 qui
1077 670 1204 724 alterj
1241 671 1384 711 Euae⁹
1417 670 1486 712 vel
1525 669 1714 711 maxime
1747 669 1823 711 ad-

49 735 292 786 uersatur&
328 734 518 790 astusff]
553 739 597 778 et
631 735 782 777 fraude
812 734 1137 777 circumuentif’.
1187 735 1299 777 Illud
1322 749 1425 776 vero
1449 735 1549 789 mihj
1586 735 1821 788 perplacet,

47 814 100 842 ac
134 814 310 854 prorsus
344 801 542 863 effectium
578 801 696 855 reddj
732 800 980 855 cumprimis
1014 803 1116 854 opto
1150 803 1198 842 ut
1231 802 1300 853 quj
1336 802 1437 842 sunt
1469 800 1595 842 huius
1627 799 1824 842 Instituti

47 865 163 919 apud
186 879 276 915 nos,
311 869 412 908 sunt
435 868 580 908 autem
604 880 682 908 nec
705 866 844 920 pauci,
877 879 956 907 nec
984 865 1215 919 jgnobiles,
1250 867 1303 907 ad
1327 865 1496 907 initium
1520 865 1622 907 anni
1645 865 1824 907 mittant

41 930 190 984 jsthuc
234 930 386 972 literas
428 931 583 984 quibus
624 931 744 973 laeta
786 931 999 984 quaedam
1042 930 1093 972 de
1134 932 1198 985 suj
1233 930 1422 984 sodalitij
1456 944 1659 972 successu
1691 933 1823 982 atque

50 1009 284 1049 progressu
328 996 574 1046 nuncient⁶‚
616 999 666 1038 vt
698 1011 803 1038 sane
845 1010 921 1038 suo
960 995 1057 1049 jure
1098 995 1243 1037 facere
1276 1009 1403 1049 posse
1436 995 1652 1046 videntur,
1685 995 1823 1037 multa

45 1061 160 1102 enim
194 1063 239 1102 et
271 1060 435 1115 scriptu
469 1065 513 1104 et
545 1061 724 1104 laudatu
758 1061 890 1114 digna
922 1063 1178 1115 praestantg
1204 1064 1248 1103 et
1275 1061 1441 1115 seipsos
1464 1060 1650 1102 Domina
1672 1063 1823 1102 nostra

40 1127 227 1180 juuante
269 1126 447 1179 egregie
480 1126 671 1177 vincunt,
715 1129 847 1180 atque
889 1140 974 1168 non
1007 1127 1099 1168 sine
1131 1126 1366 1167 multorum
1401 1125 1693 1168 admiratione
1726 1139 1822 1167 eum

46 1191 87 1232 in
130 1191 296 1245 pietate
338 1205 616 1245 progressum
658 1191 838 1241 faciunt,
882 1195 932 1234 vt
973 1192 1127 1233 merito
1161 1191 1377 1233 Christum
1417 1191 1557 1245 ipsum
1591 1191 1634 1232 in
1668 1193 1821 1246 matre,

45 1255 285 1309 matrisque
318 1257 555 1299 cultoribus
588 1256 869 1312 pientissimis
902 1256 1213 1311 praedicemus.
1278 1257 1336 1298 Et
1367 1256 1561 1310 proderit
1594 1258 1712 1298 certe
1745 1270 1822 1310 po-

42 1321 248 1372 steritati,
292 1321 430 1364 literis
462 1323 540 1377 Dej
576 1336 709 1376 opera
741 1323 939 1364 miranda
972 1321 1182 1376 committj
1218 1336 1329 1375 quae
1362 1336 1475 1363 nunc
1507 1321 1687 1364 subinde
1728 1323 1821 1363 tum

43 1386 87 1428 in
120 1386 370 1438 minoribus,
404 1390 497 1429 tum
529 1389 572 1429 in
606 1388 841 1429 maioribus
873 1387 972 1429 huic
1005 1387 1207 1429 sodalitio
1230 1387 1433 1441 ascriptis
1465 1387 1627 1441 passim
1650 1387 1823 1429 elucent

43 1451 222 1506 perinde
255 1466 306 1493 ac
339 1453 374 1506 sj
409 1466 565 1505 nouam
601 1453 818 1506 quandam
856 1452 995 1494 lucem
1030 1452 1226 1494 Christus
1267 1454 1447 1506 propter
1479 1466 1602 1494 suam
1636 1456 1821 1494 matrem

45 1518 88 1558 in
121 1518 356 1560 multorum
391 1517 590 1560 cordibus
625 1517 856 1569 excitaret,
891 1521 936 1560 et
968 1518 1082 1560 sicut
1115 1520 1248 1560 antea
1279 1531 1499 1571 nunquam
1533 1517 1577 1559 in
1606 1517 1822 1570 Aquilone

44 1597 173 1637 porro
207 1582 510 1625 demonstrare
542 1583 690 1626 vellet.

161 1648 226 1689 De
267 1662 398 1702 opere
440 1649 622 1691 nostroT
663 1648 767 1690 nihil
810 1648 951 1690 dicam
993 1648 1123 1699 aliud,
1166 1648 1247 1702 nisj
1282 1648 1385 1702 mihj
1427 1651 1681 1703 pergratum
1723 1647 1817 1689 fore

0 1761 1 1771 ἵ
39 1726 215 1767 semper
246 1713 281 1755 si
305 1713 355 1756 R.
381 1713 428 1756 T.
452 1714 588 1756 libere
620 1728 699 1756 nos
732 1713 1007 1756 admonuerit
1040 1713 1093 1756 de
1125 1713 1178 1767 ijs
1210 1727 1322 1767 quae
1344 1714 1415 1756 vel
1447 1727 1525 1768 per
1547 1728 1607 1764 se,
1642 1713 1711 1755 vel
1743 1726 1822 1767 per

40 1778 150 1820 alios
191 1779 412 1821 notauerit
452 1778 495 1820 in
533 1779 611 1834 jllo
654 1779 865 1821 mutanda
897 1779 968 1821 vel
1011 1779 1268 1833 corrigenda
1310 1793 1406 1821 esse
1438 1782 1488 1822 vt
1520 1778 1677 1821 saltem
1723 1778 1818 1833 librj

42 1843 285 1897 recognitio
321 1843 378 1886 sit
410 1844 578 1898 plenior
611 1844 952 1897 absolutiorque.

161 1908 316 1951 Editus
349 1911 417 1951 est
449 1909 743 1964 superioribus
776 1910 900 1951 annis
932 1909 1104 1951 libellus
1125 1908 1421 1963 Antuerpiaeh
1445 1922 1572 1962 quem
1595 1907 1719 1950 nobis
1745 1921 1823 1962 per

40 1973 293 2016 Calenium8
334 1974 572 2029 transmittj
607 1975 736 2017 valde
778 1974 1087 2024 desideramus,
1130 1973 1166 2016 si
1207 1977 1257 2017 ut
1299 1973 1564 2017 arbitramur
1595 1973 1724 2016 isthic
1755 1987 1820 2015 re-

40 2039 185 2093 perirj,
220 2053 270 2081 ac
303 2041 452 2081 nostra
484 2040 668 2093 pecunia
700 2041 781 2093 emj
816 2040 967 2094 possit,
1001 2039 1200 2081 nimirum
1236 2040 1288 2081 de
1311 2039 1480 2082 ratione
1505 2038 1749 2092 corrigendi
1777 2041 1822 2081 et

39 2104 312 2158 expurgandj
346 2104 479 2146 libros
510 2105 768 2158 praesertim
792 2107 1002 2155 veterum,
1037 2104 1579 2158 vtsatisfiat³Cat11alog0
1612 2104 1820 2145 librorum

39 2169 289 2220 uetitorum,
330 2169 457 2211 iuxta
489 2170 724 2212 Censuram
758 2170 991 2212 Censorum
1026 2169 1221 2223 Tridentj
1266 2169 1618 2224 deputatorum&
1683 2169 1819 2223 Spero

40 2234 87 2278 P.
102 2235 342 2277 Arnoldum
360 2235 394 2263 ¹⁰
408 2235 640 2277 Rectorem
659 2235 740 2277 hac
758 2235 891 2278 etiam
909 2235 952 2276 in
970 2238 1096 2289 parte
1114 2234 1217 2276 mihi
1233 2234 1436 2277 Coloniae
1458 2235 1818 2288 gratificaturum,

39 2302 88 2342 ut
119 2300 229 2341 liber
256 2301 465 2355 jnuentus
498 2302 543 2342 et
574 2302 747 2354 emptus
780 2300 834 2342 ad
866 2314 946 2341 nos
979 2301 1092 2341 bona
1124 2299 1209 2341 fide
1241 2299 1581 2354 perferatur-¹⁵¹¹.

158 2386 186 2411 al
208 2388 347 2419 Supplem'
367 2395 403 2412 ea·
423 2388 467 2417 R;
494 2387 522 2411 in
545 2389 567 2412 ,4
592 2390 659 2418 post
685 2393 774 2412 suum
800 2387 914 2418 aliquid
940 2387 1032 2418 spatii
1061 2394 1179 2410 vacuum
1208 2389 1267 2416 es!;
1296 2388 1317 2407 Γ
1335 2387 1419 2410 hahet
1447 2392 1536 2411 suum
1563 2385 1707 2415 Osianna,
1734 2386 1819 2417 idque

33 2431 196 2453 correctum
219 2437 255 2453 ex
274 2435 360 2453 suani
380 2428 553 2454 Osiannam.
628 2427 657 2457 b)
678 2429 725 2453 Ita
741 2429 766 2453 B
780 2430 810 2459 C,
830 2429 916 2460 idque
937 2432 1022 2455 rer-te.
1044 2431 1073 2452 ut
1094 2429 1167 2452 mihi
1187 2429 1301 2459 quidem
1323 2429 1440 2452 omnino
1463 2428 1597 2457 videtum
1624 2434 1820 2460 propugnan-

38 2467 109 2494 dum
125 2471 159 2494 A.
235 2470 261 2500 c)
283 2472 329 2495 Ita
351 2473 424 2494 recte
446 2472 471 2495 B
487 2473 527 2501 0,·
553 2469 664 2495 mirum
685 2472 720 2495 A.
796 2468 825 2497 d)
847 2469 986 2501 serpenti
1008 2471 1041 2495 A.
1117 2472 1143 2498 o)
1166 2471 1226 2494 Ilm:
1248 2478 1270 2494 r,
1293 2470 1320 2493 in
1343 2471 1369 2494 B
1389 2470 1487 2499 ‹leesc;
1515 2470 1596 2500 Quae
1618 2471 1661 2499 A;
1688 2467 1769 2494 Euae
1791 2471 1820 2493 (f.

36 2509 61 2539 f)
83 2511 130 2536 Ita
150 2513 174 2535 A
191 2514 221 2541 C,
241 2511 355 2536 astutia
376 2513 411 2537 R.
469 2516 498 2543 g)
519 2511 663 2544 prostant
684 2512 718 2536 B.
776 2510 806 2542 h)
829 2510 1028 2543 Antwerpiae
1049 2512 1083 2536 B.
1141 2510 1160 2541 i)
1184 2512 1228 2535 Ita
1252 2515 1324 2535 recte
1346 2512 1391 2541 B;
1412 2510 1585 2536 satisfaciat
1606 2512 1640 2535 A.
1697 2510 1729 2542 k)
1750 2517 1820 2542 pro—

36 2551 157 2579 feratur
178 2554 213 2578 B.

161 2631 170 2650 ¹
199 2628 253 2664 Cf.
272 2630 327 2663 Mt
355 2630 409 2671 18,
437 2630 493 2666 20.
639 2630 652 2650 ²
681 2630 734 2664 Cf.
755 2630 809 2664 Mt
836 2630 890 2669 21,
921 2630 1072 2664 15—16.
1219 2630 1232 2649 ³
1260 2630 1337 2674 Apo
1367 2629 1420 2670 12,
1449 2630 1489 2669 93
1518 2629 1574 2670 20,
1602 2629 1635 2664 2.

158 2684 170 2703 ⁴
198 2682 251 2717 Cf.
272 2682 328 2717 Gn
355 2684 387 2722 3,
418 2684 472 2718 15.
621 2684 633 2703 ⁵
660 2684 712 2717 Cf.
734 2682 790 2718 Gn
818 2683 849 2724 3,
879 2683 942 2723 13;
972 2683 1050 2728 Eph
1068 2684 1100 2723 4,
1132 2683 1191 2723 14;
1220 2683 1241 2717 2
1269 2682 1338 2716 Cor
1367 2682 1421 2724 11,
1449 2682 1480 2717 3.

158 2736 171 2756 ⁰
197 2736 409 2779 Ingolstadii
437 2736 612 2771 sodalitas
639 2736 799 2770 mariana
826 2736 893 2771 hoc
916 2737 993 2781 ipso
1020 2739 1183 2781 tempore
1203 2736 1337 2770 Canisii
1364 2735 1508 2770 hortatu
1537 2736 1703 2770 instituta
1730 2737 1818 2776 erat,

36 2801 71 2823 v.
91 2788 198 2829 infra,
224 2801 383 2823 monum.
413 2790 517 2824 1218.
663 2790 676 2810 ⁷
702 2789 878 2824 Mariano.

158 2842 171 2862 ⁸
199 2841 406 2877 Get-winum
435 2842 623 2877 Calenium
651 2842 919 2887 typographum
948 2842 1199 2877 coloniensem.

159 2896 171 2915 ⁹
196 2895 330 2930 Indicis
365 2896 562 2935 tridentini,
599 2908 629 2930 a.
661 2896 753 2930 1564
790 2908 854 2941 per
889 2896 992 2930 Pium
1020 2896 1082 2930 IV.
1113 2896 1210 2935 editi,
1245 2897 1439 2940 praecepta
1475 2895 1518 2930 de
1554 2894 1725 2929 librorum
1760 2906 1820 2928 ex-

35 2948 251 2993 purgatione
278 2949 361 2983 vide
386 2949 421 2983 in
444 2951 531 2983 Can.
552 2948 601 2983 VI
621 2949 700 2984 269.
737 2950 909 2984 Hoffaeus
935 2949 1168 2994 provincialis
1195 2950 1230 2983 in
1256 2948 1325 2983 hac
1351 2948 1584 2991 collegiorum
1610 2949 1820 2983 visitatione

35 3001 147 3036 libros
174 3013 296 3036 eorum
328 3002 621 3046 „expurgandos“
654 3002 824 3043 curabat;
861 3014 967 3047 quem
1004 3002 1164 3037 laborem
1199 3001 1363 3047 inprimis
1391 3001 1556 3036 Canisius
1592 3001 1819 3046 praestitisse

36 3054 198 3095 videtur;
224 3066 260 3089 v.
288 3055 392 3095 infra,
419 3067 512 3089 mon.
536 3055 636 3089 1219.
770 3057 794 3076 '⁰
822 3056 1045 3090 Havensium
1073 3055 1252 3098 (Hansen,
1280 3054 1401 3089 Akten
1429 3054 1524 3089 698²
1551 3055 1617 3089 721
1633 3055 1674 3098 ²).

145 3107 170 3128 ¹¹
201 3107 334 3150 „Index
362 3108 643 3152 expurgatorius
669 3107 842 3142 librorum
871 3109 930 3153 qui
967 3108 1033 3142 hoc
1060 3107 1182 3142 seculo
1208 3107 1426 3152 prodierunt,
1454 3108 1514 3141 vel
1541 3108 1724 3142 doctrinae
1749 3119 1819 3141 non

32 3171 146 3194 sanae
172 3160 354 3195 erroribus
380 3160 564 3205 inspersis,
599 3161 657 3195 vel
682 3161 822 3196 inutilis
849 3165 885 3196 et
911 3162 1106 3197 offensiuae
1132 3160 1408 3195 maledicentiae
1443 3161 1591 3196 fellibus
1616 3161 1818 3206 permixtis,
