2051 3433
204 164 289 205 284
347 160 449 196 1921.
477 161 516 195 Ρ.
536 160 708 196 Nicolaus
735 160 890 196 Lanoius
918 160 1072 196 Canisio.
1116 160 1229 195 Roma
1257 160 1352 194 circa
1378 160 1518 195 initium
1546 172 1592 196 m.
1611 160 1748 206 Aprilis
1775 161 1877 197 1575.

201 278 327 323 quanti
377 278 549 313 momenti
595 278 643 312 sit
695 279 836 312 tantum
880 277 1081 322 Principem
1134 277 1201 311 hoc
1257 279 1416 321 tempore
1470 280 1579 321 atque
1626 290 1707 312 eum
1759 278 1974 314 Ferdinandi

200 334 379 376 augustae
405 343 481 366 me:
509 332 551 365 de
578 330 757 365 societate
784 332 916 376 optime
942 331 1084 365 meriti¹
1111 331 1223 364 filium
1251 341 1475 375 quocumque
1494 331 1673 376 possimus
1698 331 1815 366 officio
1841 332 1974 374 fouere,

202 388 242 419 ut
267 388 303 419 et
328 385 477 420 uerbum
505 384 570 418 Dei
597 387 719 418 currat
751 384 828 418 sine
856 384 1121 428 impedimento,
1149 387 1185 417 et
1211 384 1272 426 qui
1298 383 1401 418 nobis
1427 396 1496 418 non
1523 384 1656 428 optime
1691 385 1842 429 cupiunt
1866 386 1975 421 istam

201 450 325 472 ansam
352 450 421 472 non
448 438 626 482 accipiant
653 437 868 471 Societatem
906 437 1015 471 etiam
1042 440 1151 481 atque
1187 437 1294 470 etiam
1322 437 1490 471 uexandi.
1540 437 1712 472 Nostrum
1738 439 1860 483 itaque
1895 451 1974 474 con-

201 491 321 526 silium
356 491 422 525 hoc
459 495 524 531 est,
560 494 601 525 ut
636 502 737 524 meae
773 491 900 525 literae
936 491 1050 535 ipsius
1086 490 1297 525 eelsitudini
1333 503 1354 524 a
1381 490 1421 525 P.
1451 491 1559 525 Petro
1591 491 1733 526 Canisio
1768 492 1974 535 reddantur,

201 545 348 590 suisque
383 545 475 579 idem
504 545 613 578 Pater
648 544 769 578 uerbis
795 548 896 578 ornet
923 544 958 578 in
985 544 1135 578 Domino
1171 544 1331 590 obsequij
1358 545 1471 578 nostri
1499 544 1736 580 oblationem:
1771 545 1821 579 ita
1855 549 1974 581 tamen

201 601 241 632 ut
266 600 296 633 si
324 598 517 637 commode,
545 609 586 631 ac
612 597 689 632 sine
715 597 836 641 aliqua
863 598 1041 642 Principis
1068 597 1261 631 offensione
1289 597 1468 632 declinare
1494 598 1673 643 possimus
1699 611 1843 644 operam
1867 611 1974 644 quam

202 651 244 686 de
270 652 404 686 nostris
439 652 616 696 cupiebat,
653 651 719 685 hoc
754 651 877 685 faciat.
928 651 989 685 Sin
1016 651 1145 691 minus,
1179 651 1349 685 exhibeat
1374 651 1426 685 illi
1453 653 1489 685 et
1514 655 1728 692 nostrorum,
1765 656 1801 687 et
1826 652 1977 688 aliorum

202 705 263 749 qui
289 707 432 739 nostras
459 704 601 739 scholas
637 704 812 738 adeuntes
843 704 957 738 uideri
993 706 1133 749 possint
1158 705 1285 746 idonei,
1321 716 1465 750 operam
1501 716 1651 740 omnem.
1705 706 1853 740 Praetat
1883 707 1976 741 enim

201 758 400 793 rationibus
428 759 591 792 omnibus
610 758 807 802 perpensis,
834 770 878 792 ne
897 758 1112 792 Germaniae
1131 769 1275 792 cursum
1302 758 1336 792 in
1365 770 1435 802 qua
1453 759 1596 793 uidetur
1619 771 1702 804 spes
1728 759 1850 804 aliqua
1874 760 1976 795 resti·

201 813 356 846 tuendae
391 811 493 852 fidei,
530 811 748 856 pietatisque
783 811 1022 853 reuiuiscere,
1058 824 1121 845 nos
1157 824 1226 845 uno
1263 811 1453 846 Societatis
1489 813 1673 847 commodo
1708 814 1976 849 retardemus“:

202 865 257 899 Ita
292 865 495 899 litterarum
530 865 656 898 harum
693 865 1000 907 commentarium,
1034 865 1127 908 quod
1154 865 1198 898 ab
1225 866 1302 910 ipso
1332 865 1367 899 P.
1390 868 1547 900 Antonio
1573 867 1758 901 Possevmo
1786 866 1977 902 Societatis

201 919 397 952 secretario
423 918 597 962 scriptum
624 918 821 962 multisque
848 918 934 952 locis
962 919 1190 952 emendatum
1218 921 1284 953 est.
1319 919 1360 952 In
1387 931 1456 963 qua
1483 920 1730 954 emendatione
1759 920 1978 955 Possevinus

202 974 403 1006 extremam
439 971 643 1006 litterarum
686 975 825 1016 partem
862 972 1016 1016 primum
1052 972 1196 1016 quidem
1229 972 1382 1007 multum
1419 973 1643 1014 emendavit,
1683 973 1810 1008 deinde
1845 976 1978 1015 autem,

202 1025 306 1059 lineis
332 1025 567 1065 transmissis,
594 1037 742 1070 prorsus
769 1025 921 1065 delevit;
958 1036 1050 1069 quae
1076 1037 1161 1070 pars
1186 1025 1249 1065 sic,
1285 1028 1480 1070 antequam
1507 1026 1696 1067 deleretur,
1733 1039 1753 1060 a
1780 1026 1979 1061 Posscvino

202 1078 280 1123 ipso
306 1079 442 1123 scripta
469 1081 565 1113 erat:
613 1078 732 1121 „Quod
769 1080 800 1112 si
836 1090 940 1123 quem
977 1080 1054 1113 eius
1081 1079 1265 1114 Celsitudo
1292 1092 1311 1113 e
1338 1080 1470 1113 nostris
1496 1080 1649 1124 petierit,
1686 1080 1726 1114 T.
1746 1080 1788 1115 R.
1814 1083 1979 1126 prompto

203 1132 320 1166 animo
346 1132 399 1165 illi
432 1131 588 1176 aliquem
625 1132 722 1166 dabit
750 1132 916 1166 idoneum
943 1144 1024 1166 cum
1050 1133 1146 1167 socio
1173 1133 1378 1167 coadiutore
1404 1133 1483 1174 fido,
1512 1134 1732 1178 curabitque,
1766 1137 1805 1168 ut
1836 1134 1979 1179 placeat

203 1185 272 1230 ipsi
310 1185 468 1230 Principi
502 1197 566 1230 pro
604 1185 814 1230 disciplinae
849 1189 992 1220 nostrae
1028 1186 1279 1220 obseruatione
1308 1186 1353 1229 (si
1380 1186 1492 1220 fuerit
1518 1187 1623 1232 opus)
1651 1187 1762 1221 alium
1797 1187 1975 1222 interdum

204 1239 384 1273 sufficere.
435 1239 482 1273 Et
508 1240 675 1283 quoniam
703 1239 792 1273 haec
818 1240 936 1273 omnia
962 1243 1024 1273 tua
1051 1239 1293 1284 R.Pate1·que
1320 1240 1486 1274 Canisius
1513 1241 1547 1273 in
1574 1253 1613 1274 re
1639 1241 1820 1285 praesenti
1847 1241 1979 1276 molius

202 1294 372 1337 poterunt
407 1293 624 1330 deliberare.
663 1294 853 1338 propterea
887 1296 1004 1327 totum
1040 1293 1106 1327 hoc
1142 1294 1331 1337 negocium
1367 1293 1510 1337 utrique
1544 1296 1584 1327 ut
1619 1294 1715 1328 cordi
1754 1295 1802 1328 sit
1840 1295 1974 1340 cupio.“

205 1345 264 1389 (Gr.
285 1345 368 1391 Sup.
390 1346 406 1380 1
437 1346 461 1380 f.
489 1346 692 1388 23b—242).

324 1412 556 1445 Meroen-iam·
590 1412 634 1445 ad
661 1411 924 1446 Ferdinandum
953 1412 997 1446 ΙΙ.
1017 1411 1245 1446 archiducem
1272 1421 1289 1426 ”
1300 1412 1453 1451 litterae,
1489 1424 1579 1456 quas
1606 1413 1637 1446 ei
1665 1412 1831 1447 Canisius
1857 1414 1978 1448 iussus

205 1467 262 1500 est
287 1465 441 1507 tradere,
468 1465 582 1499 Roma
609 1467 640 1499 5.
660 1465 781 1499 Martii
811 1466 900 1499 1575
928 1465 1033 1499 datae
1067 1469 1151 1500 sunt
1191 1468 1226 1500 et
1252 1465 1341 1500 haec
1375 1465 1529 1500 habent:
1573 1466 1642 1508 „Vt
1668 1467 1829 1502 Societas
1855 1469 1979 1502 nostra

207 1530 351 1564 semper
377 1518 412 1552 in
440 1519 608 1553 coelestis
635 1518 797 1564 beneficij
825 1519 902 1553 loco
929 1518 1033 1552 duxit
1058 1520 1088 1553 si
1115 1530 1186 1563 qua
1211 1531 1250 1553 se
1276 1519 1420 1553 offerret
1444 1519 1595 1561 occasio,
1623 1532 1694 1564 qua
1720 1519 1979 1554 serenissimae

205 1571 308 1607 Cels:
336 1572 380 1606 V.
399 1584 463 1616 pro
490 1573 640 1606 summis
663 1572 777 1617 ipsius
795 1574 831 1606 in
850 1585 915 1607 nos
933 1573 1072 1607 meritis
1090 1573 1348 1615 gratitudinem
1367 1573 1476 1607 animi
1503 1573 1615 1608 nostri
1634 1573 1761 1608 testari
1779 1584 1977 1619 possemus,

204 1626 255 1659 ita
279 1624 512 1660 uehementer
531 1625 628 1660 dolui
647 1637 726 1660 cum
746 1627 902 1670 primum
921 1626 1043 1671 accepi
1062 1638 1131 1660 non
1149 1626 1262 1660 fuisse
1288 1626 1402 1671 ipsius
1420 1627 1546 1672 pietati
1565 1638 1790 1671 quacumque
1817 1627 1982 1661 licuisset

205 1678 394 1723 diligentia
419 1679 648 1714 satisfactum
676 1691 696 1714 a
715 1679 865 1724 Collegij
893 1680 1007 1715 nostri
1026 1679 1266 1724 Oenipontani
1285 1680 1449 1722 Rectore,
1476 1692 1496 1714 a
1523 1692 1592 1724 quo
1619 1692 1763 1725 operam
1782 1680 1934 1715 alicuius
1960 1692 1980 1714 e

204 1732 338 1767 nostris
357 1744 443 1776 erga
461 1733 711 1768 serenissimos
729 1745 813 1768 suos
831 1734 924 1768 filios
942 1735 1065 1778 petere
1081 1734 1229 1777 dignata
1248 1736 1313 1768 est.
1346 1734 1392 1768 Et
1409 1745 1496 1768 sane
1511 1734 1791 1768 clementissime
1808 1734 1980 1778 Princeps

204 1786 330 1820 intimo
349 1786 469 1820 dolore
488 1788 638 1821 affectus
657 1799 784 1828 essem,
803 1787 871 1821 nisi
892 1799 933 1821 ea
951 1799 1007 1821 me
1025 1799 1110 1832 spes
1128 1789 1226 1821 certa
1244 1790 1488 1822 sustentasset
1503 1788 1578 1822 fore
1597 1791 1637 1822 ut
1654 1787 1850 1831 singularis
1867 1788 1979 1832 ipsius

204 1840 380 1884 aequitas,
406 1839 465 1874 uel
490 1843 651 1875 nostram
670 1841 712 1875 ad
729 1853 818 1885 quos
832 1840 937 1875 istius
955 1840 1006 1875 rei
1020 1842 1167 1875 nuntius
1181 1841 1357 1875 hactenus
1371 1853 1440 1875 non
1467 1844 1679 1886 peruenerat
1699 1841 1938 1875 innocentiam
1959 1853 1981 1876 a

205 1892 321 1938 culpa,
348 1893 405 1927 uel
423 1893 537 1938 ipsius
555 1894 719 1929 Rectoris
738 1895 894 1939 aliquem
913 1898 1049 1928 metum
1068 1906 1088 1928 a
1107 1894 1255 1928 crimine
1272 1894 1490 1938 seiungeret.
1527 1894 1639 1929 Credo
1659 1895 1752 1928 enim
1778 1894 1871 1928 inter
1889 1894 1981 1929 alias

205 1957 354 1981 caussas
389 1948 600 1992 obsequium
626 1948 791 1983 Rectoris
827 1949 939 1983 fuisse
974 1948 1208 1989 retardatum,
1245 1959 1325 1982 cum
1361 1948 1543 1982 hominum
1579 1948 1739 1992 penuria,
1774 1951 1850 1982 tum
1886 1948 1980 1992 quod

204 2000 374 2034 metuerit
408 2005 550 2036 nostros
582 2002 617 2036 in
652 2003 746 2037 aulis
771 2015 841 2037 non
877 2005 1042 2036 uersatos
1068 2002 1180 2035 tantis
1206 2001 1432 2046 Principibus
1459 2013 1527 2035 non
1564 2002 1676 2035 fuisse
1702 2002 1841 2044 integre
1876 2002 1980 2036 satis—

205 2054 376 2089 facturos.
429 2055 517 2090 Cum
552 2058 684 2097 tamen,
723 2056 816 2100 quod
853 2057 896 2090 ad
933 2055 1146 2090 Societatem
1183 2058 1363 2096 nostram,
1398 2066 1526 2099 meque
1561 2055 1677 2100 ipsum
1717 2055 1858 2096 attinet,
1893 2054 1981 2089 nihil

205 2119 375 2152 umquam
402 2110 474 2142 tam
504 2109 653 2143 arduum
680 2110 843 2144 futurum
870 2111 929 2151 sit,
964 2109 1057 2153 quod
1091 2120 1261 2153 perquam
1291 2108 1400 2143 alacri
1437 2108 1554 2142 animo
1587 2120 1650 2153 pro
1678 2108 1910 2143 Celsitudinis
1936 2107 1980 2144 V.

205 2161 393 2195 uoluntate
419 2164 695 2207 nostrarumque
730 2164 861 2197 uirium
895 2164 1073 2198 tenuitate
1108 2163 1314 2206 suscepturi
1347 2174 1417 2196 non
1449 2162 1573 2196 simus.
1621 2161 1670 2198 Et
1698 2162 1732 2195 in
1760 2162 1831 2196 ista
1857 2173 1906 2202 re,
1941 2163 1983 2195 ut

206 2226 269 2257 pro
295 2226 436 2249 summa
461 2219 666 2251 nostrorum
702 2229 789 2261 erga
817 2216 910 2252 Cels.
938 2220 1096 2251 uestram
1125 2216 1356 2250 obseruantia
1391 2216 1467 2261 ipse
1504 2215 1685 2260 praesenti
1722 2215 1841 2249 officio
1876 2215 1981 2249 satis-

205 2268 325 2302 facere
352 2280 528 2314 cuperem,
557 2271 606 2305 ita
633 2270 731 2304 illam
757 2270 957 2304 humillime
978 2262 1118 2315 precor,
1146 2271 1186 2302 ut
1212 2281 1277 2303 nos
1303 2281 1344 2303 eo
1370 2269 1660 2303 fidelissimorum
1687 2280 1872 2303 seruorum
1903 2267 1982 2302 loco

206 2321 347 2364 habeat,
384 2323 442 2366 qui
481 2327 517 2357 et
552 2323 696 2365 fuimus,
733 2326 767 2358 et
794 2326 968 2369 perpetuo
997 2323 1061 2357 Dei
1095 2323 1214 2365 gratia
1240 2323 1449 2368 adspirante
1475 2322 1587 2356 futuri
1614 2333 1749 2357 sumus,
1803 2321 1843 2356 D.
1869 2322 1978 2356 Jesus

207 2375 465 2410 Celsitudinem
492 2376 534 2411 V.
555 2378 690 2422 optima
725 2378 943 2419 ualetudine,
980 2377 1153 2420 donisque
1189 2376 1406 2410 coelestibus
1433 2378 1574 2410 auctam
1612 2375 1812 2409 diutissime
1847 2375 1891 2409 ad
1926 2375 1981 2409 sui

207 2429 432 2464 Sanctissimi
459 2431 613 2465 nominis
638 2431 802 2473 gloriam,
831 2430 1055 2476 Jmperijque
1083 2430 1278 2464 Christiani
1306 2429 1438 2464 bonum
1472 2430 1681 2463 conserueffl
1714 2430 1776 2472 (ex
1803 2439 1982 2462 commen-

207 2483 297 2517 tario
323 2495 386 2527 per
413 2483 650 2518 possevinum
679 2485 882 2528 recognit0;
910 2485 951 2520 G.
971 2485 1054 2529 Sup.
1078 2484 1093 2517 1
1123 2485 1139 2517 f
1163 2483 1254 2526 231³).

328 2542 494 2577 Canisius
522 2544 748 2578 Mercuriano
775 2544 960 2589 respondit
986 2545 1017 2578 6.
1039 2542 1174 2588 Aprilis
1203 2543 1305 2577 1575.

210 2659 352 2697 1921.
451 2660 512 2697 P.
540 2660 882 2698 NICOLAUS
909 2659 1208 2698 LANOIUS
1237 2660 1290 2697 S.
1314 2660 1368 2696 J.
1397 2660 1598 2696 CANISIO.

1168 2726 1282 2761 Roma
1308 2727 1404 2761 circa
1432 2726 1570 2760 initium
1599 2737 1645 2761 m.
1665 2725 1802 2771 Aprilis
1830 2725 1935 2760 1575.

328 2797 383 2831 Ex
412 2797 533 2832 Pisani
560 2798 796 2843 autographo.
841 2797 960 2833 Germ.
981 2798 1049 2836 136
1076 2798 1099 2833 f.
1122 2797 1218 2832 207³.

326 2875 376 2917 P.
400 2876 643 2930 Alphonsus
676 2877 866 2918 Pisanus
906 2877 949 2919 S.
973 2877 1017 2919 J.
1051 2876 1169 2917 Hala
1200 2878 1242 2918 2.
1268 2875 1380 2916 Maii
1403 2877 1517 2916 1575
1558 2875 1728 2929 scripsit
1770 2873 1827 2914 ad
1868 2873 1981 2915 Mer-

209 2941 435 2982 curiamcm
469 2942 755 2995 praepositum
795 2943 1047 2995 yenemlem,
1080 2942 1152 2996 qui
1190 2955 1279 2982 eum
1315 2942 1355 2981 ιή
1397 2940 1765 2982 Transsilvam'am
1800 2940 1862 2980 ‘ire
1896 2939 1981 2979 ius-

209 3010 322 3047 serat
365 3006 421 3056 (v.
454 3020 587 3059 supra
625 3021 668 3060 p.
698 3007 831 3057 ⁴281).·
880 3007 1184 3059 „Reuerendus
1226 3006 1274 3047 P.
1305 3006 1508 3060 Lanoyus
1555 3005 1723 3059 scripsit
1767 3005 1890 3045 etiam
1933 3004 1984 3045 de

332 3164 342 3185 ¹
369 3163 583 3198 Ferdinandi
611 3163 635 3198 Ι.
655 3163 895 3208 imperatoris.
