2051 3433
192 145 274 184 554
783 145 886 179 2063.
916 145 1082 179 Canisius
1111 145 1302 179 Guilielmo
1326 145 1367 179 V.

189 263 233 302 et
265 273 390 302 sacra
425 262 515 302 fere
548 260 691 303 omnia
727 261 900 304 vitiauit
934 276 1017 303 non
1051 262 1143 303 sine
1178 276 1335 315 magno
1370 264 1539 316 quidem
1574 265 1783 307 ecclesiae
1806 266 1963 309 Catho-

189 324 297 366 licae
331 325 605 373 detrimento,
641 330 846 378 certoque
879 327 1069 381 periculo
1103 327 1583 383 c(›nscienciarum³[?].

309 391 407 432 „Iam
444 405 546 432 vero
582 391 733 433 haeret
766 393 878 445 apud
913 407 980 434 me
1015 392 1201 441 dubium,
1247 393 1507 446 expediatne
1540 395 1582 436 in
1618 395 1880 445 vniuersum,
1919 401 1968 438 vt

191 455 287 496 libri
328 456 536 497 Catholici
580 460 862 506 censeantur,
908 458 977 510 qui
1022 457 1255 499 Catholicis
1296 459 1338 498 in
1381 458 1486 500 locis
1528 460 1619 501 siue
1662 460 1967 516 Tipographijs

193 524 349 563 extant
381 521 545 563 editiP¹
592 522 728 563 Video
752 522 863 563 enim
889 522 1101 575 quaedam
1126 522 1341 569 Coloniae,
1377 523 1589 576 Lugduni,
1623 525 1891 577 Moguntiae,
1925 527 1967 568 id

191 589 258 626 est
302 585 344 626 in
380 586 614 628 Catholicis
656 587 833 629 vrbibus
876 602 1037 629 excusa
1080 592 1292 641 prostare,
1335 603 1446 641 quae
1489 605 1514 630 a
1547 590 1781 632 Catholicis
1821 595 1968 633 tamen

191 651 363 704 probari
387 651 562 693 minime
585 652 765 706 possint,
791 653 867 694 sed
891 652 1086 694 damnari
1112 653 1254 706 potius
1277 658 1540 697 mereantur.
1586 655 1655 696 Fit
1678 656 1757 697 hoc
1780 656 1968 698 fortasse

189 715 296 757 vitio
320 715 709 770 Tipographorum,
745 718 817 770 qui
840 718 909 759 vel
932 717 1078 770 inscijs
1102 718 1435 770 Magistratibus
1458 719 1691 761 Catholicis
1714 734 1766 762 ea
1788 720 1970 763 licenter

191 781 423 831 excudunt,
459 795 569 834 quae
603 783 657 824 ad
690 797 813 824 suum
849 784 1117 824 commodum
1152 783 1296 825 facere
1328 787 1497 837 putant.
1563 786 1706 834 Quare
1744 800 1829 827 non
1861 787 1968 829 satis

188 848 330 888 tutum
374 849 442 888 est
475 847 713 890 catholicos
746 847 877 890 libros
912 862 966 890 ex
999 862 1048 889 eo
1085 848 1333 898 aestimare,
1376 849 1489 901 quod
1523 849 1754 891 Catholicis
1787 851 1828 892 in
1862 851 1969 893 locis

189 911 336 953 excusi
386 912 495 961 sint,
551 913 911 966 quemadmodum
966 927 1105 966 neque
1154 914 1302 956 statim
1353 914 1617 956 haereticum
1667 916 1966 967 iudicabimus,

190 977 391 1030 quicquid
424 978 478 1019 ab
511 978 742 1020 haereticis
775 983 820 1021 et
851 978 892 1020 in
928 993 1073 1020 eorum
1100 978 1276 1020 vrbibus
1310 978 1470 1021 editum
1505 980 1734 1030 cernimus,
1774 995 1826 1023 ne
1859 982 1967 1024 alio-

192 1041 293 1094 quin
318 1042 495 1084 Patrum
521 1044 771 1085 veneranda
793 1044 958 1097 scripta
981 1043 1110 1086 etiam
1137 1044 1344 1085 damnare
1366 1058 1575 1097 cogamur
1589 1047 1617 1087 2.
1667 1046 1967 1088 Verumenim-

189 1121 292 1148 uero
326 1121 379 1149 ne
412 1108 583 1161 longior
615 1123 710 1151 esse
733 1123 927 1163 pergam,
964 1109 1047 1150 tria
1081 1109 1292 1161 quaedam
1328 1109 1394 1151 hic
1427 1111 1616 1152 maxime
1650 1114 1694 1153 et
1715 1112 1964 1154 summatim

188 1173 461 1215 obseruanda
494 1175 697 1227 putarim.
755 1174 941 1216 Primum
977 1177 1057 1224 est,
1093 1176 1141 1216 vt
1173 1174 1393 1215 librarium
1419 1175 1498 1216 hoc
1520 1176 1743 1229 negotium
1768 1191 1851 1218 non
1875 1181 1966 1220 tam

187 1238 239 1279 ad
274 1241 419 1280 certas
461 1239 580 1292 leges
614 1239 782 1293 publice
815 1240 1132 1293 proponendas,
1177 1254 1305 1292 quam
1339 1239 1393 1282 ad
1426 1240 1534 1282 fidos
1566 1241 1628 1282 rei
1662 1244 1751 1283 tam
1786 1246 1966 1284 sanctae

188 1306 494 1356 procuratores
527 1307 572 1346 et
604 1309 874 1354 executores,
915 1308 960 1348 et
992 1304 1187 1358 inprimis
1221 1305 1275 1346 ad
1308 1304 1485 1347 idoneos
1517 1306 1722 1347 librorum
1759 1307 1967 1349 Censores

190 1382 297 1420 quos
330 1369 530 1419 diximus,
566 1370 796 1413 referatur.
846 1370 924 1420 Qui
958 1370 1170 1412 Censores
1203 1370 1514 1424 Episcoporum
1550 1374 1595 1413 et
1627 1372 1966 1425 Magistratuum

187 1433 454 1476 authoritate
488 1435 653 1485 muniti,
690 1435 742 1477 de
774 1450 821 1477 re
852 1438 949 1478 tota
981 1436 1090 1477 bene
1124 1449 1175 1477 ac
1204 1435 1370 1478 Vtiliter
1402 1436 1685 1489 transigenda
1718 1437 1967 1480 consultent

190 1513 240 1541 ac
272 1502 485 1550 statuant,
521 1500 713 1552 illudque
745 1501 978 1555 praecipue
1001 1503 1167 1551 curent,
1202 1505 1252 1543 vt
1274 1515 1359 1543 non
1381 1501 1507 1543 modo
1530 1502 1627 1543 libri
1650 1502 1750 1543 noui
1774 1509 1818 1545 et
1840 1503 1965 1556 praui

187 1565 230 1606 in
264 1568 487 1619 posterum
521 1566 636 1620 apud
671 1566 868 1608 Bauaros
910 1567 1050 1608 locum
1093 1566 1255 1608 nullum
1301 1567 1504 1616 habeant,
1548 1581 1698 1608 verum
1745 1568 1876 1610 etiam
1918 1572 1967 1611 vt

189 1644 471 1683 quaecunque
509 1631 674 1685 scripta
707 1625 1133 1674 Catholicis’obesse
1165 1635 1360 1685 possunt,
1404 1634 1449 1673 et
1489 1632 1530 1673 in
1564 1631 1746 1686 priuatis
1785 1632 1964 1674 aedibus

187 1695 347 1749 passim
383 1696 576 1742 latitant,
611 1697 856 1750 multosque
889 1697 1056 1739 animos
1088 1696 1203 1738 haud
1236 1696 1363 1738 dubie
1386 1696 1558 1747 vitiant,
1594 1698 1735 1750 quoad
1758 1698 1849 1739 eius
1871 1698 1962 1740 fieri

186 1763 344 1815 potest,
380 1762 501 1803 velut
533 1765 680 1804 certae
713 1765 860 1815 pestes
891 1761 1034 1816 inb[?]
1070 1762 1261 1804 Bavaria
1293 1762 1652 1805 exterminentur.
1703 1763 1796 1812 Qua
1828 1763 1870 1804 in
1903 1777 1963 1812 re,

186 1826 228 1867 ni
262 1827 391 1880 plane
423 1826 565 1876 fallar,
601 1841 808 1881 praesens
838 1827 1072 1870 Censorum
1106 1827 1349 1881 vigilantia,
1384 1827 1608 1881 inspectio,
1643 1831 1687 1870 et
1719 1828 1964 1882 integritas,

185 1892 220 1933 si
243 1906 366 1933 suum
393 1891 580 1933 officium
606 1892 784 1943 faciant,
807 1896 852 1935 et
874 1907 900 1934 a
923 1893 1256 1946 Magistratibus
1279 1893 1552 1943 adiuuentur‚
1588 1907 1672 1934 non
1695 1894 1835 1934 minus
1858 1907 1963 1935 sane

186 1971 313 2010 quam
347 1957 490 2010 legum
526 1960 569 1999 et
601 1971 836 2011 poenarum
872 1959 1096 2013 proposita
1119 1958 1334 2000 seueritas
1357 1958 1572 2000 Bauariae
1599 1958 1904 2000 commodabit.

307 2022 504 2065 Alterum
539 2025 619 2073 est,
663 2024 777 2075 quod
810 2024 955 2077 magni
989 2024 1119 2066 etiam
1158 2024 1364 2066 momenti
1407 2037 1503 2065 esse
1536 2023 1723 2073 videtur,
1766 2023 1966 2065 nimirum

186 2090 234 2130 vt
266 2087 575 2130 Jllustrissima
607 2088 825 2130 Celsitudo
868 2093 944 2131 tua
988 2103 1072 2130 non
1114 2092 1185 2131 sat
1227 2089 1388 2131 habeat
1430 2089 1637 2130 ditionem
1677 2103 1800 2130 suam
1840 2088 1966 2130 malis

185 2153 306 2194 libris
348 2153 470 2194 velut
507 2152 650 2206 noxijs
692 2153 943 2196 humoribus
988 2154 1198 2203 liberare,
1250 2154 1325 2195 sed
1360 2155 1482 2196 velut
1523 2154 1733 2207 optimum
1774 2157 1965 2207 patrem-

185 2217 374 2260 familias
407 2218 543 2268 decet,
578 2218 702 2260 bonis
725 2219 871 2270 etiam,
909 2233 1096 2272 vereque
1126 2219 1360 2261 Catholicis
1389 2219 1523 2269 libris,
1557 2218 1736 2273 perinde
1768 2233 1819 2260 ac
1850 2218 1966 2260 salu-

184 2283 352 2325 taribus
384 2283 643 2337 pharmacis,
678 2284 860 2326 eandem
887 2285 1120 2327 Bauariam
1144 2285 1361 2327 instruere
1394 2298 1444 2326 ac
1467 2298 1724 2338 promouere
1748 2284 1965 2337 dignetur.

188 2349 344 2390 Parum
383 2348 495 2390 enim
529 2348 744 2402 profuerit
766 2350 1056 2392 adulterinam
1090 2353 1310 2392 monetam
1344 2364 1367 2391 e
1390 2349 1531 2391 medio
1564 2349 1732 2398 tollere,
1767 2349 1847 2391 nisi
1881 2349 1968 2390 alia

185 2414 354 2455 sincera
392 2417 437 2456 et
470 2414 655 2467 probata
688 2414 993 2465 substituatur,
1037 2417 1085 2457 vt
1128 2415 1244 2457 ciues
1283 2428 1432 2457 omnes
1464 2415 1545 2456 hac
1578 2414 1716 2456 adiuti
1748 2414 1791 2455 in
1824 2414 1966 2456 officio

186 2492 282 2520 esse
315 2478 495 2533 possint,
530 2482 574 2521 et
606 2481 749 2521 status
782 2481 888 2534 reip.
924 2494 1046 2522 suum
1071 2494 1348 2534 progressum
1373 2480 1545 2523 habeat.
1599 2480 1676 2522 ,Ita
1708 2481 1827 2521 certe
1850 2493 1966 2521 com-

187 2546 388 2598 paratum
423 2557 519 2585 esse
552 2547 711 2587 natura
745 2546 954 2594 videmus,
999 2548 1047 2588 vt
1081 2546 1303 2599 plaerique
1346 2545 1469 2586 nouis
1502 2545 1630 2586 rebus
1664 2548 1708 2587 et
1742 2544 1863 2586 libris
1896 2544 1966 2584 vel

187 2608 375 2650 maxime
413 2609 698 2660 delectentur,
734 2613 777 2652 et
810 2611 862 2652 ob
897 2610 1104 2652 nouitatis
1138 2611 1325 2662 gratiam
1360 2610 1482 2651 multi
1508 2609 1676 2652 codices
1700 2609 1782 2650 emi
1806 2623 1856 2651 ac
1879 2608 1965 2661 legi

188 2673 619 2728 consueue1¹unt⁰{?!.

308 2758 335 2778 a)
357 2755 421 2780 Sin,-
442 2756 646 2786 «rm-riflenvlum
669 2765 728 2778 ras-m*
752 2757 885 2780 ridutaw:
906 2755 1170 2781 conscientiarum.
1231 2755 1260 2785 b)
1284 2757 1531 2787 1'nrrigrmulem1m1
1553 2763 1589 2780 ox
1603 2758 1615 2780 ἴ
1670 2758 1696 2787 c)
1718 2756 1966 2785 ‹‘uro-islenulmnue

188 2794 403 2819 consueuerint
418 2796 429 2818 ζ’

313 2880 318 2896 ¹
349 2878 424 2912 Hoc
461 2878 570 2912 libros
606 2881 819 2914 aestimandi
857 2884 891 2914 et
928 2881 1153 2914 discernendi
1192 2884 1421 2925 praeceptum
1450 2881 1603 2914 Bavaris
1638 2881 1673 2914 in
1710 2881 1889 2914 mandatis
1916 2880 1967 2913 in-

189 2930 399 2974 dicibusque
418 2943 448 2964 a.
468 2932 702 2967 1565—1569
724 2934 860 2967 Alberti
881 2934 919 2967 V.
936 2934 1153 2968 auctoritate
1174 2934 1335 2975 vulgatis
1354 2935 1526 2968 traditum
1547 2936 1643 2967 erat:
1666 2946 1697 2967 v.
1710 2945 1819 2977 supra
1839 2945 1860 2977 p
1885 2933 1965 2966 548.

308 2983 320 3001 ²
351 2985 387 3017 ln
431 2984 571 3026 „Indice
610 2987 929 3021 selectissimorum
969 2988 1176 3021 auctorum“
1222 2987 1400 3020 Monachii
1441 2999 1471 3020 a.
1509 2988 1598 3021 1569
1638 2987 1733 3020 edito
1775 2987 1826 3029 (v.
1856 2998 1964 3030 supra

191 3048 221 3080 p.
241 3037 326 3077 549)
348 3037 568 3077 affirmatum
601 3039 773 3079 ,Constat
787 3040 874 3084 jam,
894 3046 929 3074 et
948 3040 1127 3074 constabit
1149 3040 1352 3083 posteritati
1372 3042 1488 3083 magis
1510 3041 1585 3082 (sed
1608 3052 1675 3073 non
1696 3040 1832 3083 absque
1858 3040 1962 3083 gravi

191 3090 439 3133 incommodo),
467 3102 559 3133 quae
586 3092 715 3125 damna
742 3093 881 3127 dederit
907 3093 1011 3127 unica
1041 3093 1183 3126 Basilea
1210 3094 1244 3126 in
1272 3093 1512 3137 depravandis
1532 3093 1811 3136 mutilandisque
1838 3092 1966 3137 priscis

188 3143 362 3176 ecclesiae
390 3143 612 3177 doctoribus⁴²
648 3146 811 3187 (stensele,
842 3146 904 3179 Die
935 3146 1072 3179 Indices
1100 3148 1166 3180 etc.
1187 3146 1286 3187 331).
