2051 3433
157 136 242 178 866
927 134 1021 168 Mon.
1049 134 1151 170 1270.

155 262 223 295 pur
249 250 455 285 dimandato
489 249 523 284 le
548 249 677 284 lettere
703 248 797 283 della
822 250 961 290 unione,
998 250 1132 292 amanti,
1168 249 1234 284 che
1260 250 1316 284 far
1341 250 1363 285 l'
1376 253 1452 285 atto
1478 251 1512 285 di
1539 255 1720 287 accettare
1746 253 1829 298 quel
1855 266 1926 289 mo-

157 303 373 338 monasterio
400 305 420 338 a
445 314 549 337 nome
575 302 670 337 della
695 303 917 347 compagum,
944 305 980 337 et
1005 303 1037 337 io
1063 303 1113 337 mi
1138 304 1254 338 sforzo
1281 304 1313 338 di
1341 304 1457 347 dargli
1483 305 1528 339 ad
1553 305 1748 347 intendere,
1775 306 1840 341 che
1858 319 1927 342 non

155 357 256 392 siano
290 357 505 397 necessarie,
541 358 576 390 et
611 355 677 390 che
703 356 804 390 siano
839 367 902 400 per
927 357 997 398 uia,
1033 358 1069 390 et
1094 356 1148 390 ch'
1163 356 1197 391 io
1231 356 1264 391 le
1291 360 1433 402 aspetto
1467 357 1599 393 d'hora
1625 359 1661 393 in
1695 359 1793 401 hora,
1828 372 1927 395 come

155 410 268 445 faccio
304 421 392 444 anco
428 408 520 443 delle
545 409 615 443 mie
649 408 794 450 facolta‚
831 409 928 453 quali
964 409 1036 453 egli
1071 412 1188 444 stesso
1223 410 1271 444 mi
1306 411 1343 444 sa.
1377 410 1513 454 grande
1547 411 1711 447 instanza
1737 413 1771 447 di
1797 414 1927 448 uedere

155 463 236 507 ogni
263 463 407 508 giorn0“
441 462 501 505 (ex
528 462 735 508 archetypo,
762 462 856 506 quod
882 465 939 497 est
964 462 999 496 in
1018 463 1164 497 archivo
1183 463 1360 505 vaticano,
1386 463 1500 498 Nunz.
1519 464 1554 498 di
1572 465 1691 500 Germ.
1713 466 1778 502 103
1806 478 1838 512 p.
1858 466 1928 502 354

155 517 198 552 ad
225 516 322 559 357).
362 515 584 560 Wolfgango
610 519 729 550 autem
750 515 948 561 Pyrringer
973 516 1065 550 idem
1093 517 1311 551 Bonhomz‘us
1328 517 1503 561 Friburgo
1530 519 1584 554 15.
1602 518 1810 555 Decembris
1838 520 1928 556 1580

154 570 348 615 rseripsit:
375 570 415 604 In
433 569 575 603 Italiam
602 569 817 614 proficiscar,
849 569 968 614 „prius
993 571 1113 603 tamen
1131 569 1329 605 Marsensis
1347 571 1555 616 monasterij
1575 571 1766 607 Societatis
1787 573 1928 607 nomine

155 635 218 669 per
244 623 494 657 Reuerendum
521 623 666 657 Patrem
694 622 887 662 Canisium,
924 622 984 667 qui
1010 622 1173 657 omnibus
1208 634 1316 668 quam
1343 624 1574 667 gratissimus
1600 628 1666 667 est,
1702 626 1927 671 possessione

155 678 324 722 accepta“
356 677 418 720 (ex
444 687 567 722 apogr.
586 676 698 710 eiusd.
716 676 792 710 fere
817 678 947 721 temp.;
976 675 1059 710 Cod.
1078 687 1185 710 rom.:
1217 676 1342 719 ,D.11.
1370 677 1435 712 36’ι
1465 689 1499 723 p.
1517 678 1736 722 492—493).
1775 680 1928 721 Interea,

155 730 238 764 dum
265 730 408 764 litterae
434 730 575 765 unionis
595 729 809 773 Friburgum
835 730 1075 774 perferuntur,
1102 730 1322 764 Bonhomms
1340 730 1505 774 Friburgi
1534 743 1680 766 causam
1707 744 1927 768 marsensem

154 783 318 827 urgebat.
361 783 416 817 Ita
444 783 498 817 16.
517 782 725 817 Decembris
754 782 854 824 1580,
891 794 971 817 cum
998 782 1221 817 dominorum
1253 783 1534 827 friburgensium
1561 788 1644 819 ante
1671 786 1927 830 profectionem

154 848 256 871 suam
291 836 562 870 salutandorum
597 836 715 880 gratia
750 838 915 870 senatum
952 835 1134 877 intrasset,
1170 836 1269 879 haec,
1303 839 1446 882 praeter
1472 837 1553 880 alia,
1590 839 1634 873 ab
1661 850 1702 873 eo
1728 839 1823 874 dicta
1849 850 1928 874 esse

153 890 189 924 in
215 889 336 924 *Acta
363 889 520 924 eiusdem
547 891 695 924 senatus
720 889 873 924 relatum
901 892 976 924 est:
1007 888 1210 932 „Demnach
1237 889 1381 924 khonne
1408 902 1446 924 er
1471 891 1525 925 nit
1549 891 1608 925 fiir
1634 892 1727 926 dann
1754 892 1818 927 das
1842 904 1880 927 er
1898 893 1929 927 ir

154 943 248 987 guad
275 943 376 988 piett,
405 943 469 976 das
495 942 538 987 sij
566 942 609 977 ob
628 942 690 977 des
717 941 893 986 gottshuss
912 943 1078 977 Marsens
1097 942 1327 977 inkhommen
1346 943 1418 977 vnd
1445 944 1736 988 gerechtigkheit
1760 945 1928 981 triiwlich

154 995 338 1031 vffsehens
363 995 489 1037 haben,
517 996 614 1029 vnnd
641 995 753 1030 damit
779 996 846 1030 den
873 995 1055 1030 Jesuitern
1083 994 1144 1030 diss
1169 996 1270 1030 orths
1296 996 1412 1030 niitzit
1438 996 1615 1041 abgange,
1641 1010 1740 1032 zwen
1767 997 1817 1033 νβ,
1847 999 1927 1033 dem

153 1049 249 1084 Rath
275 1061 319 1083 zu
346 1049 413 1083 den
439 1048 587 1094 zweijen
614 1048 723 1083 sehon
752 1051 1002 1094 ernampseten
1030 1049 1167 1083 Herren
1193 1049 1338 1090 ordnen,
1372 1049 1554 1085 Demnach
1581 1050 1673 1086 auch
1700 1052 1756 1086 ein
1781 1052 1927 1087 sunder-

152 1103 262 1137 baren
288 1114 396 1136 mann
415 1114 458 1136 zu
485 1102 601 1136 einem
627 1106 848 1147 amptmann,
875 1102 938 1137 der
961 1102 1025 1136 das
1052 1101 1227 1146 gottshuss
1246 1103 1317 1137 vnd
1337 1102 1428 1137 alles
1445 1115 1484 1138 so
1504 1103 1582 1138 dem
1601 1104 1762 1149 selbigen
1789 1105 1928 1149 gehon,

152 1155 321 1190 triiwlich
347 1155 551 1190 verwalltte
567 1156 588 1190 ¹.
638 1155 822 1190 Demnach
858 1155 901 1189 ob
936 1155 1047 1190 schon
1083 1167 1121 1190 er
1147 1155 1234 1201 mijn
1269 1156 1398 1191 herren
1425 1157 1486 1191 des
1514 1160 1657 1192 costens
1683 1159 1749 1192 mit
1775 1159 1837 1193 der
1862 1159 1926 1192 vff-

152 1209 321 1253 richtung
355 1209 418 1243 des
454 1208 605 1254 Collegij
641 1209 818 1249 erlassen,
854 1209 1035 1243 vermeine
1071 1221 1110 1243 er
1144 1209 1254 1249 doch,
1291 1210 1354 1245 das
1390 1210 1477 1255 mijn
1512 1211 1640 1245 herren
1675 1211 1928 1246 vnbeschwart

152 1263 222 1308 sijn
247 1262 377 1297 sollind
403 1262 475 1297 vnd
502 1262 647 1296 wollind
673 1262 794 1296 mitler
813 1262 898 1308 Zijtt
924 1275 967 1296 zu
993 1255 1106 1296 disem
1133 1262 1254 1297 werck
1280 1263 1361 1297 rath
1387 1264 1459 1298 vnd
1486 1264 1686 1299 fiirdersam
1713 1265 1834 1310 zesijn,
1861 1265 1928 1300 mit

154 1317 224 1361 pitt
249 1316 313 1350 das
339 1328 422 1350 man
448 1316 504 1350 die
523 1316 682 1350 Jesuiter
707 1316 780 1350 vnd
807 1315 1022 1350 fiirnemlich
1042 1316 1108 1350 den
1128 1316 1267 1351 Herren
1287 1317 1468 1352 Canisium
1489 1318 1522 1351 in
1551 1318 1757 1362 giinstigem
1777 1318 1927 1353 beuelch

152 1369 254 1412 habe,
280 1370 346 1404 wie
373 1381 411 1404 er
438 1369 559 1411 daran,
586 1369 657 1403 vnd
685 1381 730 1403 an
756 1368 889 1415 mijnen
907 1369 953 1404 H:
980 1369 1048 1404 alls
1075 1369 1141 1404 den
1169 1370 1471 1414 gottsforchtigen
1498 1371 1606 1406 khein
1626 1371 1774 1417 Zwijffel
1799 1372 1921 1407 habe.“

159 1423 259 1467 (Cod.
278 1423 358 1458 frib.
383 1422 582 1465 „Manual“‚
609 1422 645 1456 in
673 1423 728 1457 16.
747 1422 833 1457 Dec.
854 1423 974 1467 1580).

271 1482 335 1517 Die
370 1483 515 1517 tandem
551 1482 606 1517 20.
635 1481 843 1517 Decembris
871 1482 963 1518 1580
997 1482 1141 1517 litterae
1174 1482 1258 1517 illae
1293 1483 1511 1528 apostolicae
1545 1485 1743 1519 Bonhomio
1777 1485 1812 1519 in
1847 1485 1925 1530 ipso

151 1536 212 1571 illo
238 1536 455 1571 monasterio
482 1536 657 1570 marsensi
683 1536 839 1570 traditae
859 1538 945 1570 sunt
964 1535 1014 1578 (v.
1033 1547 1143 1582 supra
1168 1548 1202 1581 p.
1221 1536 1325 1580 596);
1353 1536 1412 1581 qui
1432 1538 1513 1572 inde
1531 1538 1587 1572 21.
1606 1537 1814 1573 Decembris
1834 1538 1925 1575 1580

152 1590 196 1624 ad
231 1589 448 1624 cardinalem
476 1589 686 1624 Comensem
723 1589 917 1635 *scripsitz
957 1590 1076 1632 „Hieri
1111 1601 1192 1624 sera
1227 1592 1248 1624 a
1284 1593 1393 1635 punto
1428 1603 1476 1625 un
1503 1591 1572 1625 mio
1607 1592 1821 1627 staffiere..
1842 1620 1850 1627 .
1877 1593 1925 1627 mi

151 1645 252 1688 porto
278 1643 312 1677 le
339 1642 439 1677 Bolle
466 1643 523 1677 del
550 1643 710 1686 Collegio
735 1654 801 1677 con
828 1643 861 1677 le
887 1643 1016 1677 lettere
1043 1643 1075 1677 di
1104 1643 1146 1678 V.
1166 1642 1469 1678 &illustrissima
1495 1644 1530 1678 di
1557 1644 1640 1679 XIX
1667 1645 1723 1679 del
1754 1646 1920 1690 passato“

156 1697 217 1737 (ex
245 1696 461 1741 archetypo;
489 1696 602 1730 Nunz.
631 1696 665 1730 di
693 1695 813 1731 Germ.
838 1696 905 1732 103
931 1708 964 1741 p.
984 1696 1202 1740 369—371).

275 1758 442 1800 Greqorii
468 1758 576 1791 XIII.
603 1756 722 1790 bullae
753 1756 865 1801 „apud
893 1755 927 1790 S.
947 1755 1113 1790 Petrum“
1144 1756 1249 1790 datae
1276 1756 1456 1801 ascriptus
1482 1759 1538 1792 est
1564 1756 1639 1792 dies
1665 1757 1720 1792 25.
1740 1758 1924 1793 Februarii

152 1810 244 1845 1580
257 1809 280 1844 ².
332 1809 500 1844 Pontifex
536 1809 706 1851 affirmat,
741 1821 780 1844 se
811 1811 929 1851 „motu
955 1809 1109 1855 proprio,
1144 1822 1214 1844 non
1241 1810 1284 1844 ad
1312 1810 1512 1855 Praepositi
1539 1813 1575 1845 et
1608 1811 1919 1857 presbyterorum⁴¹

151 1863 342 1897 societatis
372 1875 456 1905 „seu
484 1863 636 1898 alicuius
663 1875 784 1898 eorum
812 1875 875 1908 pro
902 1863 954 1897 eis
979 1863 1082 1898 nobis
1107 1875 1215 1908 super
1240 1863 1306 1898 hoc
1330 1863 1471 1898 oblatae
1497 1864 1680 1909 petitionis
1706 1866 1923 1908 instantiam,

150 1916 212 1951 sed
248 1917 290 1951 de
317 1920 440 1951 nostra
465 1928 565 1951 mera
599 1916 816 1951 liberalitate
842 1928 884 1951 ac
911 1916 953 1950 de
979 1916 1209 1962 Apostolicae
1244 1917 1435 1962 potestatis
1461 1917 1702 1962 plenitudine“
1733 1919 1923 1963 collegium

150 1970 376 2014 friburgense
402 1970 590 2004 instituere
617 1973 654 2005 et
685 1970 960 2013 „Monasterium
988 1970 1028 2005 B.
1048 1970 1185 2004 Mariae
1211 1970 1254 2004 de
1283 1970 1410 2004 humili
1436 1971 1559 2005 Monte
1584 1975 1828 2016 nuncupatum
1855 1972 1923 2007 loci

150 2023 192 2057 de
218 2023 383 2057 Marsens
410 2023 780 2058 Praemonstratensis
807 2023 985 2066 Ordinis“‚
1020 2024 1139 2068 idque,
1178 2024 1292 2065 „sicut
1317 2024 1533 2069 accepimus,
1569 2025 1603 2058 in
1630 2025 1789 2060 solitario
1822 2026 1919 2061 loco“

149 2088 170 2111 a
197 2077 371 2120 Friburgo
401 2089 484 2122 „per
520 2077 704 2111 duodecim
731 2077 898 2111 milliaria
926 2077 1082 2112 distante
1109 2077 1348 2119 aedificatum,
1384 2081 1421 2112 et
1446 2089 1467 2112 a
1493 2078 1743 2113 Iurisdictione
1770 2078 1921 2114 aliorum

150 2129 380 2175 Superiorum
407 2130 492 2164 dicti
512 2130 656 2165 Ordinis
682 2133 901 2175 exemptum,
921 2158 928 2166 .
949 2158 982 2165 ..
1014 2131 1048 2164 in
1077 2142 1146 2175 quo
1171 2133 1312 2165 tantum
1341 2142 1406 2165 sex
1425 2131 1483 2165 vel
1508 2134 1647 2176 septem
1674 2132 1760 2167 dicti
1779 2132 1924 2168 Ordinis

149 2183 315 2218 Monachi
334 2184 504 2224 Professi,
531 2195 602 2218 vna
621 2195 699 2218 cum
722 2184 870 2226 Abbate,
898 2184 941 2219 ab
961 2184 1128 2229 Episcopi
1157 2184 1230 2228 (cui
1248 2184 1435 2228 suberant)
1457 2186 1687 2226 correctione,
1714 2186 1923 2221 visitatione

149 2239 184 2271 et
210 2236 455 2271 iurisdictione
482 2237 655 2278 destituti,
683 2236 869 2271 licentiose
895 2237 1066 2281 degunt“,
1093 2248 1174 2271 cum
1192 2237 1357 2272 omnibus
1376 2237 1453 2272 eius
1479 2238 1580 2272 bonis
1599 2241 1635 2273 et
1653 2239 1790 2274 iuribus
1809 2239 1922 2275 eidem

149 2289 299 2333 collegio
325 2290 543 2333 friburgensi
571 2290 768 2324 attribuere
795 2291 855 2332 ita,
882 2293 922 2325 ut
949 2290 1368 2325 praemonstratensibus
1394 2291 1466 2325 illis
1491 2291 1643 2326 liberum
1670 2296 1775 2334 esset,
1802 2293 1861 2327 vel
1888 2295 1922 2328 in

148 2343 271 2377 eodem
299 2344 514 2378 monasterio
541 2343 606 2378 sub
632 2343 878 2378 iurisdictione
904 2344 1020 2378 nuntii
1038 2343 1225 2389 apostolici
1244 2344 1303 2378 vel
1322 2345 1480 2390 episcopi
1499 2345 1700 2380 dioecesani
1718 2346 1921 2389 regularem

147 2397 374 2442 disciplinam
400 2396 603 2438 observare,
631 2396 689 2431 vel
707 2397 741 2430 in
761 2397 857 2431 aliud
876 2397 932 2432 sui
950 2397 1085 2431 ordinis
1102 2397 1320 2439 coenobium,
1348 2399 1439 2442 quod
1460 2398 1556 2442 ipsos
1575 2399 1740 2444 excipere
1758 2402 1922 2444 paratum

148 2453 255 2491 esset,
281 2451 554 2493 transmigrare,
591 2450 649 2484 vel
676 2450 848 2490 ecclesiis,
875 2451 983 2484 etiam
1011 2450 1276 2496 parochialibus
1312 2451 1547 2496 parochorum
1574 2452 1750 2497 permissu
1777 2465 1920 2498 operam

148 2515 302 2545 navare;
337 2515 400 2548 per
426 2503 589 2537 nuntium
616 2504 769 2548 denique
795 2503 1031 2548 apostolieum
1059 2504 1297 2539 definiendum
1328 2516 1418 2545 esse,
1454 2507 1627 2550 quantum
1655 2506 1920 2541 Praemonstra·

147 2557 310 2592 tensibus
345 2557 417 2591 illis
451 2557 698 2592 sustentandis
734 2560 851 2592 rector
877 2557 1017 2601 collegii
1045 2559 1238 2602 quotannis
1265 2570 1309 2592 ex
1344 2558 1446 2593 bonis
1472 2558 1716 2594 marsensibus
1750 2559 1921 2605 praebere

151 2610 297 2644 deberet
325 2610 506 2653 (Berthier
531 2610 554 2644 l.
574 2621 603 2644 c.
624 2611 840 2655 225-2‘26).

267 2670 337 2703 Res
372 2681 575 2704 marsenses
611 2669 704 2704 malo
738 2669 816 2704 loco
842 2673 956 2704 erant.
1010 2670 1094 2705 Eius
1130 2670 1278 2712 incolae,
1313 2673 1353 2704 ut
1380 2671 1414 2704 in
1451 2671 1586 2705 *Brevi
1624 2673 1834 2706 narratione
1859 2672 1920 2707 illa

150 2730 199 2773 (v.
229 2733 337 2767 supra
364 2735 397 2767 p.
425 2723 511 2767 859)
549 2725 703 2764 notatur,
740 2735 865 2768 parum
902 2724 991 2758 bene
1026 2723 1220 2759 audiebant
1246 2726 1330 2758 'tum
1367 2724 1410 2758 ob
1445 2724 1571 2759 illicita
1606 2736 1685 2759 cum
1713 2725 1921 2761 mulieribus

271 2869 279 2888 ¹
306 2869 408 2902 Anno
438 2868 528 2903 1582
556 2869 785 2903 Franciscum
813 2868 984 2904 Grimaud
1016 2869 1188 2904 bonorum
1215 2869 1453 2904 marsensium
1480 2882 1501 2904 a
1527 2872 1654 2904 senatu
1682 2871 1918 2906 constitutum

148 2932 227 2955 esse
254 2921 437 2955 custodem
473 2923 551 2956 sive
578 2926 781 2957 curatorem
807 2923 933 2957 scribit
959 2924 1003 2957 F.
1023 2924 1193 2963 Kuenlin,
1229 2923 1473 2958 Dictionnaire
1500 2923 1782 2969 geographique‚
1818 2924 1918 2959 stati—

147 2974 266 3018 stique
293 2977 328 3008 et
354 2974 551 3019 historique
578 2976 624 3009 du
652 2976 791 3010 Canton
819 2976 861 3010 de
890 2975 1065 3020 Fribourg
1090 2977 1116 3017 I,
1143 2976 1318 3019 Fribourg
1346 2976 1449 3017 1832,
1479 2977 1675 3012 113—114.

266 3033 279 3053 ²
306 3034 408 3067 Anno
444 3033 703 3069 Incarnationis
730 3034 937 3070 Dominicae
973 3035 1162 3070 millesimo
1198 3035 1486 3079 quingentesimo
1521 3037 1788 3081 septuagesimo
1825 3048 1918 3071 nono

147 3085 190 3120 V.
219 3085 394 3120 Calendas
421 3086 552 3132 Martij,
583 3088 818 3123 pontificatus
844 3088 958 3123 nostri
984 3090 1087 3122 Anno
1114 3090 1241 3123 octauo
1269 3088 1380 3134 (stylo
1407 3089 1606 3131 florentino,
1634 3100 1738 3134 quem
1766 3091 1898 3124 vocant

147 3139 192 3172 cf.
223 3139 310 3173 Can.
340 3138 387 3172 lV
414 3140 601 3175 475-476
629 3144 663 3175 et
691 3142 808 3184 Dahr,
836 3141 908 3176 Jes.
938 3142 951 3175 Ι
979 3141 1047 3176 226
1062 3142 1113 3185 ¹⁰).
