2062 3513
622 149 666 184 ΙΙ.
696 148 919 183 Prooemium
949 149 1139 184 voluminis
1165 149 1320 195 septimi.
1748 163 1849 187 xxii!

88 269 311 305 montenses:
351 267 412 301 sed
453 267 525 300 dux
563 266 731 300 mandato
769 266 872 300 stetit
910 266 1023 308 (799).
1084 266 1314 301 Vindobonae
1356 266 1528 302 Flrnestns
1566 268 1763 308 archidux,
1800 270 1859 313 qui

88 319 266 364 Rudolphi
294 320 334 354 ΙΙ.
355 321 513 354 caesaris
538 321 679 353 nomine
699 320 907 364 imperabat.
935 319 1103 353 haereses
1122 331 1243 353 omnes
1271 320 1412 354 fortiter
1431 321 1668 365 rcprimebat;
1695 324 1859 356 senatum

89 376 206 408 autem
236 373 334 407 urbis
360 374 465 408 iussit
491 384 626 413 curare,
654 375 694 406 ut
719 384 841 406 omnes
868 372 1069 406 scholarum
1098 373 1383 415 germanicarum
1411 374 1575 416 magistri
1595 375 1861 419 magistraeque

87 426 202 461 solum
238 426 494 460 catechismum
531 426 663 461 Canisii
700 425 820 470 pueris
858 425 1053 466 traderent,
1090 427 1245 460 scientes
1280 438 1329 467 se,
1368 427 1398 460 si
1436 438 1540 461 secus
1576 427 1746 469 facerent,
1784 429 1860 463 loco

88 480 282 513 movendos
309 491 388 514 esse
418 480 499 523 (511
530 480 629 521 804).
681 478 794 512 Halae
821 480 853 512 in
882 478 989 512 'l'iroli
1028 478 1139 512 Serva
1167 479 1232 512 Dei
1259 479 1475 523 Magdalena
1502 480 1715 515 Ferdinandi
1747 482 1769 516 Ι.
1799 482 1860 516 im-

88 533 264 577 peratoris
289 532 362 566 filia
388 540 424 566 et
457 532 592 566 Helena
618 544 718 566 soror
750 531 890 565 Canisio
918 531 1064 565 iuvante
1101 532 1433 566 confraternitatem
1467 534 1703 568 sacratissimi
1736 535 1859 569 rosarii

88 587 123 620 in
150 585 291 629 collegii
318 586 372 620 sui
408 585 540 630 templo
568 586 802 620 instituerunt
830 585 932 627 (680)
972 588 1008 618 et
1034 584 1225 619 Societatis
1261 585 1452 628 collegium
1480 598 1499 620 a
1526 598 1565 620 se
1592 588 1774 621 conditum
1812 588 1860 622 fo-

88 641 237 679 verunt;
274 638 511 673 bibliothecae
545 638 685 682 collegii
714 638 966 680 Magdalenam
1002 637 1131 672 melius
1167 639 1396 683 prospexisse
1432 650 1536 682 qnam
1574 640 1731 684 reliquos
1758 641 1861 675 colle-

87 692 227 736 giorum
252 692 461 726 fundatores
481 692 650 726 Hofl'aeus
674 691 905 736 provincialis
929 691 1128 725 affirmavit
1150 692 1234 734 (298
1262 693 1359 735 546).
1396 691 1467 726 Res
1485 704 1505 726 a
1523 693 1671 727 muliere
1691 706 1862 736 germana

88 747 192 779 extra
218 744 446 779 Germaniam
484 746 616 790 optime
651 748 774 788 gestas
810 745 971 778 narravit
997 744 1165 779 Canisius
1201 745 1234 778 in
1262 746 1422 779 oratione
1457 746 1597 780 funebri
1624 746 1666 780 de
1692 747 1861 789 Barbara,

87 810 158 833 una
184 811 228 833 ex
255 798 467 832 Ferdinandi
487 799 511 832 I.
532 800 689 833 caesaris
715 798 867 839 filiabus,
895 810 986 842 quae
1013 798 1093 832 duci
1121 798 1327 833 ferrariensi
1354 802 1535 843 nupserat,
1563 800 1704 839 habita;
1734 813 1753 835 a
1781 801 1861 835 Fer-

88 852 306 886 rariensibus
341 852 402 886 illa
429 852 534 886 valde
567 855 603 886 et
637 852 825 886 amabatur
860 854 896 885 et
932 852 1164 890 laudabatur:
1202 863 1309 896 saepe
1344 853 1578 887 sacramentis
1614 854 1788 888 ecclesiae
1823 866 1861 888 se

88 906 290 946 muniebat;
325 906 454 940 cotidie
481 906 569 940 duas
595 908 717 940 tresve
744 906 872 939 missas
899 905 1084 945 audiebat;
1122 906 1227 939 morti
1254 906 1373 940 vicina
1399 906 1527 940 librum
1555 906 1654 941 illum
1686 908 1758 949 „De
1785 910 1862 942 arte

87 959 278 993 moriendi“
309 959 376 994 sibi
412 959 483 1002 legi
511 959 663 999 volebat,
700 961 736 992 et
771 970 850 993 cum
878 958 1064 992 domestici
1092 959 1277 1003 plorantes
1304 959 1380 994 eius
1416 959 1547 994 lectum
1576 961 1861 1003 circumstarent,

88 1013 166 1057 ipsa
201 1024 261 1047 eos
296 1012 566 1053 eonsolabatur;
603 1015 779 1046 mortuam
815 1023 894 1045 esse
932 1015 1081 1046 matrem
1119 1023 1220 1046 suam
1258 1024 1435 1057 pauperes
1470 1013 1684 1048 dictitabant
1723 1016 1822 1058 (642)
1842 1017 1861 1049 ¹.

88 1066 205 1101 Urbes
239 1066 375 1110 aliquot
410 1066 444 1100 iu
481 1066 606 1100 mediis
633 1066 714 1099 fidei
741 1065 911 1110 periculis
939 1069 1127 1099 versantes
1154 1065 1285 1100 eximia
1311 1067 1534 1101 constantiae
1562 1068 1726 1113 exempla
1762 1080 1862 1113 piae-

87 1119 253 1154 buerunt.
297 1120 352 1153 lta
379 1119 506 1153 civitas
533 1118 746 1153 coloniensis
774 1118 925 1152 Geusios
952 1119 1099 1163 expulit,
1127 1118 1195 1152 etsi
1222 1131 1284 1164 pro
1311 1119 1355 1153 iis
1381 1122 1552 1164 quattuor
1578 1122 1756 1166 principes
1784 1133 1861 1156 eam

88 1172 270 1218 deprecati
297 1175 399 1207 erant
428 1173 516 1216 (25).
560 1172 772 1215 Noviomagi
800 1171 879 1216 plus
907 1171 952 1206 50
978 1172 1057 1211 viri,
1093 1183 1244 1215 quorum
1272 1173 1407 1217 primus
1434 1177 1511 1207 erat
1537 1174 1633 1218 prior
1661 1174 1862 1209 Dominica-

87 1237 224 1267 norum,
260 1237 281 1259 a
307 1229 435 1260 senatu
469 1225 566 1260 urbis
602 1225 791 1270 petierunt,
828 1228 868 1259 ut
893 1224 1086 1259 societatis
1120 1225 1282 1259 homines
1308 1226 1343 1259 in
1375 1226 1499 1260 urbem
1535 1227 1742 1262 admitteret
1772 1228 1862 1271 (36).

89 1279 184 1314 Urbs
210 1279 416 1313 rotvilensis
443 1282 518 1313 tres
544 1279 694 1313 iuvenes
719 1278 874 1312 selectos
900 1278 1048 1312 Romam
1077 1279 1110 1312 in
1138 1278 1328 1322 collegium
1356 1281 1600 1323 germanicum
1629 1281 1728 1315 misit
1748 1282 1860 1325 (178).

89 1331 208 1366 Wilae
237 1332 348 1375 (Weil
375 1333 437 1366 der
464 1331 595 1375 stadt),
632 1332 731 1366 urbis
766 1332 800 1365 in
837 1332 954 1365 media
990 1332 1269 1376 protestantium
1306 1334 1403 1366 terra
1438 1334 1550 1375 sitae,
1588 1334 1686 1368 cives
1722 1335 1757 1368 in
1793 1335 1862 1369 fide

90 1385 267 1420 catholica
297 1390 459 1431 perstare
484 1388 692 1420 statuerunt
720 1385 834 1429 (685).
886 1384 1119 1419 sodalitatem
1147 1386 1344 1420 marianam
1372 1386 1538 1421 Coloniae
1565 1398 1585 1421 a
1612 1387 1650 1421 P.
1671 1388 1862 1423 Franciseo

91 1439 237 1474 Costero
264 1439 466 1473 institutam
496 1439 661 1473 Canisius
687 1451 751 1484 per
776 1438 916 1472 litteras
943 1438 1037 1472 laete
1063 1438 1248 1480 salutavit,
1277 1439 1508 1474 vehementer
1534 1440 1706 1481 laudavit,
1734 1442 1862 1476 blande

90 1493 133 1527 ad
169 1493 306 1527 animos
334 1492 529 1527 virtutibus
555 1492 769 1526 excolendos
804 1492 1017 1526 adhortatus
1053 1495 1108 1526 est
1134 1492 1250 1536 (422).
1302 1493 1514 1536 lngolstadii
1541 1505 1692 1538 quoque,
1729 1494 1863 1529 Canisii

90 1547 245 1587 hortatu,
272 1546 400 1580 similis
426 1546 599 1580 sodalitas
617 1549 703 1580 nata
721 1548 776 1580 est
796 1546 911 1589 (778).
951 1546 1004 1579 Ad
1024 1545 1251 1580 sodalitatem
1279 1545 1461 1580 halensem
1483 1547 1648 1582 Canisius
1666 1549 1862 1583 orationem

90 1600 215 1635 habuit
244 1600 357 1644 (829).
411 1600 465 1634 Ex
491 1600 775 1644 protestantibus
806 1599 848 1633 ad
877 1598 1066 1633 ecclesiam
1094 1599 1277 1633 redierunt
1303 1600 1372 1634 viri
1398 1600 1535 1644 aliquot
1561 1602 1726 1645 spectati,
1763 1602 1864 1636 velut

91 1654 242 1688 loannes
269 1654 442 1694 Brunner,
477 1653 777 1697 Turgaviensium
814 1652 1107 1696 zwinglianorum
1144 1653 1318 1694 minister,
1354 1653 1415 1698 qui
1442 1653 1576 1688 Canisii
1613 1667 1720 1699 opera
1755 1655 1862 1689 inter-

91 1708 208 1752 posita
244 1707 278 1741 in
312 1707 550 1741 universitate
584 1707 857 1750 ingolstadiensi
892 1706 1057 1750 magistri
1093 1717 1223 1740 munus
1258 1709 1472 1741 consecutus
1499 1710 1554 1742 est
1590 1707 1705 1753 (112),
1741 1712 1777 1743 et
1803 1709 1863 1743 Se-

90 1760 278 1795 bastianus
303 1760 445 1801 Flasch,
478 1760 762 1794 Lutheranorum
789 1760 824 1794 in
854 1759 1058 1794 Palatinatu
1086 1759 1322 1801 contionatur,
1359 1760 1463 1794 homo
1489 1761 1650 1796 eruditus
1676 1765 1712 1796 et
1737 1773 1863 1805 sagax,

92 1814 149 1848 cni
177 1825 255 1848 cum
285 1814 422 1848 familia
447 1814 682 1848 sustentando
709 1813 874 1848 Canisius
901 1825 1042 1858 operam
1072 1813 1180 1847 dabat
1207 1813 1320 1855 (396).
1373 1815 1475 1848 Anno
1504 1815 1592 1848 1577
1623 1826 1688 1849 sex
1715 1815 1864 1850 iuvenes

90 1868 199 1908 sueci‚
234 1867 378 1902 scholae
413 1867 706 1911 contuberniique
733 1879 753 1901 a
782 1867 818 1901 l’.
840 1866 1030 1900 Laurentio
1056 1866 1224 1910 Norvego
1252 1867 1284 1901 S.
1315 1867 1347 1901 J.
1376 1867 1542 1901 Holmiae
1577 1867 1669 1902 clam
1705 1869 1862 1903 instituti

91 1920 195 1966 primi
223 1921 340 1961 flores,
367 1920 606 1965 Oenipontem
625 1923 812 1960 venerunt,
838 1920 920 1954 inde
939 1919 1088 1953 Romam
1108 1920 1143 1953 in
1162 1920 1354 1963 collegium
1382 1921 1626 1964 germanicum
1646 1922 1862 1967 profecturi3

91 1985 181 2019 quos
221 1974 408 2016 Canisius,
448 1975 531 2018 quia
568 1974 671 2008 ltalia
709 1973 915 2019 pestilentia
953 1973 1143 2016 urebatur,
1183 1973 1225 2008 ad
1267 1979 1408 2019 tempus
1435 1974 1615 2018 Dilingam
1651 1975 1768 2017 misit;
1805 1976 1864 2010 ubi

93 2030 264 2072 quattuor
291 2040 335 2062 ex
361 2027 406 2062 iis
434 2028 518 2071 (duo
545 2027 673 2072 reliqui
700 2030 803 2061 erant
829 2026 1012 2071 catholici)
1041 2038 1061 2061 a
1088 2027 1201 2062 Sociis
1236 2039 1281 2061 ex
1307 2027 1581 2062 Lutheranismo
1613 2028 1647 2062 in
1675 2029 1864 2063 ecclesiam

90 2082 227 2126 recepti
254 2083 339 2116 sunt
367 2081 452 2125 (413
479 2081 578 2125 420).

211 2135 261 2169 Ut
287 2134 330 2169 ad
357 2146 431 2168 rem
464 2134 680 2168 litterariam
711 2137 906 2174 transeam,
941 2133 977 2167 in
1005 2134 1198 2169 Germania
1233 2134 1401 2168 inferiore
1428 2134 1615 2169 consilium
1642 2135 1770 2169 initum
1797 2138 1863 2177 est,

93 2190 132 2223 ut
163 2188 292 2223 Patres
327 2188 448 2231 graeci
489 2190 791 2233 „repurgarentur
817 2199 837 2221 a
864 2187 1091 2222 versionibus
1128 2187 1410 2222 haereticorum‘
1443 2187 1540 2231 (53);
1578 2199 1689 2233 quare
1716 2188 1864 2223 Colonia

93 2242 148 2277 16.
174 2242 298 2276 Martii
326 2242 418 2276 1574
451 2241 490 2276 P.
518 2241 669 2276 Ioannes
706 2241 855 2276 Rethius
888 2240 922 2275 S.
949 2241 993 2281 J„
1031 2252 1161 2285 regens
1196 2241 1378 2286 gymnasii
1404 2241 1527 2276 Trium
1554 2241 1783 2283 Coronarum,
1818 2242 1863 2277 ad

91 2295 274 2331 Canisium
300 2295 450 2337 rettulit,
488 2295 530 2330 16
558 2296 655 2329 viros
681 2295 816 2337 doctos,
852 2297 888 2329 et
924 2295 959 2328 in
995 2294 1052 2329 his
1078 2295 1239 2329 Marcum
1267 2295 1462 2329 Antonium
1490 2296 1683 2334 Muretum.
1719 2308 1863 2341 operam

90 2360 193 2384 suam
236 2348 430 2391 obtulisse,
469 2351 505 2383 et
542 2349 682 2393 aliquos
720 2360 842 2383 eorum
877 2359 967 2394 opus
1004 2348 1075 2382 iam
1116 2359 1195 2383 esse
1234 2359 1427 2392 aggressos
1471 2349 1588 2392 (198).
1648 2349 1864 2385 Laurentius

92 2402 229 2444 Surius,
265 2401 500 2437 Cartusianus
536 2402 761 2443 coloniensis,
799 2413 888 2447 opus
918 2402 991 2444 „De
1026 2401 1187 2447 probatis
1214 2401 1425 2436 Sanctorum
1461 2401 1642 2437 historiis“
1672 2414 1738 2437 sex
1764 2402 1863 2438 volu-

91 2456 246 2491 minibus
272 2455 447 2497 absolvit;
475 2458 511 2490 et
530 2448 697 2490 Canisius
723 2456 818 2490 hunc
837 2455 906 2490 viri
937 2454 1141 2501 „praeclare
1167 2455 1304 2489 meriti“
1331 2459 1368 2489 et
1393 2455 1460 2489 sibi
1487 2455 1697 2490 amicissimi
1723 2456 1864 2497 librum,

91 2521 161 2554 quo
199 2511 318 2552 „certo
353 2509 472 2544 ornari
508 2509 719 2544 ecelesiam“
760 2510 950 2551 censebat,
986 2509 1144 2554 pontifici
1181 2508 1394 2542 tradendum
1430 2509 1590 2550 curavit;
1627 2521 1648 2543 a
1683 2509 1864 2545 cardinale

92 2565 213 2598 autem
248 2562 429 2597 Ludovico
463 2563 646 2597 Madrutio
685 2563 807 2608 petiit,
846 2565 887 2596 ut
921 2562 1034 2597 eidem
1072 2562 1170 2607 operi
1204 2562 1456 2607 amplificando
1490 2562 1693 2607 iterumque
1728 2563 1864 2598 edendo

77 2614 323 2651 ‘monumenta
358 2616 491 2650 Romae
529 2616 736 2660 colligeret;
775 2616 872 2650 vitas
910 2616 1003 2650 enim
1040 2616 1250 2650 Sanctorum
1289 2616 1389 2661 typis
1424 2615 1575 2659 vulgare
1613 2616 1864 2659 „historiarum

91 2680 207 2714 genus
232 2669 520 2704 laudatissimum
549 2672 585 2704 et
613 2669 863 2704 utilissimum“
895 2681 975 2704 esse
1010 2670 1092 2709 (217
1121 2669 1219 2713 292).
1270 2668 1322 2703 Ea
1348 2669 1390 2703 de
1417 2680 1528 2703 causa
1555 2668 1720 2704 Canisius
1756 2670 1863 2704 etiam

92 2723 200 2757 Petro
239 2723 498 2758 Ribadeneirae
535 2723 570 2758 S.
602 2724 634 2758 J.
673 2722 805 2758 multas
843 2723 1093 2757 adnotationes
1131 2722 1175 2756 ad
1211 2722 1322 2756 vitam
1363 2722 1495 2767 Ignatii
1533 2722 1677 2757 Loiolae
1715 2721 1864 2768 Neapoli

92 2788 125 2811 a.
146 2776 236 2811 1572
263 2776 308 2810 ab
335 2788 376 2810 eo
403 2776 534 2811 editam
562 2777 679 2818 misit;
712 2788 803 2821 quae
830 2776 994 2810 relationi
1022 2775 1283 2810 Ribadeneirae
1310 2778 1345 2810 et
1371 2787 1539 2820 magnam
1567 2776 1674 2810 fidem
1701 2777 1864 2819 afferunt,

93 2832 130 2865 et
155 2830 355 2875 complures
381 2841 438 2864 res
472 2841 586 2864 novas
612 2831 803 2871 adiiciunt:
842 2842 883 2864 ac
910 2829 1150 2864 Ribadeneira
1186 2830 1219 2863 in
1255 2829 1335 2863 libri
1371 2829 1528 2864 editione
1553 2829 1693 2864 Matriti
1720 2841 1752 2864 a.
1774 2829 1864 2865 1583

93 2883 202 2924 facta,
238 2895 344 2928 quam
380 2883 515 2918 multae
547 2883 640 2918 aliae
666 2886 812 2918 secutae
839 2886 933 2924 sunt,
970 2883 1024 2924 iis,
1060 2894 1152 2927 quae
1179 2882 1346 2918 Canisius
1373 2883 1414 2917 de
1440 2883 1547 2918 rebus
1573 2894 1594 2917 a
1619 2882 1731 2917 Beato
1762 2883 1865 2918 Petro

219 2993 224 3007 ¹
254 2989 448 3025 Historicis
473 2989 574 3025 utilis
593 3001 673 3025 esse
700 2992 819 3035 potest
846 2989 953 3024 etiam
973 2990 1086 3023 oratio
1105 2989 1267 3023 funebris
1285 2999 1306 3023 a
1325 2987 1468 3023 Canisio
1486 2988 1610 3024 habita
1629 2988 1664 3023 in
1683 2989 1864 3033 exsequiis

96 3042 314 3078 Catharinae
349 3043 496 3086 reginae
523 3043 704 3084 Poloniae,
741 3054 832 3087 quae
860 3045 895 3077 et
921 3043 999 3087 ipsa
1027 3042 1240 3076 Ferdinandi
1269 3042 1296 3077 Ι.
1323 3041 1396 3076 filia
1423 3042 1541 3076 fuerat
1569 3045 1604 3076 et
1629 3042 1763 3076 multas
1788 3054 1864 3077 sus-

93 3096 253 3131 tinuerat
278 3108 469 3132 aerumnas
498 3097 613 3140 (634).
664 3096 717 3131 De
745 3096 883 3131 Helena
909 3107 1059 3140 quoque,
1094 3107 1199 3141 quam
1227 3107 1335 3140 supra
1362 3095 1447 3138 dixi,
1476 3095 1641 3131 Canisius
1668 3096 1864 3130 orationem

94 3150 279 3184 funebrem
306 3149 450 3191 habuit;
477 3150 540 3185 sed
566 3150 656 3185 haec
681 3150 757 3185 fere
783 3152 858 3184 tota
885 3149 1022 3184 interiit
1050 3150 1163 3192 (710).
