<?xml version="1.0" encoding="UTF-8"?>
<!DOCTYPE html PUBLIC "-//W3C//DTD XHTML 1.0 Transitional//EN"
    "http://www.w3.org/TR/xhtml1/DTD/xhtml1-transitional.dtd">
<html xmlns="http://www.w3.org/1999/xhtml" xml:lang="en" lang="en">
 <head>
  <title>
</title>
<meta http-equiv="Content-Type" content="text/html;charset=utf-8" />
  <meta name='ocr-system' content='tesseract 3.04.00' />
  <meta name='ocr-capabilities' content='ocr_page ocr_carea ocr_par ocr_line ocrx_word'/>
</head>
<body>
  <div class='ocr_page' id='page_1' title='image "beatipetricanisi07cani_0409.png"; bbox 0 0 2062 3443; ppageno 0'>
   <div class='ocr_carea' id='block_1_1' title="bbox 0 1054 5 1640">
    <p class='ocr_par' dir='ltr' id='par_1_1' title="bbox 0 1054 5 1640">
     <span class='ocr_line' id='line_1_1' title="bbox 0 1054 5 1640; baseline 0 0"><span class='ocrx_word' id='word_1_1' title='bbox 0 1054 5 1640; x_wconf 95' lang='lat' dir='ltr'> </span> 
     </span>
    </p>
   </div>
   <div class='ocr_carea' id='block_1_2' title="bbox 0 2677 5 3197">
    <p class='ocr_par' dir='ltr' id='par_1_2' title="bbox 0 2677 5 3197">
     <span class='ocr_line' id='line_1_2' title="bbox 0 2677 5 3197; baseline 0 0"><span class='ocrx_word' id='word_1_2' title='bbox 0 2677 5 3197; x_wconf 95' lang='lat' dir='ltr'> </span> 
     </span>
    </p>
   </div>
   <div class='ocr_carea' id='block_1_3' title="bbox 647 150 1830 198">
    <p class='ocr_par' dir='ltr' id='par_1_3' title="bbox 647 150 1830 198">
     <span class='ocr_line' id='line_1_3' title="bbox 647 150 1830 198; baseline 0.003 -11"><span class='ocrx_word' id='word_1_3' title='bbox 647 152 848 198; x_wconf 85' lang='lat' dir='ltr'>Oeniponte</span> <span class='ocrx_word' id='word_1_4' title='bbox 875 152 907 187; x_wconf 91' lang='lat'>2.</span> <span class='ocrx_word' id='word_1_5' title='bbox 926 150 1112 186; x_wconf 76' lang='lat' dir='ltr'>Februarii</span> <span class='ocrx_word' id='word_1_6' title='bbox 1140 151 1242 186; x_wconf 83' lang='lat'>1576.</span> <span class='ocrx_word' id='word_1_7' title='bbox 1745 154 1830 196; x_wconf 84' lang='lat'>315</span> 
     </span>
    </p>
   </div>
   <div class='ocr_carea' id='block_1_4' title="bbox 20 269 1839 1172">
    <p class='ocr_par' dir='ltr' id='par_1_4' title="bbox 20 269 1832 389">
     <span class='ocr_line' id='line_1_4' title="bbox 57 269 1832 327; baseline -0.002 -13"><span class='ocrx_word' id='word_1_8' title='bbox 57 272 216 327; x_wconf 88' lang='lat' dir='ltr'>putant</span> <span class='ocrx_word' id='word_1_9' title='bbox 247 271 459 313; x_wconf 89' lang='lat' dir='ltr'>hactenus</span> <span class='ocrx_word' id='word_1_10' title='bbox 491 272 666 313; x_wconf 90' lang='lat' dir='ltr'>nostros</span> <span class='ocrx_word' id='word_1_11' title='bbox 688 269 814 323; x_wconf 84' lang='lat' dir='ltr'>quasi</span> <span class='ocrx_word' id='word_1_12' title='bbox 844 269 888 311; x_wconf 91' lang='lat' dir='ltr'>in</span> <span class='ocrx_word' id='word_1_13' title='bbox 920 269 1112 312; x_wconf 89' lang='lat' dir='ltr'>tenebris</span> <span class='ocrx_word' id='word_1_14' title='bbox 1143 269 1379 320; x_wconf 88' lang='lat' dir='ltr'>ambulare,</span> <span class='ocrx_word' id='word_1_15' title='bbox 1414 283 1493 312; x_wconf 91' lang='lat' dir='ltr'>nec</span> <span class='ocrx_word' id='word_1_16' title='bbox 1523 270 1666 323; x_wconf 88' lang='lat' dir='ltr'>urgeri</span> <span class='ocrx_word' id='word_1_17' title='bbox 1698 283 1832 323; x_wconf 87' lang='lat' dir='ltr'>nego-</span> 
     </span>
     <span class='ocr_line' id='line_1_5' title="bbox 20 333 1831 389; baseline -0.001 -10"><span class='ocrx_word' id='word_1_18' title='bbox 20 377 22 380; x_wconf 70' lang='lat'>,</span> <span class='ocrx_word' id='word_1_19' title='bbox 56 336 165 379; x_wconf 89' lang='lat' dir='ltr'>tium</span> <span class='ocrx_word' id='word_1_20' title='bbox 198 336 375 386; x_wconf 86' lang='lat' dir='ltr'>Romae,</span> <span class='ocrx_word' id='word_1_21' title='bbox 418 337 467 377; x_wconf 93' lang='lat' dir='ltr'>ut</span> <span class='ocrx_word' id='word_1_22' title='bbox 497 334 711 389; x_wconf 82' lang='lat' dir='ltr'>scrupulis</span> <span class='ocrx_word' id='word_1_23' title='bbox 744 333 908 377; x_wconf 89' lang='lat' dir='ltr'>obortis</span> <span class='ocrx_word' id='word_1_24' title='bbox 949 333 1064 376; x_wconf 88' lang='lat' dir='ltr'>circa</span> <span class='ocrx_word' id='word_1_25' title='bbox 1096 334 1293 376; x_wconf 88' lang='lat' dir='ltr'>Romana</span> <span class='ocrx_word' id='word_1_26' title='bbox 1331 336 1570 389; x_wconf 78' lang='lat' dir='ltr'>responsal</span> <span class='ocrx_word' id='word_1_27' title='bbox 1600 334 1710 377; x_wconf 80' lang='lat' dir='ltr'>satis</span> <span class='ocrx_word' id='word_1_28' title='bbox 1741 336 1831 377; x_wconf 88' lang='lat' dir='ltr'>fiat.</span> 
     </span>
    </p>

    <p class='ocr_par' dir='ltr' id='par_1_5' title="bbox 56 399 1839 1172">
     <span class='ocr_line' id='line_1_6' title="bbox 177 399 1834 454; baseline -0.001 -11"><span class='ocrx_word' id='word_1_29' title='bbox 177 401 323 451; x_wconf 59' lang='lat' dir='ltr'>Quod*</span> <span class='ocrx_word' id='word_1_30' title='bbox 346 400 400 443; x_wconf 86' lang='lat' dir='ltr'>ad</span> <span class='ocrx_word' id='word_1_31' title='bbox 423 401 655 443; x_wconf 83' lang='lat' dir='ltr'>Rectorem</span> <span class='ocrx_word' id='word_1_32' title='bbox 679 399 1029 454; x_wconf 88' lang='lat' dir='ltr'>Oenipontanum</span> <span class='ocrx_word' id='word_1_33' title='bbox 1057 399 1231 450; x_wconf 76' lang='lat' dir='ltr'>attinet,</span> <span class='ocrx_word' id='word_1_34' title='bbox 1259 399 1408 452; x_wconf 87' lang='lat' dir='ltr'>grauis</span> <span class='ocrx_word' id='word_1_35' title='bbox 1431 413 1564 442; x_wconf 87' lang='lat' dir='ltr'>causa</span> <span class='ocrx_word' id='word_1_36' title='bbox 1585 402 1667 450; x_wconf 89' lang='lat' dir='ltr'>est,</span> <span class='ocrx_word' id='word_1_37' title='bbox 1701 400 1834 453; x_wconf 79' lang='lat' dir='ltr'>quaeb</span> 
     </span>
     <span class='ocr_line' id='line_1_7' title="bbox 57 463 1832 520; baseline -0.002 -12"><span class='ocrx_word' id='word_1_38' title='bbox 57 465 330 520; x_wconf 86' lang='lat' dir='ltr'>Principem2</span> <span class='ocrx_word' id='word_1_39' title='bbox 361 466 416 508; x_wconf 86' lang='lat' dir='ltr'>ab</span> <span class='ocrx_word' id='word_1_40' title='bbox 448 466 522 507; x_wconf 93' lang='lat' dir='ltr'>illo</span> <span class='ocrx_word' id='word_1_41' title='bbox 565 469 610 508; x_wconf 93' lang='lat' dir='ltr'>et</span> <span class='ocrx_word' id='word_1_42' title='bbox 651 464 832 519; x_wconf 85' lang='lat' dir='ltr'>collegio</span> <span class='ocrx_word' id='word_1_43' title='bbox 873 463 1152 514; x_wconf 88' lang='lat' dir='ltr'>abalienauit‚</span> <span class='ocrx_word' id='word_1_44' title='bbox 1186 464 1369 517; x_wconf 89' lang='lat' dir='ltr'>ideoque</span> <span class='ocrx_word' id='word_1_45' title='bbox 1402 465 1437 506; x_wconf 91' lang='lat' dir='ltr'>si</span> <span class='ocrx_word' id='word_1_46' title='bbox 1465 467 1598 507; x_wconf 84' lang='lat' dir='ltr'>antea</span> <span class='ocrx_word' id='word_1_47' title='bbox 1629 478 1832 518; x_wconf 86' lang='lat' dir='ltr'>unquam,</span> 
     </span>
     <span class='ocr_line' id='line_1_8' title="bbox 57 529 1835 585; baseline -0.002 -11"><span class='ocrx_word' id='word_1_48' title='bbox 57 545 173 574; x_wconf 91' lang='lat' dir='ltr'>nunc</span> <span class='ocrx_word' id='word_1_49' title='bbox 204 531 342 573; x_wconf 92' lang='lat' dir='ltr'>multo</span> <span class='ocrx_word' id='word_1_50' title='bbox 374 530 515 584; x_wconf 85' lang='lat' dir='ltr'>magis</span> <span class='ocrx_word' id='word_1_51' title='bbox 548 530 755 585; x_wconf 85' lang='lat' dir='ltr'>expedire</span> <span class='ocrx_word' id='word_1_52' title='bbox 787 529 972 579; x_wconf 89' lang='lat' dir='ltr'>uidetur,</span> <span class='ocrx_word' id='word_1_53' title='bbox 1006 531 1055 571; x_wconf 93' lang='lat' dir='ltr'>ut</span> <span class='ocrx_word' id='word_1_54' title='bbox 1077 529 1277 572; x_wconf 83' lang='lat' dir='ltr'>Rectoris</span> <span class='ocrx_word' id='word_1_55' title='bbox 1309 529 1435 571; x_wconf 88' lang='lat' dir='ltr'>huius</span> <span class='ocrx_word' id='word_1_56' title='bbox 1466 531 1545 572; x_wconf 90' lang='lat' dir='ltr'>fiat</span> <span class='ocrx_word' id='word_1_57' title='bbox 1566 530 1765 580; x_wconf 88' lang='lat' dir='ltr'>mutatio,</span> <span class='ocrx_word' id='word_1_58' title='bbox 1799 529 1835 570; x_wconf 91' lang='lat' dir='ltr'>si</span> 
     </span>
     <span class='ocr_line' id='line_1_9' title="bbox 58 594 1835 650; baseline -0.002 -11"><span class='ocrx_word' id='word_1_59' title='bbox 58 597 279 639; x_wconf 86' lang='lat' dir='ltr'>fauentem</span> <span class='ocrx_word' id='word_1_60' title='bbox 312 596 472 638; x_wconf 89' lang='lat' dir='ltr'>habere</span> <span class='ocrx_word' id='word_1_61' title='bbox 504 595 748 650; x_wconf 83' lang='lat' dir='ltr'>Principem</span> <span class='ocrx_word' id='word_1_62' title='bbox 782 595 1017 649; x_wconf 88' lang='lat' dir='ltr'>cupiamus.</span> <span class='ocrx_word' id='word_1_63' title='bbox 1064 594 1130 636; x_wconf 92' lang='lat' dir='ltr'>De</span> <span class='ocrx_word' id='word_1_64' title='bbox 1162 608 1296 636; x_wconf 89' lang='lat' dir='ltr'>causa</span> <span class='ocrx_word' id='word_1_65' title='bbox 1326 594 1422 649; x_wconf 89' lang='lat' dir='ltr'>ipsa</span> <span class='ocrx_word' id='word_1_66' title='bbox 1455 595 1500 638; x_wconf 91' lang='lat' dir='ltr'>P.</span> <span class='ocrx_word' id='word_1_67' title='bbox 1526 595 1835 637; x_wconf 90' lang='lat' dir='ltr'>Prouintialem</span> 
     </span>
     <span class='ocr_line' id='line_1_10' title="bbox 58 659 1837 716; baseline -0.001 -12"><span class='ocrx_word' id='word_1_68' title='bbox 58 661 217 713; x_wconf 92' lang='lat' dir='ltr'>monui,</span> <span class='ocrx_word' id='word_1_69' title='bbox 236 665 466 716; x_wconf 81' lang='lat' dir='ltr'>postquam</span> <span class='ocrx_word' id='word_1_70' title='bbox 485 674 581 703; x_wconf 87' lang='lat' dir='ltr'>eam</span> <span class='ocrx_word' id='word_1_71' title='bbox 601 674 656 703; x_wconf 85' lang='lat' dir='ltr'>ex</span> <span class='ocrx_word' id='word_1_72' title='bbox 673 659 939 703; x_wconf 89' lang='lat' dir='ltr'>Cancellario</span> <span class='ocrx_word' id='word_1_73' title='bbox 958 659 1166 714; x_wconf 89' lang='lat' dir='ltr'>principis</span> <span class='ocrx_word' id='word_1_74' title='bbox 1179 660 1196 687; x_wconf 81' lang='lat'>3</span> <span class='ocrx_word' id='word_1_75' title='bbox 1217 659 1429 711; x_wconf 81' lang='lat' dir='ltr'>intellexi,</span> <span class='ocrx_word' id='word_1_76' title='bbox 1453 661 1652 714; x_wconf 88' lang='lat' dir='ltr'>idemque</span> <span class='ocrx_word' id='word_1_77' title='bbox 1674 660 1837 704; x_wconf 87' lang='lat' dir='ltr'>iudicat</span> 
     </span>
     <span class='ocr_line' id='line_1_11' title="bbox 58 725 1836 780; baseline -0.001 -11"><span class='ocrx_word' id='word_1_78' title='bbox 58 727 171 769; x_wconf 90' lang='lat' dir='ltr'>hunc</span> <span class='ocrx_word' id='word_1_79' title='bbox 211 741 336 769; x_wconf 88' lang='lat' dir='ltr'>suum</span> <span class='ocrx_word' id='word_1_80' title='bbox 369 726 612 780; x_wconf 84' lang='lat' dir='ltr'>Principem</span> <span class='ocrx_word' id='word_1_81' title='bbox 654 740 739 768; x_wconf 90' lang='lat' dir='ltr'>non</span> <span class='ocrx_word' id='word_1_82' title='bbox 781 725 910 768; x_wconf 89' lang='lat' dir='ltr'>facile</span> <span class='ocrx_word' id='word_1_83' title='bbox 950 739 1078 779; x_wconf 91' lang='lat' dir='ltr'>posse</span> <span class='ocrx_word' id='word_1_84' title='bbox 1115 725 1280 779; x_wconf 84' lang='lat' dir='ltr'>placari</span> <span class='ocrx_word' id='word_1_85' title='bbox 1322 728 1366 768; x_wconf 88' lang='lat' dir='ltr'>et</span> <span class='ocrx_word' id='word_1_86' title='bbox 1407 725 1628 768; x_wconf 88' lang='lat' dir='ltr'>conciliari</span> <span class='ocrx_word' id='word_1_87' title='bbox 1660 725 1836 769; x_wconf 87' lang='lat' dir='ltr'>Rectori</span> 
     </span>
     <span class='ocr_line' id='line_1_12' title="bbox 56 789 1834 846; baseline -0.001 -12"><span class='ocrx_word' id='word_1_88' title='bbox 56 795 149 835; x_wconf 90' lang='lat' dir='ltr'>tam</span> <span class='ocrx_word' id='word_1_89' title='bbox 182 791 379 845; x_wconf 85' lang='lat' dir='ltr'>grauiter</span> <span class='ocrx_word' id='word_1_90' title='bbox 419 791 534 846; x_wconf 91' lang='lat' dir='ltr'>apud</span> <span class='ocrx_word' id='word_1_91' title='bbox 575 805 622 833; x_wconf 92' lang='lat' dir='ltr'>se</span> <span class='ocrx_word' id='word_1_92' title='bbox 665 791 902 833; x_wconf 85' lang='lat' dir='ltr'>diffamato.</span> <span class='ocrx_word' id='word_1_93' title='bbox 967 789 1176 843; x_wconf 87' lang='lat' dir='ltr'>Quicquid</span> <span class='ocrx_word' id='word_1_94' title='bbox 1218 792 1365 833; x_wconf 90' lang='lat' dir='ltr'>autem</span> <span class='ocrx_word' id='word_1_95' title='bbox 1408 791 1461 833; x_wconf 89' lang='lat' dir='ltr'>de</span> <span class='ocrx_word' id='word_1_96' title='bbox 1495 791 1568 833; x_wconf 92' lang='lat' dir='ltr'>illo</span> <span class='ocrx_word' id='word_1_97' title='bbox 1601 793 1834 841; x_wconf 89' lang='lat' dir='ltr'>statuetur,</span> 
     </span>
     <span class='ocr_line' id='line_1_13' title="bbox 57 855 1836 911; baseline -0.001 -12"><span class='ocrx_word' id='word_1_98' title='bbox 57 857 163 900; x_wconf 90' lang='lat' dir='ltr'>mihi</span> <span class='ocrx_word' id='word_1_99' title='bbox 204 860 378 911; x_wconf 86' lang='lat' dir='ltr'>gratum</span> <span class='ocrx_word' id='word_1_100' title='bbox 417 856 513 899; x_wconf 88' lang='lat' dir='ltr'>erit.</span> <span class='ocrx_word' id='word_1_101' title='bbox 577 857 807 910; x_wconf 85' lang='lat' dir='ltr'>Jndigeret</span> <span class='ocrx_word' id='word_1_102' title='bbox 847 855 1025 898; x_wconf 89' lang='lat' dir='ltr'>meliore</span> <span class='ocrx_word' id='word_1_103' title='bbox 1065 855 1352 898; x_wconf 85' lang='lat' dir='ltr'>instructione</span> <span class='ocrx_word' id='word_1_104' title='bbox 1396 856 1511 898; x_wconf 84' lang='lat' dir='ltr'>circa</span> <span class='ocrx_word' id='word_1_105' title='bbox 1543 862 1723 898; x_wconf 78' lang='lat' dir='ltr'>munus⁰</span> <span class='ocrx_word' id='word_1_106' title='bbox 1756 856 1836 898; x_wconf 87' lang='lat' dir='ltr'>hoc</span> 
     </span>
     <span class='ocr_line' id='line_1_14' title="bbox 57 920 1837 976; baseline -0.001 -11"><span class='ocrx_word' id='word_1_107' title='bbox 57 922 291 965; x_wconf 88' lang='lat' dir='ltr'>Rectorale</span> <span class='ocrx_word' id='word_1_108' title='bbox 324 922 579 971; x_wconf 89' lang='lat' dir='ltr'>obeundum,</span> <span class='ocrx_word' id='word_1_109' title='bbox 614 924 662 964; x_wconf 91' lang='lat' dir='ltr'>ut</span> <span class='ocrx_word' id='word_1_110' title='bbox 683 921 837 975; x_wconf 84' lang='lat' dir='ltr'>scripsi</span> <span class='ocrx_word' id='word_1_111' title='bbox 860 920 1032 963; x_wconf 74' lang='lat' dir='ltr'>alias⁶4.</span> <span class='ocrx_word' id='word_1_112' title='bbox 1069 920 1245 964; x_wconf 87' lang='lat' dir='ltr'>Vellent</span> <span class='ocrx_word' id='word_1_113' title='bbox 1268 921 1355 976; x_wconf 84' lang='lat' dir='ltr'>alij,</span> <span class='ocrx_word' id='word_1_114' title='bbox 1389 924 1438 963; x_wconf 91' lang='lat' dir='ltr'>ut</span> <span class='ocrx_word' id='word_1_115' title='bbox 1461 921 1738 963; x_wconf 85' lang='lat' dir='ltr'>Consiliarios</span> <span class='ocrx_word' id='word_1_116' title='bbox 1761 921 1837 963; x_wconf 91' lang='lat' dir='ltr'>ad·</span> 
     </span>
     <span class='ocr_line' id='line_1_15' title="bbox 60 985 1838 1041; baseline -0.002 -11"><span class='ocrx_word' id='word_1_117' title='bbox 60 988 242 1039; x_wconf 84' lang='lat' dir='ltr'>biberet,</span> <span class='ocrx_word' id='word_1_118' title='bbox 275 1001 510 1041; x_wconf 88' lang='lat' dir='ltr'>eorumque</span> <span class='ocrx_word' id='word_1_119' title='bbox 543 1001 676 1041; x_wconf 88' lang='lat' dir='ltr'>opera</span> <span class='ocrx_word' id='word_1_120' title='bbox 708 985 882 1040; x_wconf 86' lang='lat' dir='ltr'>saepius</span> <span class='ocrx_word' id='word_1_121' title='bbox 913 988 1123 1029; x_wconf 89' lang='lat' dir='ltr'>uteretur.</span> <span class='ocrx_word' id='word_1_122' title='bbox 1187 986 1306 1029; x_wconf 86' lang='lat' dir='ltr'>Satis</span> <span class='ocrx_word' id='word_1_123' title='bbox 1338 989 1408 1029; x_wconf 91' lang='lat' dir='ltr'>est</span> <span class='ocrx_word' id='word_1_124' title='bbox 1439 987 1547 1028; x_wconf 87' lang='lat' dir='ltr'>haec</span> <span class='ocrx_word' id='word_1_125' title='bbox 1580 986 1753 1040; x_wconf 85' lang='lat' dir='ltr'>aliaque</span> <span class='ocrx_word' id='word_1_126' title='bbox 1785 986 1838 1028; x_wconf 90' lang='lat' dir='ltr'>de</span> 
     </span>
     <span class='ocr_line' id='line_1_16' title="bbox 58 1051 1839 1108; baseline -0.001 -12"><span class='ocrx_word' id='word_1_127' title='bbox 58 1053 133 1096; x_wconf 90' lang='lat' dir='ltr'>illo</span> <span class='ocrx_word' id='word_1_128' title='bbox 166 1053 460 1108; x_wconf 85' lang='lat' dir='ltr'>superioribus</span> <span class='ocrx_word' id='word_1_129' title='bbox 492 1066 588 1094; x_wconf 89' lang='lat' dir='ltr'>esse</span> <span class='ocrx_word' id='word_1_130' title='bbox 611 1054 737 1095; x_wconf 88' lang='lat' dir='ltr'>nota:</span> <span class='ocrx_word' id='word_1_131' title='bbox 771 1051 875 1093; x_wconf 91' lang='lat' dir='ltr'>mihi</span> <span class='ocrx_word' id='word_1_132' title='bbox 901 1051 1010 1094; x_wconf 90' lang='lat' dir='ltr'>satis</span> <span class='ocrx_word' id='word_1_133' title='bbox 1042 1054 1122 1102; x_wconf 89' lang='lat' dir='ltr'>est,</span> <span class='ocrx_word' id='word_1_134' title='bbox 1156 1051 1340 1106; x_wconf 87' lang='lat' dir='ltr'>priuatis</span> <span class='ocrx_word' id='word_1_135' title='bbox 1372 1052 1528 1107; x_wconf 85' lang='lat' dir='ltr'>studijs</span> <span class='ocrx_word' id='word_1_136' title='bbox 1560 1066 1719 1094; x_wconf 88' lang='lat' dir='ltr'>uacare</span> <span class='ocrx_word' id='word_1_137' title='bbox 1731 1053 1760 1103; x_wconf 83' lang='lat'>5,</span> <span class='ocrx_word' id='word_1_138' title='bbox 1795 1055 1839 1095; x_wconf 91' lang='lat' dir='ltr'>et</span> 
     </span>
     <span class='ocr_line' id='line_1_17' title="bbox 59 1116 957 1172; baseline -0.001 -11"><span class='ocrx_word' id='word_1_139' title='bbox 59 1119 104 1162; x_wconf 89' lang='lat' dir='ltr'>in</span> <span class='ocrx_word' id='word_1_140' title='bbox 135 1118 308 1161; x_wconf 89' lang='lat' dir='ltr'>silentio</span> <span class='ocrx_word' id='word_1_141' title='bbox 341 1121 576 1172; x_wconf 83' lang='lat' dir='ltr'>expectare</span> <span class='ocrx_word' id='word_1_142' title='bbox 608 1117 802 1160; x_wconf 84' lang='lat' dir='ltr'>salutare</span> <span class='ocrx_word' id='word_1_143' title='bbox 834 1116 915 1158; x_wconf 89' lang='lat' dir='ltr'>Dei</span> <span class='ocrx_word' id='word_1_144' title='bbox 928 1117 957 1160; x_wconf 74' lang='lat'>⁶.</span> 
     </span>
    </p>
   </div>
   <div class='ocr_carea' id='block_1_5' title="bbox 0 1188 1843 2158">
    <p class='ocr_par' dir='ltr' id='par_1_6' title="bbox 0 1188 1843 2158">
     <span class='ocr_line' id='line_1_18' title="bbox 180 1188 1840 1245; baseline -0.001 -13"><span class='ocrx_word' id='word_1_145' title='bbox 180 1189 391 1245; x_wconf 69' lang='lat' dir='ltr'>Transijlz0</span> <span class='ocrx_word' id='word_1_146' title='bbox 423 1189 489 1232; x_wconf 90' lang='lat' dir='ltr'>his</span> <span class='ocrx_word' id='word_1_147' title='bbox 522 1189 673 1231; x_wconf 91' lang='lat' dir='ltr'>diebus</span> <span class='ocrx_word' id='word_1_148' title='bbox 704 1188 915 1231; x_wconf 88' lang='lat' dir='ltr'>Dominus</span> <span class='ocrx_word' id='word_1_149' title='bbox 947 1188 1100 1230; x_wconf 89' lang='lat' dir='ltr'>Comes</span> <span class='ocrx_word' id='word_1_150' title='bbox 1132 1188 1184 1229; x_wconf 89' lang='lat' dir='ltr'>de</span> <span class='ocrx_word' id='word_1_151' title='bbox 1207 1188 1356 1230; x_wconf 91' lang='lat' dir='ltr'>Portia</span> <span class='ocrx_word' id='word_1_152' title='bbox 1369 1188 1397 1239; x_wconf 85' lang='lat'>⁷,</span> <span class='ocrx_word' id='word_1_153' title='bbox 1432 1188 1707 1231; x_wconf 87' lang='lat' dir='ltr'>Monachium</span> <span class='ocrx_word' id='word_1_154' title='bbox 1740 1202 1840 1242; x_wconf 92' lang='lat' dir='ltr'>pro-</span> 
     </span>
     <span class='ocr_line' id='line_1_19' title="bbox 59 1253 1839 1309; baseline -0.002 -11"><span class='ocrx_word' id='word_1_155' title='bbox 59 1255 271 1306; x_wconf 90' lang='lat' dir='ltr'>ficiscens,</span> <span class='ocrx_word' id='word_1_156' title='bbox 305 1269 436 1309; x_wconf 92' lang='lat' dir='ltr'>seque</span> <span class='ocrx_word' id='word_1_157' title='bbox 468 1254 648 1309; x_wconf 85' lang='lat' dir='ltr'>purgari</span> <span class='ocrx_word' id='word_1_158' title='bbox 676 1254 826 1305; x_wconf 91' lang='lat' dir='ltr'>uoluit,</span> <span class='ocrx_word' id='word_1_159' title='bbox 861 1253 975 1306; x_wconf 92' lang='lat' dir='ltr'>quod</span> <span class='ocrx_word' id='word_1_160' title='bbox 999 1254 1053 1295; x_wconf 91' lang='lat' dir='ltr'>ad</span> <span class='ocrx_word' id='word_1_161' title='bbox 1075 1267 1269 1295; x_wconf 90' lang='lat' dir='ltr'>mensam</span> <span class='ocrx_word' id='word_1_162' title='bbox 1302 1267 1329 1296; x_wconf 89' lang='lat' dir='ltr'>a</span> <span class='ocrx_word' id='word_1_163' title='bbox 1361 1254 1408 1296; x_wconf 90' lang='lat' dir='ltr'>P.</span> <span class='ocrx_word' id='word_1_164' title='bbox 1431 1254 1480 1297; x_wconf 88' lang='grc' dir='ltr'>Τ.</span> <span class='ocrx_word' id='word_1_165' title='bbox 1503 1253 1715 1296; x_wconf 87' lang='lat' dir='ltr'>inuitatus</span> <span class='ocrx_word' id='word_1_166' title='bbox 1738 1256 1839 1295; x_wconf 90' lang='lat' dir='ltr'>ante</span> 
     </span>
     <span class='ocr_line' id='line_1_20' title="bbox 59 1318 1841 1374; baseline -0.002 -11"><span class='ocrx_word' id='word_1_167' title='bbox 59 1321 298 1363; x_wconf 85' lang='lat' dir='ltr'>discessum</span> <span class='ocrx_word' id='word_1_168' title='bbox 331 1334 417 1362; x_wconf 90' lang='lat' dir='ltr'>non</span> <span class='ocrx_word' id='word_1_169' title='bbox 448 1320 631 1362; x_wconf 90' lang='lat' dir='ltr'>uenerit.</span> <span class='ocrx_word' id='word_1_170' title='bbox 684 1319 832 1373; x_wconf 82' lang='lat' dir='ltr'>Jgitur</span> <span class='ocrx_word' id='word_1_171' title='bbox 863 1319 1087 1361; x_wconf 90' lang='lat' dir='ltr'>nobiscum</span> <span class='ocrx_word' id='word_1_172' title='bbox 1110 1332 1289 1360; x_wconf 90' lang='lat' dir='ltr'>coenam</span> <span class='ocrx_word' id='word_1_173' title='bbox 1322 1318 1520 1374; x_wconf 83' lang='lat' dir='ltr'>sumpsit,</span> <span class='ocrx_word' id='word_1_174' title='bbox 1555 1321 1604 1362; x_wconf 92' lang='lat' dir='ltr'>ut</span> <span class='ocrx_word' id='word_1_175' title='bbox 1636 1321 1841 1373; x_wconf 87' lang='lat' dir='ltr'>pensaret</span> 
     </span>
     <span class='ocr_line' id='line_1_21' title="bbox 60 1383 1842 1440; baseline -0.002 -12"><span class='ocrx_word' id='word_1_176' title='bbox 60 1386 176 1440; x_wconf 91' lang='lat' dir='ltr'>quod</span> <span class='ocrx_word' id='word_1_177' title='bbox 217 1385 346 1429; x_wconf 86' lang='lat' dir='ltr'>isthic</span> <span class='ocrx_word' id='word_1_178' title='bbox 387 1387 615 1440; x_wconf 85' lang='lat' dir='ltr'>praestare</span> <span class='ocrx_word' id='word_1_179' title='bbox 652 1398 738 1426; x_wconf 90' lang='lat' dir='ltr'>non</span> <span class='ocrx_word' id='word_1_180' title='bbox 770 1386 959 1439; x_wconf 87' lang='lat' dir='ltr'>poterat,</span> <span class='ocrx_word' id='word_1_181' title='bbox 1002 1384 1114 1426; x_wconf 89' lang='lat' dir='ltr'>sicut</span> <span class='ocrx_word' id='word_1_182' title='bbox 1155 1384 1247 1438; x_wconf 88' lang='lat' dir='ltr'>ipse</span> <span class='ocrx_word' id='word_1_183' title='bbox 1289 1384 1563 1427; x_wconf 72' lang='lat' dir='ltr'>affirmauit‘.</span> <span class='ocrx_word' id='word_1_184' title='bbox 1627 1384 1748 1433; x_wconf 86' lang='lat' dir='ltr'>Quod</span> <span class='ocrx_word' id='word_1_185' title='bbox 1786 1383 1842 1425; x_wconf 88' lang='lat' dir='ltr'>ad</span> 
     </span>
     <span class='ocr_line' id='line_1_22' title="bbox 62 1448 1842 1505; baseline -0.002 -12"><span class='ocrx_word' id='word_1_186' title='bbox 62 1451 110 1494; x_wconf 94' lang='lat' dir='ltr'>P.</span> <span class='ocrx_word' id='word_1_187' title='bbox 144 1450 295 1493; x_wconf 91' lang='lat' dir='ltr'>Toledi</span> <span class='ocrx_word' id='word_1_188' title='bbox 327 1465 503 1493; x_wconf 85' lang='lat' dir='ltr'>causam</span> <span class='ocrx_word' id='word_1_189' title='bbox 536 1450 650 1505; x_wconf 89' lang='lat' dir='ltr'>apud</span> <span class='ocrx_word' id='word_1_190' title='bbox 683 1449 926 1504; x_wconf 82' lang='lat' dir='ltr'>Principem</span> <span class='ocrx_word' id='word_1_191' title='bbox 958 1449 1289 1503; x_wconf 80' lang='lat' dir='ltr'>transigendam</span> <span class='ocrx_word' id='word_1_192' title='bbox 1321 1452 1506 1504; x_wconf 87' lang='lat' dir='ltr'>spectat,</span> <span class='ocrx_word' id='word_1_193' title='bbox 1548 1450 1687 1492; x_wconf 87' lang='lat' dir='ltr'>multa</span> <span class='ocrx_word' id='word_1_194' title='bbox 1718 1448 1842 1491; x_wconf 91' lang='lat' dir='ltr'>nobis</span> 
     </span>
     <span class='ocr_line' id='line_1_23' title="bbox 60 1513 1841 1570; baseline -0.002 -11"><span class='ocrx_word' id='word_1_195' title='bbox 60 1516 343 1567; x_wconf 88' lang='lat' dir='ltr'>concredidit,</span> <span class='ocrx_word' id='word_1_196' title='bbox 377 1518 422 1559; x_wconf 91' lang='lat' dir='ltr'>et</span> <span class='ocrx_word' id='word_1_197' title='bbox 444 1518 624 1569; x_wconf 87' lang='lat' dir='ltr'>rogatus</span> <span class='ocrx_word' id='word_1_198' title='bbox 647 1514 858 1570; x_wconf 87' lang='lat' dir='ltr'>promisit,</span> <span class='ocrx_word' id='word_1_199' title='bbox 883 1528 930 1557; x_wconf 91' lang='lat' dir='ltr'>se</span> <span class='ocrx_word' id='word_1_200' title='bbox 952 1528 1157 1568; x_wconf 84' lang='lat' dir='ltr'>magnam</span> <span class='ocrx_word' id='word_1_201' title='bbox 1180 1514 1406 1558; x_wconf 83' lang='lat' dir='ltr'>societatis</span> <span class='ocrx_word' id='word_1_202' title='bbox 1428 1516 1605 1557; x_wconf 89' lang='lat' dir='ltr'>nostrae</span> <span class='ocrx_word' id='word_1_203' title='bbox 1628 1513 1841 1557; x_wconf 89' lang='lat' dir='ltr'>rationem</span> 
     </span>
     <span class='ocr_line' id='line_1_24' title="bbox 62 1578 1842 1634; baseline -0.002 -10"><span class='ocrx_word' id='word_1_204' title='bbox 62 1581 106 1624; x_wconf 92' lang='lat' dir='ltr'>in</span> <span class='ocrx_word' id='word_1_205' title='bbox 137 1583 232 1624; x_wconf 94' lang='lat' dir='ltr'>toto</span> <span class='ocrx_word' id='word_1_206' title='bbox 267 1581 441 1634; x_wconf 85' lang='lat' dir='ltr'>negotio</span> <span class='ocrx_word' id='word_1_207' title='bbox 474 1580 723 1622; x_wconf 88' lang='lat' dir='ltr'>habiturum</span> <span class='ocrx_word' id='word_1_208' title='bbox 757 1581 891 1624; x_wconf 71' lang='lat' dir='ltr'>esseS.</span> <span class='ocrx_word' id='word_1_209' title='bbox 945 1580 1113 1622; x_wconf 84' lang='lat' dir='ltr'>Vereor</span> <span class='ocrx_word' id='word_1_210' title='bbox 1144 1582 1306 1631; x_wconf 86' lang='lat' dir='ltr'>autem,</span> <span class='ocrx_word' id='word_1_211' title='bbox 1340 1593 1394 1622; x_wconf 93' lang='lat' dir='ltr'>ne</span> <span class='ocrx_word' id='word_1_212' title='bbox 1428 1580 1511 1622; x_wconf 87' lang='lat' dir='ltr'>duo</span> <span class='ocrx_word' id='word_1_213' title='bbox 1543 1578 1766 1634; x_wconf 82' lang='lat' dir='ltr'>praecipui</span> <span class='ocrx_word' id='word_1_214' title='bbox 1799 1578 1842 1620; x_wconf 93' lang='lat' dir='ltr'>in</span> 
     </span>
     <span class='ocr_line' id='line_1_25' title="bbox 0 1643 1843 1701; baseline -0.002 -12"><span class='ocrx_word' id='word_1_215' title='bbox 0 1643 1 1665; x_wconf 70' lang='lat'><em>³</em></span> <span class='ocrx_word' id='word_1_216' title='bbox 63 1647 165 1690; x_wconf 89' lang='lat' dir='ltr'>aula</span> <span class='ocrx_word' id='word_1_217' title='bbox 187 1646 398 1701; x_wconf 89' lang='lat' dir='ltr'>Principis</span> <span class='ocrx_word' id='word_1_218' title='bbox 420 1645 608 1697; x_wconf 84' lang='lat' dir='ltr'>Ernesti,</span> <span class='ocrx_word' id='word_1_219' title='bbox 643 1650 691 1688; x_wconf 88' lang='lat' dir='ltr'>ut</span> <span class='ocrx_word' id='word_1_220' title='bbox 713 1659 835 1687; x_wconf 89' lang='lat' dir='ltr'>suam</span> <span class='ocrx_word' id='word_1_221' title='bbox 859 1659 1034 1687; x_wconf 82' lang='lat' dir='ltr'>causam</span> <span class='ocrx_word' id='word_1_222' title='bbox 1059 1644 1309 1696; x_wconf 77' lang='lat' dir='ltr'>defendant,</span> <span class='ocrx_word' id='word_1_223' title='bbox 1342 1645 1390 1687; x_wconf 92' lang='lat' dir='ltr'>P.</span> <span class='ocrx_word' id='word_1_224' title='bbox 1414 1644 1623 1687; x_wconf 87' lang='lat' dir='ltr'>Toledum</span> <span class='ocrx_word' id='word_1_225' title='bbox 1647 1657 1843 1699; x_wconf 89' lang='lat' dir='ltr'>premere</span> 
     </span>
     <span class='ocr_line' id='line_1_26' title="bbox 61 1709 1841 1766; baseline -0.002 -11"><span class='ocrx_word' id='word_1_226' title='bbox 61 1715 110 1755; x_wconf 90' lang='lat' dir='ltr'>et</span> <span class='ocrx_word' id='word_1_227' title='bbox 140 1726 347 1755; x_wconf 86' lang='lat' dir='ltr'>accusare</span> <span class='ocrx_word' id='word_1_228' title='bbox 378 1714 579 1766; x_wconf 80' lang='lat' dir='ltr'>pergant.</span> <span class='ocrx_word' id='word_1_229' title='bbox 643 1710 895 1754; x_wconf 86' lang='lat' dir='ltr'>Affirmauit</span> <span class='ocrx_word' id='word_1_230' title='bbox 932 1711 1004 1753; x_wconf 93' lang='lat' dir='ltr'>ille</span> <span class='ocrx_word' id='word_1_231' title='bbox 1036 1713 1198 1760; x_wconf 88' lang='lat' dir='ltr'>tamen,</span> <span class='ocrx_word' id='word_1_232' title='bbox 1241 1724 1288 1752; x_wconf 90' lang='lat' dir='ltr'>se</span> <span class='ocrx_word' id='word_1_233' title='bbox 1321 1713 1530 1764; x_wconf 89' lang='lat' dir='ltr'>quantum</span> <span class='ocrx_word' id='word_1_234' title='bbox 1563 1710 1657 1752; x_wconf 90' lang='lat' dir='ltr'>fieri</span> <span class='ocrx_word' id='word_1_235' title='bbox 1690 1709 1841 1764; x_wconf 89' lang='lat' dir='ltr'>possit,</span> 
     </span>
     <span class='ocr_line' id='line_1_27' title="bbox 63 1774 1841 1831; baseline -0.001 -12"><span class='ocrx_word' id='word_1_236' title='bbox 63 1777 186 1821; x_wconf 87' lang='lat' dir='ltr'>Patri</span> <span class='ocrx_word' id='word_1_237' title='bbox 217 1777 379 1819; x_wconf 86' lang='lat' dir='ltr'>Toledo</span> <span class='ocrx_word' id='word_1_238' title='bbox 411 1777 692 1831; x_wconf 86' lang='lat' dir='ltr'>parciturum,</span> <span class='ocrx_word' id='word_1_239' title='bbox 736 1778 785 1818; x_wconf 92' lang='lat' dir='ltr'>ut</span> <span class='ocrx_word' id='word_1_240' title='bbox 825 1775 862 1818; x_wconf 93' lang='lat' dir='ltr'>si</span> <span class='ocrx_word' id='word_1_241' title='bbox 894 1776 995 1830; x_wconf 90' lang='lat' dir='ltr'>quid</span> <span class='ocrx_word' id='word_1_242' title='bbox 1027 1779 1255 1830; x_wconf 89' lang='lat' dir='ltr'>peccatum</span> <span class='ocrx_word' id='word_1_243' title='bbox 1294 1776 1364 1827; x_wconf 92' lang='lat' dir='ltr'>sit,</span> <span class='ocrx_word' id='word_1_244' title='bbox 1406 1776 1522 1818; x_wconf 89' lang='lat' dir='ltr'>illius</span> <span class='ocrx_word' id='word_1_245' title='bbox 1554 1778 1726 1818; x_wconf 90' lang='lat' dir='ltr'>tantum</span> <span class='ocrx_word' id='word_1_246' title='bbox 1760 1774 1841 1816; x_wconf 90' lang='lat' dir='ltr'>im-</span> 
     </span>
     <span class='ocr_line' id='line_1_28' title="bbox 63 1840 1840 1897; baseline -0.001 -13"><span class='ocrx_word' id='word_1_247' title='bbox 63 1842 322 1897; x_wconf 88' lang='lat' dir='ltr'>prudentiae</span> <span class='ocrx_word' id='word_1_248' title='bbox 355 1842 644 1885; x_wconf 87' lang='lat' dir='ltr'>adscribatur.</span> <span class='ocrx_word' id='word_1_249' title='bbox 707 1841 838 1884; x_wconf 89' lang='lat' dir='ltr'>Dolet</span> <span class='ocrx_word' id='word_1_250' title='bbox 869 1841 995 1892; x_wconf 87' lang='lat' dir='ltr'>mihi,</span> <span class='ocrx_word' id='word_1_251' title='bbox 1039 1841 1092 1882; x_wconf 90' lang='lat' dir='ltr'>de</span> <span class='ocrx_word' id='word_1_252' title='bbox 1133 1841 1245 1883; x_wconf 92' lang='lat' dir='ltr'>bono</span> <span class='ocrx_word' id='word_1_253' title='bbox 1285 1840 1360 1882; x_wconf 91' lang='lat' dir='ltr'>illo</span> <span class='ocrx_word' id='word_1_254' title='bbox 1402 1844 1529 1895; x_wconf 89' lang='lat' dir='ltr'>patre</span> <span class='ocrx_word' id='word_1_255' title='bbox 1569 1845 1661 1882; x_wconf 89' lang='lat' dir='ltr'>tam</span> <span class='ocrx_word' id='word_1_256' title='bbox 1700 1840 1840 1882; x_wconf 88' lang='lat' dir='ltr'>multa</span> 
     </span>
     <span class='ocr_line' id='line_1_29' title="bbox 62 1905 1842 1963; baseline -0.002 -13"><span class='ocrx_word' id='word_1_257' title='bbox 62 1907 208 1959; x_wconf 89' lang='lat' dir='ltr'>scribi,</span> <span class='ocrx_word' id='word_1_258' title='bbox 238 1907 325 1963; x_wconf 86' lang='lat' dir='ltr'>legi</span> <span class='ocrx_word' id='word_1_259' title='bbox 347 1911 393 1951; x_wconf 89' lang='lat' dir='ltr'>et</span> <span class='ocrx_word' id='word_1_260' title='bbox 414 1907 584 1950; x_wconf 87' lang='lat' dir='ltr'>narrari</span> <span class='ocrx_word' id='word_1_261' title='bbox 606 1907 649 1948; x_wconf 92' lang='lat' dir='ltr'>in</span> <span class='ocrx_word' id='word_1_262' title='bbox 673 1906 876 1958; x_wconf 83' lang='lat' dir='ltr'>Bauaria,</span> <span class='ocrx_word' id='word_1_263' title='bbox 900 1907 1124 1960; x_wconf 82' lang='lat' dir='ltr'>multaque</span> <span class='ocrx_word' id='word_1_264' title='bbox 1148 1906 1391 1957; x_wconf 87' lang='lat' dir='ltr'>admisceri,</span> <span class='ocrx_word' id='word_1_265' title='bbox 1425 1919 1537 1959; x_wconf 88' lang='lat' dir='ltr'>quae</span> <span class='ocrx_word' id='word_1_266' title='bbox 1558 1905 1720 1948; x_wconf 92' lang='lat' dir='ltr'>homini</span> <span class='ocrx_word' id='word_1_267' title='bbox 1741 1918 1842 1960; x_wconf 90' lang='lat' dir='ltr'>pro-</span> 
     </span>
     <span class='ocr_line' id='line_1_30' title="bbox 63 1970 1841 2026; baseline -0.002 -11"><span class='ocrx_word' id='word_1_268' title='bbox 63 1973 181 2016; x_wconf 84' lang='lat' dir='ltr'>fesso</span> <span class='ocrx_word' id='word_1_269' title='bbox 214 1987 299 2015; x_wconf 93' lang='lat' dir='ltr'>non</span> <span class='ocrx_word' id='word_1_270' title='bbox 322 1975 578 2026; x_wconf 86' lang='lat' dir='ltr'>congruant,</span> <span class='ocrx_word' id='word_1_271' title='bbox 613 1975 658 2015; x_wconf 91' lang='lat' dir='ltr'>et</span> <span class='ocrx_word' id='word_1_272' title='bbox 681 1972 921 2014; x_wconf 83' lang='lat' dir='ltr'>Germanos</span> <span class='ocrx_word' id='word_1_273' title='bbox 944 1972 1178 2015; x_wconf 87' lang='lat' dir='ltr'>offendant.</span> <span class='ocrx_word' id='word_1_274' title='bbox 1233 1971 1380 2014; x_wconf 86' lang='lat' dir='ltr'>Habet</span> <span class='ocrx_word' id='word_1_275' title='bbox 1402 1971 1471 2013; x_wconf 92' lang='lat' dir='ltr'>hic</span> <span class='ocrx_word' id='word_1_276' title='bbox 1494 1985 1664 2025; x_wconf 89' lang='lat' dir='ltr'>quoque</span> <span class='ocrx_word' id='word_1_277' title='bbox 1686 1970 1841 2021; x_wconf 90' lang='lat' dir='ltr'>locum,</span> 
     </span>
     <span class='ocr_line' id='line_1_31' title="bbox 62 2035 1843 2091; baseline -0.001 -11"><span class='ocrx_word' id='word_1_278' title='bbox 62 2038 181 2080; x_wconf 87' lang='lat' dir='ltr'>Nihil</span> <span class='ocrx_word' id='word_1_279' title='bbox 216 2039 445 2089; x_wconf 89' lang='lat' dir='ltr'>occultum,</span> <span class='ocrx_word' id='word_1_280' title='bbox 481 2037 594 2091; x_wconf 91' lang='lat' dir='ltr'>quod</span> <span class='ocrx_word' id='word_1_281' title='bbox 627 2052 711 2079; x_wconf 92' lang='lat' dir='ltr'>non</span> <span class='ocrx_word' id='word_1_282' title='bbox 744 2037 1001 2081; x_wconf 77' lang='lat' dir='ltr'>reueletur9.</span> <span class='ocrx_word' id='word_1_283' title='bbox 1047 2037 1190 2090; x_wconf 84' lang='lat' dir='ltr'>Tegat</span> <span class='ocrx_word' id='word_1_284' title='bbox 1222 2037 1367 2078; x_wconf 86' lang='lat' dir='ltr'>diuina</span> <span class='ocrx_word' id='word_1_285' title='bbox 1399 2036 1572 2078; x_wconf 87' lang='lat' dir='ltr'>bonitas</span> <span class='ocrx_word' id='word_1_286' title='bbox 1604 2036 1682 2078; x_wconf 90' lang='lat' dir='ltr'>hos</span> <span class='ocrx_word' id='word_1_287' title='bbox 1711 2035 1843 2078; x_wconf 92' lang='lat' dir='ltr'>alios-</span> 
     </span>
     <span class='ocr_line' id='line_1_32' title="bbox 66 2102 1118 2158; baseline 0 -12"><span class='ocrx_word' id='word_1_288' title='bbox 66 2118 151 2157; x_wconf 89' lang='lat' dir='ltr'>que</span> <span class='ocrx_word' id='word_1_289' title='bbox 184 2117 346 2146; x_wconf 90' lang='lat' dir='ltr'>naeuos</span> <span class='ocrx_word' id='word_1_290' title='bbox 377 2103 421 2146; x_wconf 92' lang='lat' dir='ltr'>in</span> <span class='ocrx_word' id='word_1_291' title='bbox 452 2103 633 2158; x_wconf 91' lang='lat' dir='ltr'>pulchro</span> <span class='ocrx_word' id='word_1_292' title='bbox 665 2117 847 2157; x_wconf 89' lang='lat' dir='ltr'>corpore</span> <span class='ocrx_word' id='word_1_293' title='bbox 879 2102 1118 2146; x_wconf 86' lang='lat' dir='ltr'>societatis.</span> 
     </span>
    </p>
   </div>
   <div class='ocr_carea' id='block_1_6' title="bbox 155 2171 1844 2229">
    <p class='ocr_par' dir='ltr' id='par_1_7' title="bbox 155 2171 1844 2229">
     <span class='ocr_line' id='line_1_33' title="bbox 155 2171 1844 2229; baseline -0.002 -12"><span class='ocrx_word' id='word_1_294' title='bbox 155 2175 340 2218; x_wconf 76' lang='lat' dir='ltr'>Fateorg</span> <span class='ocrx_word' id='word_1_295' title='bbox 367 2189 437 2217; x_wconf 92' lang='lat' dir='ltr'>me</span> <span class='ocrx_word' id='word_1_296' title='bbox 460 2174 673 2225; x_wconf 88' lang='lat' dir='ltr'>dubitare,</span> <span class='ocrx_word' id='word_1_297' title='bbox 708 2188 764 2216; x_wconf 92' lang='lat' dir='ltr'>an</span> <span class='ocrx_word' id='word_1_298' title='bbox 787 2174 993 2229; x_wconf 78' lang='lat' dir='ltr'>expediat</span> <span class='ocrx_word' id='word_1_299' title='bbox 1015 2175 1103 2216; x_wconf 92' lang='lat' dir='ltr'>ullo</span> <span class='ocrx_word' id='word_1_300' title='bbox 1126 2173 1253 2216; x_wconf 91' lang='lat' dir='ltr'>modo</span> <span class='ocrx_word' id='word_1_301' title='bbox 1275 2173 1457 2216; x_wconf 87' lang='lat' dir='ltr'>tolerari</span> <span class='ocrx_word' id='word_1_302' title='bbox 1479 2173 1604 2215; x_wconf 77' lang='lat' dir='ltr'>eumh</span> <span class='ocrx_word' id='word_1_303' title='bbox 1636 2172 1679 2214; x_wconf 91' lang='lat' dir='ltr'>in</span> <span class='ocrx_word' id='word_1_304' title='bbox 1702 2171 1844 2214; x_wconf 90' lang='lat' dir='ltr'>officio</span> 
     </span>
    </p>
   </div>
   <div class='ocr_carea' id='block_1_7' title="bbox 185 2258 1844 2305">
    <p class='ocr_par' dir='ltr' id='par_1_8' title="bbox 185 2258 1844 2305">
     <span class='ocr_line' id='line_1_34' title="bbox 185 2258 1844 2305; baseline -0.003 -6"><span class='ocrx_word' id='word_1_305' title='bbox 185 2277 214 2305; x_wconf 77' lang='lat' dir='ltr'>a)</span> <span class='ocrx_word' id='word_1_306' title='bbox 254 2274 329 2299; x_wconf 78' lang='lat' dir='ltr'>Huic</span> <span class='ocrx_word' id='word_1_307' title='bbox 350 2282 373 2299; x_wconf 77' lang='grc' dir='ltr'>ι’.</span> <span class='ocrx_word' id='word_1_308' title='bbox 388 2277 413 2298; x_wconf 84' lang='lat' dir='ltr'>et</span> <span class='ocrx_word' id='word_1_309' title='bbox 434 2275 449 2298; x_wconf 73' lang='lat'><em>4</em></span> <span class='ocrx_word' id='word_1_310' title='bbox 469 2282 527 2305; x_wconf 78' lang='lat' dir='ltr'>sqq.</span> <span class='ocrx_word' id='word_1_311' title='bbox 543 2274 577 2298; x_wconf 77' lang='lat' dir='ltr'>R.</span> <span class='ocrx_word' id='word_1_312' title='bbox 592 2274 673 2298; x_wconf 81' lang='lat' dir='ltr'>linea</span> <span class='ocrx_word' id='word_1_313' title='bbox 692 2273 833 2298; x_wconf 73' lang='lat' dir='ltr'>subducta</span> <span class='ocrx_word' id='word_1_314' title='bbox 853 2276 903 2298; x_wconf 76' lang='lat' dir='ltr'>est.</span> <span class='ocrx_word' id='word_1_315' title='bbox 969 2271 1000 2305; x_wconf 88' lang='lat' dir='ltr'>b)</span> <span class='ocrx_word' id='word_1_316' title='bbox 1021 2274 1036 2297; x_wconf 72' lang='lat'><em>4</em></span> <span class='ocrx_word' id='word_1_317' title='bbox 1059 2281 1101 2299; x_wconf 70' lang='lat' dir='ltr'>rr.</span> <span class='ocrx_word' id='word_1_318' title='bbox 1114 2280 1173 2304; x_wconf 79' lang='lat' dir='ltr'>sqq.</span> <span class='ocrx_word' id='word_1_319' title='bbox 1188 2258 1267 2297; x_wconf 59' lang='lat' dir='ltr'>linea</span> <span class='ocrx_word' id='word_1_320' title='bbox 1287 2272 1405 2303; x_wconf 59' lang='lat' dir='ltr'>signata</span> <span class='ocrx_word' id='word_1_321' title='bbox 1425 2275 1503 2302; x_wconf 77' lang='lat' dir='ltr'>sunt,</span> <span class='ocrx_word' id='word_1_322' title='bbox 1523 2274 1554 2296; x_wconf 79' lang='lat' dir='ltr'>ut</span> <span class='ocrx_word' id='word_1_323' title='bbox 1573 2279 1676 2303; x_wconf 78' lang='lat' dir='ltr'>supra.</span> <span class='ocrx_word' id='word_1_324' title='bbox 1750 2271 1777 2301; x_wconf 83' lang='lat' dir='ltr'>c)</span> <span class='ocrx_word' id='word_1_325' title='bbox 1799 2272 1844 2295; x_wconf 72' lang='lat' dir='ltr'>lta</span> 
     </span>
    </p>
   </div>
   <div class='ocr_carea' id='block_1_8' title="bbox 75 2480 286 2483">
    <p class='ocr_par' dir='ltr' id='par_1_9' title="bbox 75 2480 286 2483">
     <span class='ocr_line' id='line_1_35' title="bbox 75 2480 286 2483; baseline 0 0"><span class='ocrx_word' id='word_1_326' title='bbox 75 2480 286 2483; x_wconf 95' lang='lat' dir='ltr'> </span> 
     </span>
    </p>
   </div>
   <div class='ocr_carea' id='block_1_9' title="bbox 329 2479 487 2482">
    <p class='ocr_par' dir='ltr' id='par_1_10' title="bbox 329 2479 487 2482">
     <span class='ocr_line' id='line_1_36' title="bbox 329 2479 487 2482; baseline 0 0"><span class='ocrx_word' id='word_1_327' title='bbox 329 2479 487 2482; x_wconf 95' lang='lat' dir='ltr'> </span> 
     </span>
    </p>
   </div>
   <div class='ocr_carea' id='block_1_10' title="bbox 65 2311 1850 2692">
    <p class='ocr_par' dir='ltr' id='par_1_11' title="bbox 65 2311 1846 2431">
     <span class='ocr_line' id='line_1_37' title="bbox 65 2311 1846 2347; baseline -0.003 -6"><span class='ocrx_word' id='word_1_328' title='bbox 65 2317 96 2341; x_wconf 85' lang='lat' dir='ltr'>C.</span> <span class='ocrx_word' id='word_1_329' title='bbox 118 2317 245 2341; x_wconf 65' lang='lat' dir='ltr'>com-etit</span> <span class='ocrx_word' id='word_1_330' title='bbox 266 2323 302 2340; x_wconf 71' lang='lat' dir='ltr'>ex</span> <span class='ocrx_word' id='word_1_331' title='bbox 321 2315 433 2341; x_wconf 82' lang='lat' dir='ltr'>munia.</span> <span class='ocrx_word' id='word_1_332' title='bbox 507 2315 536 2346; x_wconf 83' lang='lat' dir='ltr'>d)</span> <span class='ocrx_word' id='word_1_333' title='bbox 558 2317 727 2347; x_wconf 73' lang='lat' dir='ltr'>Sequuntur</span> <span class='ocrx_word' id='word_1_334' title='bbox 748 2324 789 2340; x_wconf 67' lang='lat' dir='ltr'>rr.</span> <span class='ocrx_word' id='word_1_335' title='bbox 808 2313 872 2346; x_wconf 86' lang='lat' dir='ltr'>Ego</span> <span class='ocrx_word' id='word_1_336' title='bbox 893 2314 960 2340; x_wconf 85' lang='lat' dir='ltr'>sino</span> <span class='ocrx_word' id='word_1_337' title='bbox 981 2313 1066 2339; x_wconf 88' lang='lat' dir='ltr'>illum</span> <span class='ocrx_word' id='word_1_338' title='bbox 1086 2313 1116 2339; x_wconf 91' lang='lat' dir='ltr'>in</span> <span class='ocrx_word' id='word_1_339' title='bbox 1137 2313 1201 2339; x_wconf 87' lang='lat' dir='ltr'>suis</span> <span class='ocrx_word' id='word_1_340' title='bbox 1222 2313 1314 2339; x_wconf 84' lang='lat' dir='ltr'>rebus</span> <span class='ocrx_word' id='word_1_341' title='bbox 1334 2313 1501 2346; x_wconf 83' lang='lat' dir='ltr'>procedere</span> <span class='ocrx_word' id='word_1_342' title='bbox 1521 2311 1580 2337; x_wconf 84' lang='lat' dir='ltr'>etsi</span> <span class='ocrx_word' id='word_1_343' title='bbox 1599 2313 1654 2344; x_wconf 79' lang='lat'>[?].</span> <span class='ocrx_word' id='word_1_344' title='bbox 1674 2321 1692 2337; x_wconf 89' lang='grc' dir='ltr'><em>α</em></span> <span class='ocrx_word' id='word_1_345' title='bbox 1707 2314 1735 2337; x_wconf 83' lang='lat' dir='ltr'>C.</span> <span class='ocrx_word' id='word_1_346' title='bbox 1756 2313 1846 2337; x_wconf 66' lang='lat' dir='ltr'>oblim.</span> 
     </span>
     <span class='ocr_line' id='line_1_38' title="bbox 65 2353 1846 2389; baseline -0.003 -6"><span class='ocrx_word' id='word_1_347' title='bbox 65 2360 94 2389; x_wconf 76' lang='grc' dir='ltr'>Θ)</span> <span class='ocrx_word' id='word_1_348' title='bbox 115 2359 174 2383; x_wconf 86' lang='lat' dir='ltr'>Hoc</span> <span class='ocrx_word' id='word_1_349' title='bbox 195 2367 218 2384; x_wconf 77' lang='lat' dir='ltr'>r.</span> <span class='ocrx_word' id='word_1_350' title='bbox 239 2361 263 2382; x_wconf 78' lang='lat' dir='ltr'>et</span> <span class='ocrx_word' id='word_1_351' title='bbox 285 2360 300 2382; x_wconf 88' lang='lat'><strong><em>7</em></strong></span> <span class='ocrx_word' id='word_1_352' title='bbox 319 2365 378 2389; x_wconf 74' lang='lat' dir='ltr'>sqq.</span> <span class='ocrx_word' id='word_1_353' title='bbox 398 2360 497 2382; x_wconf 76' lang='lat' dir='ltr'>natata</span> <span class='ocrx_word' id='word_1_354' title='bbox 517 2360 595 2388; x_wconf 81' lang='lat' dir='ltr'>sunt,</span> <span class='ocrx_word' id='word_1_355' title='bbox 624 2360 652 2381; x_wconf 76' lang='lat' dir='ltr'>uc</span> <span class='ocrx_word' id='word_1_356' title='bbox 673 2365 785 2388; x_wconf 73' lang='lat' dir='ltr'>supra;</span> <span class='ocrx_word' id='word_1_357' title='bbox 806 2357 835 2381; x_wconf 83' lang='lat' dir='ltr'>in</span> <span class='ocrx_word' id='word_1_358' title='bbox 857 2357 1007 2388; x_wconf 74' lang='lat' dir='ltr'>maryine:</span> <span class='ocrx_word' id='word_1_359' title='bbox 1026 2356 1051 2382; x_wconf 88' lang='lat'>5.</span> <span class='ocrx_word' id='word_1_360' title='bbox 1144 2355 1167 2387; x_wconf 75' lang='lat' dir='ltr'>f)</span> <span class='ocrx_word' id='word_1_361' title='bbox 1188 2356 1235 2380; x_wconf 78' lang='lat' dir='ltr'>Sic</span> <span class='ocrx_word' id='word_1_362' title='bbox 1255 2356 1283 2380; x_wconf 80' lang='lat' dir='ltr'>C.</span> <span class='ocrx_word' id='word_1_363' title='bbox 1304 2355 1433 2380; x_wconf 57' lang='lat' dir='ltr'>corr-emit</span> <span class='ocrx_word' id='word_1_364' title='bbox 1458 2363 1494 2379; x_wconf 69' lang='grc' dir='ltr'>ε]-</span> <span class='ocrx_word' id='word_1_365' title='bbox 1519 2353 1662 2381; x_wconf 79' lang='lat' dir='ltr'>affirmat.</span> <span class='ocrx_word' id='word_1_366' title='bbox 1735 2355 1765 2386; x_wconf 85' lang='lat' dir='ltr'>g)</span> <span class='ocrx_word' id='word_1_367' title='bbox 1788 2355 1846 2379; x_wconf 72' lang='lat' dir='ltr'>Ilor·</span> 
     </span>
     <span class='ocr_line' id='line_1_39' title="bbox 66 2397 1590 2431; baseline -0.002 -7"><span class='ocrx_word' id='word_1_368' title='bbox 66 2407 92 2424; x_wconf 66' lang='grc' dir='ltr'>τ.</span> <span class='ocrx_word' id='word_1_369' title='bbox 113 2402 140 2424; x_wconf 76' lang='lat' dir='ltr'>et</span> <span class='ocrx_word' id='word_1_370' title='bbox 159 2401 174 2424; x_wconf 78' lang='lat'><strong><em>4</em></strong></span> <span class='ocrx_word' id='word_1_371' title='bbox 194 2408 253 2431; x_wconf 78' lang='lat' dir='ltr'>sqq.</span> <span class='ocrx_word' id='word_1_372' title='bbox 273 2399 353 2424; x_wconf 77' lang='lat' dir='ltr'>linea</span> <span class='ocrx_word' id='word_1_373' title='bbox 373 2402 442 2424; x_wconf 76' lang='lat' dir='ltr'>sunt</span> <span class='ocrx_word' id='word_1_374' title='bbox 461 2399 598 2431; x_wconf 57' lang='grc' dir='ltr'>εἰφιαιιω</span> <span class='ocrx_word' id='word_1_375' title='bbox 619 2399 651 2423; x_wconf 77' lang='lat' dir='ltr'>iu</span> <span class='ocrx_word' id='word_1_376' title='bbox 671 2399 822 2430; x_wconf 75' lang='lat' dir='ltr'>maryt&#39;ne:</span> <span class='ocrx_word' id='word_1_377' title='bbox 842 2398 866 2423; x_wconf 81' lang='lat'>6.</span> <span class='ocrx_word' id='word_1_378' title='bbox 949 2397 980 2429; x_wconf 86' lang='lat' dir='ltr'>h)</span> <span class='ocrx_word' id='word_1_379' title='bbox 1002 2399 1062 2422; x_wconf 69' lang='lat' dir='ltr'>Hor:</span> <span class='ocrx_word' id='word_1_380' title='bbox 1083 2407 1105 2423; x_wconf 65' lang='lat' dir='ltr'>r.</span> <span class='ocrx_word' id='word_1_381' title='bbox 1125 2406 1218 2429; x_wconf 75' lang='lat' dir='ltr'>supra</span> <span class='ocrx_word' id='word_1_382' title='bbox 1240 2405 1354 2422; x_wconf 68' lang='lat' dir='ltr'>vet-sum</span> <span class='ocrx_word' id='word_1_383' title='bbox 1375 2397 1518 2428; x_wconf 74' lang='lat' dir='ltr'>scriptum</span> <span class='ocrx_word' id='word_1_384' title='bbox 1539 2400 1590 2421; x_wconf 72' lang='lat' dir='ltr'>est.</span> 
     </span>
    </p>

    <p class='ocr_par' dir='ltr' id='par_1_12' title="bbox 191 2533 1236 2580">
     <span class='ocr_line' id='line_1_40' title="bbox 191 2533 1236 2580; baseline -0.002 -10"><span class='ocrx_word' id='word_1_385' title='bbox 191 2536 201 2556; x_wconf 92' lang='lat'>¹</span> <span class='ocrx_word' id='word_1_386' title='bbox 226 2535 280 2570; x_wconf 87' lang='lat' dir='ltr'>De</span> <span class='ocrx_word' id='word_1_387' title='bbox 305 2534 363 2570; x_wconf 88' lang='lat' dir='ltr'>his</span> <span class='ocrx_word' id='word_1_388' title='bbox 389 2547 424 2569; x_wconf 88' lang='lat' dir='ltr'>v.</span> <span class='ocrx_word' id='word_1_389' title='bbox 442 2546 554 2580; x_wconf 87' lang='lat' dir='ltr'>supra</span> <span class='ocrx_word' id='word_1_390' title='bbox 580 2546 613 2580; x_wconf 94' lang='lat' dir='ltr'>p.</span> <span class='ocrx_word' id='word_1_391' title='bbox 635 2535 714 2569; x_wconf 83' lang='lat'>157.</span> <span class='ocrx_word' id='word_1_392' title='bbox 860 2534 874 2554; x_wconf 75' lang='lat'>²</span> <span class='ocrx_word' id='word_1_393' title='bbox 900 2534 1166 2568; x_wconf 85' lang='lat' dir='ltr'>Ferdinandum</span> <span class='ocrx_word' id='word_1_394' title='bbox 1191 2533 1236 2568; x_wconf 92' lang='grc' dir='ltr'>ΙΙ.</span> 
     </span>
    </p>

    <p class='ocr_par' dir='ltr' id='par_1_13' title="bbox 70 2591 1850 2692">
     <span class='ocr_line' id='line_1_41' title="bbox 188 2591 1850 2638; baseline -0.002 -9"><span class='ocrx_word' id='word_1_395' title='bbox 188 2595 202 2616; x_wconf 76' lang='lat'>⁸</span> <span class='ocrx_word' id='word_1_396' title='bbox 227 2595 359 2629; x_wconf 87' lang='lat' dir='ltr'>Ioanne</span> <span class='ocrx_word' id='word_1_397' title='bbox 385 2594 588 2638; x_wconf 86' lang='lat' dir='ltr'>Wellinger</span> <span class='ocrx_word' id='word_1_398' title='bbox 614 2605 635 2628; x_wconf 88' lang='lat' dir='ltr'>a</span> <span class='ocrx_word' id='word_1_399' title='bbox 662 2593 891 2637; x_wconf 86' lang='lat' dir='ltr'>Schneeberg</span> <span class='ocrx_word' id='word_1_400' title='bbox 918 2593 1134 2628; x_wconf 85' lang='lat' dir='ltr'>cancellario</span> <span class='ocrx_word' id='word_1_401' title='bbox 1167 2593 1284 2628; x_wconf 87' lang='lat' dir='ltr'>aulico</span> <span class='ocrx_word' id='word_1_402' title='bbox 1309 2592 1370 2627; x_wconf 89' lang='lat' dir='ltr'>vel</span> <span class='ocrx_word' id='word_1_403' title='bbox 1396 2591 1651 2637; x_wconf 87' lang='lat' dir='ltr'>Christophoro</span> <span class='ocrx_word' id='word_1_404' title='bbox 1678 2591 1850 2626; x_wconf 68' lang='lat' dir='ltr'>Klockler</span> 
     </span>
     <span class='ocr_line' id='line_1_42' title="bbox 70 2647 1060 2692; baseline -0.003 -8"><span class='ocrx_word' id='word_1_405' title='bbox 70 2648 287 2684; x_wconf 84' lang='lat' dir='ltr'>cancellario</span> <span class='ocrx_word' id='word_1_406' title='bbox 313 2647 488 2683; x_wconf 85' lang='lat' dir='ltr'>tirolensi.</span> <span class='ocrx_word' id='word_1_407' title='bbox 636 2648 649 2668; x_wconf 81' lang='lat'>³</span> <span class='ocrx_word' id='word_1_408' title='bbox 673 2647 765 2682; x_wconf 90' lang='lat' dir='ltr'>Vide</span> <span class='ocrx_word' id='word_1_409' title='bbox 791 2659 901 2692; x_wconf 85' lang='lat' dir='ltr'>supra</span> <span class='ocrx_word' id='word_1_410' title='bbox 927 2659 959 2692; x_wconf 89' lang='lat' dir='ltr'>p.</span> <span class='ocrx_word' id='word_1_411' title='bbox 980 2647 1060 2682; x_wconf 87' lang='lat'>273.</span> 
     </span>
    </p>
   </div>
   <div class='ocr_carea' id='block_1_11' title="bbox 69 2706 1850 3086">
    <p class='ocr_par' dir='ltr' id='par_1_14' title="bbox 188 2706 1021 2753">
     <span class='ocr_line' id='line_1_43' title="bbox 188 2706 1021 2753; baseline 0 -11"><span class='ocrx_word' id='word_1_412' title='bbox 188 2710 201 2729; x_wconf 76' lang='lat'>4</span> <span class='ocrx_word' id='word_1_413' title='bbox 228 2707 396 2753; x_wconf 89' lang='lat' dir='ltr'>Inprimis</span> <span class='ocrx_word' id='word_1_414' title='bbox 421 2707 672 2752; x_wconf 83' lang='lat' dir='ltr'>compositioni</span> <span class='ocrx_word' id='word_1_415' title='bbox 699 2706 830 2752; x_wconf 84' lang='lat' dir='ltr'>Operis</span> <span class='ocrx_word' id='word_1_416' title='bbox 855 2707 1021 2742; x_wconf 84' lang='lat' dir='ltr'>Mariani.</span> 
     </span>
    </p>

    <p class='ocr_par' dir='ltr' id='par_1_15' title="bbox 191 2766 1112 2809">
     <span class='ocr_line' id='line_1_44' title="bbox 191 2766 1112 2809; baseline -0.003 -6"><span class='ocrx_word' id='word_1_417' title='bbox 191 2769 204 2789; x_wconf 80' lang='lat'>⁵</span> <span class='ocrx_word' id='word_1_418' title='bbox 230 2768 284 2803; x_wconf 90' lang='lat' dir='ltr'>Cf.</span> <span class='ocrx_word' id='word_1_419' title='bbox 303 2767 361 2803; x_wconf 86' lang='lat' dir='ltr'>Gn</span> <span class='ocrx_word' id='word_1_420' title='bbox 385 2768 442 2809; x_wconf 90' lang='lat'>49,</span> <span class='ocrx_word' id='word_1_421' title='bbox 471 2767 532 2808; x_wconf 87' lang='lat'>18;</span> <span class='ocrx_word' id='word_1_422' title='bbox 562 2767 610 2801; x_wconf 90' lang='lat' dir='ltr'>Ps</span> <span class='ocrx_word' id='word_1_423' title='bbox 639 2767 717 2808; x_wconf 88' lang='grc'><strong>118,</strong></span> <span class='ocrx_word' id='word_1_424' title='bbox 745 2767 831 2807; x_wconf 92' lang='grc'><strong>166;</strong></span> <span class='ocrx_word' id='word_1_425' title='bbox 859 2766 978 2801; x_wconf 88' lang='lat' dir='ltr'>Thren</span> <span class='ocrx_word' id='word_1_426' title='bbox 997 2766 1030 2807; x_wconf 89' lang='lat'>3,</span> <span class='ocrx_word' id='word_1_427' title='bbox 1057 2766 1112 2801; x_wconf 88' lang='lat'>26.</span> 
     </span>
    </p>

    <p class='ocr_par' dir='ltr' id='par_1_16' title="bbox 69 2824 1850 3086">
     <span class='ocr_line' id='line_1_45' title="bbox 189 2824 1849 2872; baseline -0.002 -11"><span class='ocrx_word' id='word_1_428' title='bbox 189 2828 203 2848; x_wconf 83' lang='lat'><strong>⁶</strong></span> <span class='ocrx_word' id='word_1_429' title='bbox 229 2827 473 2872; x_wconf 86' lang='lat' dir='ltr'>Hieronymus</span> <span class='ocrx_word' id='word_1_430' title='bbox 509 2837 629 2861; x_wconf 89' lang='lat' dir='ltr'>comes</span> <span class='ocrx_word' id='word_1_431' title='bbox 665 2826 709 2860; x_wconf 89' lang='lat' dir='ltr'>de</span> <span class='ocrx_word' id='word_1_432' title='bbox 735 2826 859 2860; x_wconf 85' lang='lat' dir='ltr'>Portia</span> <span class='ocrx_word' id='word_1_433' title='bbox 895 2825 932 2870; x_wconf 93' lang='lat'>(†</span> <span class='ocrx_word' id='word_1_434' title='bbox 961 2826 1080 2868; x_wconf 82' lang='lat'>1612),</span> <span class='ocrx_word' id='word_1_435' title='bbox 1116 2824 1392 2859; x_wconf 84' lang='lat' dir='ltr'>Bartholomaeo</span> <span class='ocrx_word' id='word_1_436' title='bbox 1426 2824 1572 2859; x_wconf 84' lang='lat' dir='ltr'>Portiae</span> <span class='ocrx_word' id='word_1_437' title='bbox 1607 2824 1732 2858; x_wconf 90' lang='lat' dir='ltr'>nuntio</span> <span class='ocrx_word' id='word_1_438' title='bbox 1768 2834 1849 2869; x_wconf 88' lang='lat' dir='ltr'>apo-</span> 
     </span>
     <span class='ocr_line' id='line_1_46' title="bbox 69 2878 1850 2927; baseline -0.003 -11"><span class='ocrx_word' id='word_1_439' title='bbox 69 2881 198 2917; x_wconf 84' lang='lat' dir='ltr'>stolico</span> <span class='ocrx_word' id='word_1_440' title='bbox 223 2881 457 2927; x_wconf 78' lang='lat' dir='ltr'>propinquus,</span> <span class='ocrx_word' id='word_1_441' title='bbox 492 2880 627 2914; x_wconf 80' lang='lat' dir='ltr'>Romae</span> <span class='ocrx_word' id='word_1_442' title='bbox 653 2891 734 2914; x_wconf 88' lang='lat' dir='ltr'>cum</span> <span class='ocrx_word' id='word_1_443' title='bbox 761 2879 905 2914; x_wconf 87' lang='lat' dir='ltr'>Andrea</span> <span class='ocrx_word' id='word_1_444' title='bbox 932 2879 1094 2914; x_wconf 89' lang='lat' dir='ltr'>Fabricio</span> <span class='ocrx_word' id='word_1_445' title='bbox 1120 2878 1261 2913; x_wconf 89' lang='lat' dir='ltr'>Alberti</span> <span class='ocrx_word' id='word_1_446' title='bbox 1295 2890 1330 2913; x_wconf 92' lang='lat' dir='ltr'>v.</span> <span class='ocrx_word' id='word_1_447' title='bbox 1359 2878 1537 2912; x_wconf 81' lang='lat' dir='ltr'>Bavariae</span> <span class='ocrx_word' id='word_1_448' title='bbox 1573 2878 1674 2912; x_wconf 85' lang='lat' dir='ltr'>ducis</span> <span class='ocrx_word' id='word_1_449' title='bbox 1709 2879 1850 2912; x_wconf 87' lang='lat' dir='ltr'>oratore</span> 
     </span>
     <span class='ocr_line' id='line_1_47' title="bbox 70 2930 1850 2980; baseline -0.003 -11"><span class='ocrx_word' id='word_1_450' title='bbox 70 2946 217 2970; x_wconf 83' lang='lat' dir='ltr'>romano</span> <span class='ocrx_word' id='word_1_451' title='bbox 259 2933 505 2980; x_wconf 86' lang='lat' dir='ltr'>praeceptoris</span> <span class='ocrx_word' id='word_1_452' title='bbox 543 2932 663 2967; x_wconf 87' lang='lat' dir='ltr'>officio</span> <span class='ocrx_word' id='word_1_453' title='bbox 705 2933 853 2967; x_wconf 86' lang='lat' dir='ltr'>functus</span> <span class='ocrx_word' id='word_1_454' title='bbox 892 2935 970 2967; x_wconf 85' lang='lat' dir='ltr'>erat</span> <span class='ocrx_word' id='word_1_455' title='bbox 1011 2933 1105 2977; x_wconf 88' lang='lat' dir='ltr'>apud</span> <span class='ocrx_word' id='word_1_456' title='bbox 1132 2932 1327 2967; x_wconf 85' lang='lat' dir='ltr'>Ernestum</span> <span class='ocrx_word' id='word_1_457' title='bbox 1353 2931 1494 2966; x_wconf 89' lang='lat' dir='ltr'>Alberti</span> <span class='ocrx_word' id='word_1_458' title='bbox 1528 2931 1662 2971; x_wconf 83' lang='lat' dir='ltr'>filium3</span> <span class='ocrx_word' id='word_1_459' title='bbox 1690 2931 1735 2965; x_wconf 88' lang='lat' dir='ltr'>cf.</span> <span class='ocrx_word' id='word_1_460' title='bbox 1755 2930 1850 2964; x_wconf 84' lang='lat' dir='ltr'>infra</span> 
     </span>
     <span class='ocr_line' id='line_1_48' title="bbox 70 2983 1850 3034; baseline -0.003 -11"><span class='ocrx_word' id='word_1_461' title='bbox 70 2999 106 3034; x_wconf 90' lang='lat' dir='ltr'>p.</span> <span class='ocrx_word' id='word_1_462' title='bbox 123 2989 204 3023; x_wconf 84' lang='lat'>316.</span> <span class='ocrx_word' id='word_1_463' title='bbox 247 2988 378 3022; x_wconf 84' lang='lat' dir='ltr'>Postea</span> <span class='ocrx_word' id='word_1_464' title='bbox 396 2988 520 3023; x_wconf 85' lang='lat' dir='ltr'>varias</span> <span class='ocrx_word' id='word_1_465' title='bbox 545 2986 746 3030; x_wconf 85' lang='lat' dir='ltr'>legationes</span> <span class='ocrx_word' id='word_1_466' title='bbox 772 2986 976 3031; x_wconf 87' lang='lat' dir='ltr'>pontificias</span> <span class='ocrx_word' id='word_1_467' title='bbox 1002 2998 1066 3031; x_wconf 89' lang='lat' dir='ltr'>per</span> <span class='ocrx_word' id='word_1_468' title='bbox 1084 2985 1314 3020; x_wconf 87' lang='lat' dir='ltr'>Germaniam</span> <span class='ocrx_word' id='word_1_469' title='bbox 1336 2987 1374 3020; x_wconf 89' lang='lat' dir='ltr'>et</span> <span class='ocrx_word' id='word_1_470' title='bbox 1397 2984 1554 3019; x_wconf 88' lang='lat' dir='ltr'>Galliam</span> <span class='ocrx_word' id='word_1_471' title='bbox 1580 2985 1679 3025; x_wconf 85' lang='lat' dir='ltr'>obiit,</span> <span class='ocrx_word' id='word_1_472' title='bbox 1707 2983 1850 3019; x_wconf 86' lang='lat' dir='ltr'>Graecii</span> 
     </span>
     <span class='ocr_line' id='line_1_49' title="bbox 71 3039 1317 3086; baseline -0.003 -10"><span class='ocrx_word' id='word_1_473' title='bbox 71 3041 237 3076; x_wconf 89' lang='lat' dir='ltr'>nuntium</span> <span class='ocrx_word' id='word_1_474' title='bbox 264 3040 502 3086; x_wconf 84' lang='lat' dir='ltr'>apostolicum</span> <span class='ocrx_word' id='word_1_475' title='bbox 530 3041 615 3084; x_wconf 86' lang='lat' dir='ltr'>egit,</span> <span class='ocrx_word' id='word_1_476' title='bbox 643 3040 834 3086; x_wconf 88' lang='lat' dir='ltr'>episcopus</span> <span class='ocrx_word' id='word_1_477' title='bbox 860 3041 929 3075; x_wconf 85' lang='lat' dir='ltr'>fuit</span> <span class='ocrx_word' id='word_1_478' title='bbox 955 3040 1132 3075; x_wconf 82' lang='lat' dir='ltr'>adriensis</span> <span class='ocrx_word' id='word_1_479' title='bbox 1160 3039 1317 3082; x_wconf 84' lang='lat' dir='ltr'>(Adria).</span> 
     </span>
    </p>
   </div>
   <div class='ocr_carea' id='block_1_12' title="bbox 192 3097 1769 3203">
    <p class='ocr_par' dir='ltr' id='par_1_17' title="bbox 192 3097 1769 3203">
     <span class='ocr_line' id='line_1_50' title="bbox 192 3097 1769 3145; baseline -0.003 -10"><span class='ocrx_word' id='word_1_480' title='bbox 192 3101 204 3122; x_wconf 79' lang='lat'>⁷</span> <span class='ocrx_word' id='word_1_481' title='bbox 230 3101 335 3142; x_wconf 84' lang='lat' dir='ltr'>Vide,</span> <span class='ocrx_word' id='word_1_482' title='bbox 370 3112 463 3145; x_wconf 80' lang='lat' dir='ltr'>quae</span> <span class='ocrx_word' id='word_1_483' title='bbox 497 3100 541 3134; x_wconf 87' lang='lat' dir='ltr'>de</span> <span class='ocrx_word' id='word_1_484' title='bbox 566 3099 822 3135; x_wconf 79' lang='lat' dir='ltr'>molestissimo</span> <span class='ocrx_word' id='word_1_485' title='bbox 848 3100 916 3135; x_wconf 89' lang='lat' dir='ltr'>hoc</span> <span class='ocrx_word' id='word_1_486' title='bbox 942 3100 1086 3144; x_wconf 83' lang='lat' dir='ltr'>negotio</span> <span class='ocrx_word' id='word_1_487' title='bbox 1113 3098 1180 3133; x_wconf 86' lang='lat' dir='ltr'>sub</span> <span class='ocrx_word' id='word_1_488' title='bbox 1208 3098 1307 3143; x_wconf 83' lang='lat' dir='ltr'>ipsas</span> <span class='ocrx_word' id='word_1_489' title='bbox 1332 3097 1399 3132; x_wconf 83' lang='lat' dir='ltr'>has</span> <span class='ocrx_word' id='word_1_490' title='bbox 1424 3097 1567 3132; x_wconf 77' lang='lat' dir='ltr'>litteras</span> <span class='ocrx_word' id='word_1_491' title='bbox 1592 3097 1769 3132; x_wconf 87' lang='lat' dir='ltr'>dicentur.</span> 
     </span>
     <span class='ocr_line' id='line_1_51' title="bbox 193 3158 1141 3203; baseline -0.004 -7"><span class='ocrx_word' id='word_1_492' title='bbox 193 3161 206 3182; x_wconf 81' lang='lat'><strong>⁸</strong></span> <span class='ocrx_word' id='word_1_493' title='bbox 233 3160 287 3196; x_wconf 89' lang='lat' dir='ltr'>Cf.</span> <span class='ocrx_word' id='word_1_494' title='bbox 305 3160 360 3195; x_wconf 86' lang='lat' dir='ltr'>Mt</span> <span class='ocrx_word' id='word_1_495' title='bbox 388 3160 442 3202; x_wconf 89' lang='lat'>10,</span> <span class='ocrx_word' id='word_1_496' title='bbox 469 3159 534 3201; x_wconf 88' lang='lat'>26;</span> <span class='ocrx_word' id='word_1_497' title='bbox 562 3159 621 3194; x_wconf 90' lang='lat' dir='ltr'>Mc</span> <span class='ocrx_word' id='word_1_498' title='bbox 646 3162 679 3202; x_wconf 89' lang='lat'>4,</span> <span class='ocrx_word' id='word_1_499' title='bbox 705 3160 770 3201; x_wconf 84' lang='lat'>22;</span> <span class='ocrx_word' id='word_1_500' title='bbox 799 3160 848 3195; x_wconf 89' lang='lat' dir='ltr'>Lc</span> <span class='ocrx_word' id='word_1_501' title='bbox 874 3160 907 3203; x_wconf 89' lang='lat'>8,</span> <span class='ocrx_word' id='word_1_502' title='bbox 936 3160 998 3200; x_wconf 75' lang='lat'>173</span> <span class='ocrx_word' id='word_1_503' title='bbox 1029 3159 1082 3201; x_wconf 90' lang='lat'>12,</span> <span class='ocrx_word' id='word_1_504' title='bbox 1108 3158 1141 3193; x_wconf 86' lang='lat'>2.</span> 
     </span>
    </p>
   </div>
  </div>
 </body>
</html>
