2062 3443
637 161 838 206 Oeniponte
868 162 897 196 1.
918 160 1084 196 Octobris
1114 160 1215 195 1578.
1727 162 1810 204 461

41 281 246 333 apostata
261 301 270 310 ·
286 292 596 332 numerumque
619 278 964 320 Lutheranorum
987 277 1280 318 ministrorum
1304 281 1500 331 augeret.
1552 276 1814 318 Benedictus

40 345 171 395 Deus,
196 344 316 386 cuius
338 344 524 385 mirabili
547 343 702 386 iudicio
726 343 890 385 factum
909 345 988 393 est,
1014 346 1061 384 ut
1079 343 1132 384 ab
1156 342 1260 395 ipsis
1279 343 1409 385 etiam
1428 342 1659 384 haereticis
1679 355 1815 383 nouus

40 409 108 451 hic
141 412 346 463 apostata
376 409 643 463 reijceretur,
678 410 746 450 et‘*
778 422 908 462 saepe
942 407 1112 460 quidem
1137 407 1291 449 Vlmae
1314 421 1468 461 passus
1492 409 1559 448 est
1581 407 1813 460 repulsam,

42 487 172 527 quum
222 474 276 516 ad
323 473 573 515 inferiorem
620 473 750 516 etiam
795 472 1081 515 conditionem
1132 473 1265 514 uellet
1313 472 1587 514 descendere.
1651 472 1759 513 Tum
1794 485 1816 512 e

41 538 202 581 nostris
225 538 446 589 ante‘fuit,
471 539 542 592 qui
566 553 678 580 nunc
701 538 903 591 Dilingae
926 542 1144 592 pastorem
1169 537 1262 589 agit
1277 539 1304 587 ¹,
1337 540 1382 579 ut
1405 539 1601 579 coeteros
1625 536 1814 578 eiusdem

43 603 212 646 farinae
234 603 429 645 homines
453 606 738 657 praeteream,
764 603 917 656 quibus
940 605 1127 644 mentem
1147 602 1362 644 saniorem
1381 602 1591 656 praebeat
1605 601 1814 643 Christus.

41 668 240 723 Optarim
282 672 400 711 certe
434 668 673 711 Germanos
707 668 874 721 aliquos
907 682 930 709 e
963 667 1122 709 nostris
1156 667 1270 717 alibi,
1311 667 1381 708 ubi
1424 671 1552 710 extra
1585 670 1816 720 corruptae

41 733 211 788 patriae
235 738 512 788 conspectum
537 734 749 784 uiuerent,
774 733 991 782 collocari,
1015 735 1061 775 et
1083 733 1326 775 consultum
1350 736 1563 786 putarem,
1592 746 1646 774 ex
1670 732 1817 785 Belgis

39 798 125 841 iarn
167 799 477 841 exulantibus2
515 799 745 841 nonnullos
778 799 820 840 in
862 798 974 840 hanc
1016 798 1207 851 migrare
1247 798 1524 852 prouintiam‚
1567 801 1615 839 ut
1657 798 1817 840 nostris

45 865 240 919 collegijs
273 864 497 918 suppetias
530 864 710 907 ferrent.
759 864 869 906 Sunt
899 863 962 905 1111
995 877 1100 905 sane
1134 877 1261 916 quam
1287 863 1503 913 Germani,
1538 866 1628 905 tum
1652 862 1695 904 in
1718 863 1817 904 fidei

40 929 181 980 rebus,
216 933 307 972 tum
331 930 374 970 in
396 929 622 971 laborandi
645 930 878 972 sedulitate
901 929 1126 971 firmiores.
1177 928 1394 982 Propitius
1417 930 1562 970 autem
1586 928 1644 970 sit
1666 927 1817 980 Belgio

41 994 183 1046 Deus,
230 995 483 1048 priusquam
525 994 825 1036 Caluinianum
870 994 988 1035 uirus
1033 993 1164 1036 altius
1203 993 1405 1042 imbibat,
1449 993 1561 1045 quod
1603 992 1689 1034 iam
1729 993 1817 1034 late

39 1059 187 1113 spargi
231 1060 466 1102 dolemus3.
532 1059 639 1102 Oret
680 1074 757 1114 pro
800 1059 923 1101 nobis
965 1062 1009 1101 et
1051 1058 1227 1101 afflictis
1260 1058 1408 1111 Belgis
1443 1058 1486 1101 P.
1511 1058 1558 1101 T.
1604 1057 1818 1111 simulque

40 1138 108 1166 me
142 1124 218 1166 R.¹'
241 1125 290 1166 R.
328 1124 530 1167 Patribus
561 1124 883 1167 Assistentibus
925 1127 969 1166 et
1001 1124 1047 1167 P.
1072 1123 1223 1166 Natali
1265 1123 1568 1165 commendare
1601 1122 1816 1175 dignetur.

45 1188 276 1244 Oeniponti
312 1190 406 1232 Kal.
443 1188 644 1232 Octobris
680 1191 806 1232 1578.

857 1249 904 1292 Ρ.
939 1248 986 1291 Τ.

1328 1306 1546 1360 Jndignus
1578 1306 1691 1348 filius

1305 1373 1461 1414 Petrus
1494 1371 1704 1414 Canisius.

161 1443 446 1486 Gratulamur
478 1444 661 1498 collegio
686 1444 957 1495 Germanico,
992 1444 1059 1486 cui
1091 1458 1205 1486 noua
1229 1447 1273 1486 et
1294 1444 1449 1497 ingens
1472 1444 1527 1486 ad
1550 1443 1817 1486 dotationem

40 1508 160 1551 facta
191 1511 259 1552 est
291 1510 482 1552 accessio
516 1524 572 1552 ex
595 1513 734 1553 morte
757 1510 882 1553 Card.
908 1509 1175 1560 Vrbinatis4,
1211 1509 1323 1551 sicut
1344 1508 1467 1550 nobis
1490 1509 1642 1551 retulit
1664 1508 1818 1550 Archi-

42 1574 268 1629 episcopus
286 1575 588 1626 Rossanensis,
615 1576 711 1617 hinc
734 1589 973 1630 properans
996 1575 1051 1617 ad
1074 1575 1327 1628 designatos
1344 1575 1388 1616 in
1407 1574 1596 1628 Belgicis
1619 1574 1818 1617 tumulti-

41 1640 121 1681 bus
154 1641 461 1693 componendis
495 1641 758 1695 Principes5.
813 1641 931 1683 Petit
972 1644 1118 1683 autem
1160 1639 1322 1682 nostris
1353 1640 1492 1682 literis
1525 1638 1819 1681 commendari

40 1704 341 1747 Rhenensibus
373 1706 592 1749 Patribus,

158 1770 186 1822 ’1-
218 1771 462 1813 Admodum
504 1771 760 1813 Reuerendo
801 1771 843 1813 in
886 1771 1056 1813 Christo
1100 1770 1222 1813 Patri
1263 1770 1488 1812 Euerardo
1529 1770 1816 1820 Mercuriano‚

39 1834 271 1878 Societatis
303 1836 436 1879 JESv
468 1836 724 1890 Praeposito
759 1836 962 1890 Generalj
996 1839 1077 1878 etc.
1138 1836 1316 1879 Romae.

163 1916 219 1950 Ex
246 1917 354 1951 huius
381 1917 559 1961 epistulae
589 1917 853 1962 „Postscripto“
884 1917 1118 1960 intellegitur,
1145 1920 1232 1951 tunc
1250 1917 1453 1962 Oeniponte
1471 1919 1657 1951 versatum
1684 1919 1719 1950 et
1738 1928 1819 1950 cum

44 1969 188 2004 Canisio
215 1971 432 2005 collocutum
467 1983 547 2005 esse
573 1971 741 2005 Ioannem
768 1971 972 2015 Baptistam
1001 1971 1183 2014 Cast-agna
1212 1971 1482 2013 (1521—1590)
1511 1969 1821 2015 archiepiscopum

44 2034 295 2058 rossanensem
327 2025 402 2068 (qui
429 2027 555 2069 postea
582 2024 750 2059 Urbanus
777 2025 856 2059 VH.
884 2036 978 2069 papa
1004 2024 1101 2067 fuit).
1153 2023 1269 2058 Huius
1295 2024 1437 2058 itineris
1464 2024 1553 2058 haec
1589 2026 1667 2057 erat
1692 2034 1820 2058 causa:

159 2099 188 2131 a)
208 2101 235 2125 A
257 2102 285 2125 C.
307 2108 381 2125 corr.
403 2108 439 2125 ox
458 2100 502 2126 ut.
576 2098 606 2132 b)
627 2102 688 2126 110⁶
706 2109 801 2132 supra
823 2108 937 2125 versum
961 2101 1105 2131 scriptum
1126 2102 1176 2124 est.

163 2194 378 2228 ¹Martinus
405 2195 684 2235 Stevordianus,
721 2195 805 2238 quia
840 2195 1051 2239 disciplinae
1086 2193 1281 2238 impatiens
1316 2196 1394 2227 erat
1433 2195 1469 2226 et
1503 2193 1680 2238 imprimis
1715 2193 1822 2238 gulae

38 2245 188 2281 nimium
205 2248 426 2292 indulgebat,
454 2250 598 2283 tandem
618 2261 648 2282 a.
672 2249 762 2283 1573
781 2248 826 2282 ab
846 2248 993 2282 Hoffaeo
1013 2247 1222 2293 provinciali
1243 2247 1338 2281 votis
1356 2247 1497 2281 solutus
1524 2249 1560 2280 et
1578 2258 1622 2280 ex
1642 2247 1822 2282 Societate

41 2298 212 2336 dimissus
238 2305 304 2343 est,
337 2314 453 2346 neque
479 2314 661 2347 umquam,
690 2303 758 2336 etsi
784 2302 977 2346 plurimum
1018 2301 1186 2341 instabat,
1214 2301 1249 2334 in
1277 2312 1356 2334 eam
1383 2301 1512 2334 iterum
1541 2305 1596 2334 est
1622 2301 1821 2341 admissus;

39 2353 100 2396 qui
138 2357 257 2389 tamen
293 2367 405 2400 usque
441 2356 484 2390 ad
523 2359 674 2390 mortem
710 2355 745 2389 in
772 2354 988 2389 Societatem
1026 2354 1238 2389 benevolum
1275 2354 1548 2398 beneficumque
1583 2365 1622 2387 se
1657 2353 1824 2398 praebuit

41 2407 147 2453 (Can.
168 2408 217 2442 1V
245 2409 331 2450 732;
361 2410 478 2452 Duhr,
506 2409 578 2443 Jes.
603 2410 614 2443 1
642 2409 850 2449 550—551;
880 2408 954 2442 JeS.
974 2420 1017 2442 an
1047 2407 1237 2441 Fiirstenh.
1260 2407 1476 2449 110—111).

163 2462 176 2481 ²
203 2463 306 2496 Anno
345 2462 437 2497 1578
473 2462 565 2496 Socii
604 2473 624 2496 a
652 2462 874 2495 calvinianis
911 2462 1132 2506 Antverpia,
1168 2460 1319 2503 Brugis,
1357 2460 1497 2500 Duaco‚
1534 2460 1823 2500 Mosaetraiecto,

41 2515 202 2549 Tornaco
230 2515 375 2560 expulsi
393 2518 479 2550 sunt
500 2516 726 2558 (Sao-chinus,
754 2514 848 2548 Hist.
870 2514 929 2556 IV,
949 2514 972 2549 l.
992 2515 1023 2556 6,
1043 2526 1076 2548 n.
1100 2514 1166 2548 113
1189 2514 1395 2554 136—146;
1422 2513 1545 2557 Imago
1564 2513 1669 2558 primi
1688 2513 1822 2548 saeculi

41 2569 232 2604 Societatis
269 2569 360 2610 Iesu,
400 2580 420 2602 a
446 2570 641 2602 Provincia
675 2568 954 2611 flandrobelye'ca
991 2568 1149 2602 eiusdem
1188 2566 1381 2601 Societatis
1416 2570 1699 2611 repraesentata,
1735 2569 1823 2601 Ant-

42 2622 188 2666 verpiae
217 2622 320 2662 1640,
348 2622 567 2665 836—840).

163 2675 174 2694 ³
202 2675 416 2716 Calviniani,
454 2674 636 2710 Guilielmi
666 2674 838 2719 principis
865 2674 1052 2708 Arausiaci
1090 2674 1307 2707 auctoritate
1343 2673 1438 2715 freti,
1475 2684 1496 2707 a
1522 2672 1678 2707 Matthia
1709 2673 1823 2708 archi-

41 2728 141 2769 duce,
160 2729 220 2772 qui
240 2728 407 2771 Belgium
425 2731 513 2762 tunc
530 2727 820 2768 administrabat,
840 2727 997 2761 edictum
1017 2730 1256 2767 extorserant,
1275 2738 1345 2771 quo
1365 2727 1620 2769 „reformatae“
1639 2727 1825 2770 religionis

41 2782 252 2816 exercitium
288 2781 577 2826 permittebatur.
629 2779 706 2822 Qua
741 2780 910 2814 libertate
946 2783 982 2814 et
1008 2779 1268 2814 Amstelodami
1305 2782 1341 2813 et
1376 2780 1457 2814 aliis
1492 2779 1581 2814 locis
1608 2781 1652 2814 ad
1688 2781 1825 2825 templa

41 2834 219 2869 catholiea
245 2835 280 2868 vi
308 2835 527 2880 occupanda,
564 2835 772 2868 sacerdotes
799 2833 1044 2878 expellendos,
1071 2833 1163 2867 ritus
1199 2833 1374 2867 ecclesiae
1401 2832 1595 2868 abolendos
1630 2834 1826 2868 utebantur

44 2887 226 2931 (Theiner,
253 2889 346 2922 Ann.
366 2888 408 2929 ΙΙ,
436 2888 470 2921 in
499 2898 530 2922 a.
553 2887 643 2921 1578
668 2897 822 2921 n.1.xxv
850 2898 971 2926 Lxxx;
1000 2887 1132 2920 Habets
1158 2885 1181 2920 l.
1201 2897 1230 2920 c.
1253 2886 1470 2930 142—143).

161 2942 174 2961 ⁴
209 2940 300 2974 Iulio
339 2940 512 2974 cardinali
550 2940 644 2974 della
681 2940 821 2974 Rovere
861 2941 1027 2985 episcopo
1067 2939 1232 2973 urbinate
1271 2942 1307 2973 et
1349 2938 1479 2974 abbate
1521 2940 1825 2974 commendatario

40 2994 251 3027 monasterii
277 2993 311 3028 S.
332 2993 459 3028 Crucis
486 2993 610 3027 Fontis
629 2993 886 3027 Avellanensis
913 2992 1224 3036 (congregationis
1250 2991 1498 3026 benedictinae
1516 2992 1823 3036 Avellanitarum)

41 3048 182 3080 mortuo
210 3046 406 3089 Gregorius
433 3045 530 3080 Xlll.
559 3057 590 3080 a.
620 3046 710 3080 1578
746 3046 957 3080 monasterii
993 3045 1090 3079 illius
1125 3045 1275 3085 reditus,
1314 3045 1376 3089 qui
1414 3046 1435 3080 6
1470 3045 1617 3080 milibus
1655 3046 1824 3080 ducatum

41 3099 339 3140 aestimabantur,
367 3098 520 3142 collegio
547 3099 754 3142 germanico
780 3099 947 3134 attribuit
976 3098 1252 3141 (Steae‘nhuber.l.
1272 3109 1302 3133 c.
1321 3098 1363 3132 1²
1392 3099 1608 3142 121—122).

162 3153 175 3172 ⁵
201 3151 303 3192 Vide,
331 3163 423 3196 quae
449 3152 516 3186 sub
542 3152 642 3197 ipsas
668 3152 735 3187 has
761 3152 905 3187 litteras
931 3152 1166 3186 notabuntur.
