2051 3433
238 168 323 209 336
393 164 494 199 1948.
522 164 820 199 Bartholomaeus
846 166 889 199 de
917 166 1038 200 Portia
1065 166 1219 200 Canisio.
1262 166 1429 210 Friburgi
1457 167 1573 211 Brisg.
1602 168 1656 202 12.
1677 168 1762 212 Apr.
1787 168 1887 203 1576.

237 282 475 336 amplificas
492 284 517 326 ¹.
572 282 726 336 Neque
749 287 921 326 nostros
943 285 1138 326 homines
1160 284 1359 338 negligis,
1394 286 1468 327 sed
1493 300 1638 328 eorum
1663 286 1899 340 Collegium
1924 301 2007 329 non

236 347 298 389 ita
331 348 496 401 pridem
522 349 743 402 Herbipoli
768 350 1005 392 excitatum
1030 353 1229 392 amanter
1251 351 1553 405 complecteris
1582 365 1633 393 ac
1656 352 1848 394 studiose
1870 351 2007 402 foues,

236 415 332 454 tota
365 416 414 455 vt
447 413 552 455 haec
585 414 687 455 IEsV
720 414 919 467 societas,
961 416 1229 458 immortales
1272 417 1439 469 gratias
1474 417 1662 459 Patrono
1700 417 2008 459 humanissimo
2043 447 2045 450 -

237 477 407 528 debeat,
451 493 502 519 ac
544 493 620 533 pro
654 479 727 521 illo
769 493 847 521 sua
890 483 993 523 vota
1026 481 1117 522 Deo
1152 495 1318 522 summo
1361 482 1496 524 faciat
1535 481 1854 535 perlubenter2.
1918 482 2010 524 Nec

235 542 400 595 ignoro,
436 544 658 586 Ecclesiae
691 547 880 595 vestrae,
915 560 1043 599 quam
1077 546 1250 588 lionoris
1273 547 1418 600 gratia
1440 547 1625 597 nomino,
1659 548 1796 589 multa
1819 550 1863 590 et
1885 561 2010 601 prae-

237 608 356 650 clara
387 608 429 650 in
464 623 531 650 me
574 609 729 651 merita
761 624 889 664 posse
931 612 1272 663 commemorari,
1317 626 1428 665 quae
1460 612 1559 653 inde
1592 626 1618 653 a
1650 612 1799 666 primis
1832 612 2010 666 Collegij

236 673 373 715 nostri
408 674 701 717 fundamentis
728 675 949 730 Herbipoli
982 676 1121 726 iactis,
1156 691 1253 718 cum
1286 677 1413 720 isthic
1437 677 1648 727 adessem,
1683 680 1727 719 et
1749 677 1885 719 sacris
1909 692 2011 719 con-

236 738 429 781 cionibus
463 753 638 793 operam
672 741 833 792 darem,
868 742 1067 795 equidem
1100 757 1194 784 sum
1228 743 1480 796 frequenter
1503 745 1712 796 expertus
1726 745 1754 786 3.
1805 743 1884 784 His
1907 756 2010 796 ergo

236 804 391 854 causis,
426 818 477 846 ac
511 805 692 847 aliorum
726 806 857 848 etiam
892 808 1083 862 consilijs
1115 808 1322 850 incitatus
1356 808 1501 850 facere
1533 822 1618 849 non
1643 808 1776 862 potui,
1812 808 1913 861 quin
1937 821 2013 862 per

235 869 361 911 huius
395 870 535 923 operis
569 871 840 914 occasionem
875 872 1036 926 aliquid
1070 874 1314 924 scriberem,
1349 888 1399 915 ac
1423 876 1551 915 vetus
1574 887 1680 927 erga
1702 873 2011 915 Celsitudinem

235 938 355 977 tuam
399 940 574 989 eiusque
610 936 833 979 Ecclesiae
866 936 955 992 [?]²
988 938 1294 981 obseruantiae
1336 953 1459 981 meae
1501 938 1691 981 studium
1725 938 2012 992 qualicunque

235 1000 486 1043 testimonio
520 1002 689 1056 publice
722 1003 1061 1057 comprobarem.
1112 1004 1272 1046 Precor
1304 1005 1475 1046 demum
1508 1019 1534 1046 a
1566 1004 1735 1046 Christo
1770 1004 1869 1059 Opt.
1894 1004 2011 1047 Max.

236 1068 286 1108 vt
315 1066 672 1121 Herbipolensem
707 1068 856 1110 vrbem
889 1071 934 1112 et
966 1069 1252 1112 Franconiam
1287 1084 1472 1121 omnem,
1506 1070 1587 1111 hoc
1620 1069 1783 1111 difficili
1817 1073 2013 1123 tempore

235 1131 449 1185 propitius
496 1135 696 1183 tueatur,
742 1136 877 1187 vtque
925 1135 1020 1188 pios
1063 1134 1375 1189 Amplitudinis
1422 1138 1525 1177 tuae
1570 1140 1753 1178 conatus
1799 1134 1841 1176 in
1891 1148 2012 1176 suam

236 1199 460 1239 aeternam
494 1198 678 1251 gloriam
713 1199 822 1241 bene
855 1200 1062 1251 fortunet,
1099 1215 1238 1253 neque
1270 1201 1408 1242 solum
1444 1200 1569 1242 huius
1592 1200 1747 1255 operis,
1782 1199 1857 1241 sed
1881 1199 2013 1241 etiam

236 1262 413 1317 Collegij
453 1266 625 1306 tantum
665 1266 894 1318 patronum
930 1265 1000 1307 diu
1035 1280 1085 1307 ac
1119 1266 1304 1309 feliciter
1340 1266 1463 1308 nobis
1501 1279 1728 1320 superesse
1761 1264 2013 1308 concedatb.

237 1327 467 1382 Oeniponti
502 1343 615 1371 anno
649 1333 749 1384 post
781 1330 997 1374 Christum
1033 1334 1183 1374 natum
1216 1346 1259 1375 M.
1284 1346 1312 1373 D
1345 1346 1501 1375 LXXVI.

358 1415 526 1451 Canisius
564 1428 656 1451 anno
695 1418 785 1452 1576
825 1417 1025 1463 Oeniponte
1064 1421 1141 1453 erat
1176 1431 1197 1453 a
1238 1431 1284 1454 m.
1313 1419 1489 1453 Ianuario·
1516 1430 1630 1463 usque
1668 1418 1712 1452 ad
1748 1417 1902 1451 medium
1939 1417 2014 1452 fere

235 1469 397 1510 Iunium;
433 1482 467 1504 V.
485 1482 595 1515 supra
622 1483 655 1516 p.
675 1472 744 1506 314
771 1474 807 1506 et
833 1472 939 1512 infra,
964 1475 1046 1517 post
1081 1474 1186 1518 epist.
1208 1473 1309 1507 1952.
1362 1473 1438 1507 Hoc
1466 1484 1550 1516 ergo
1586 1475 1745 1516 tempore
1781 1471 1846 1505 has
1873 1470 2015 1505 litteras

235 1522 425 1567 scripsisse
461 1524 615 1559 videtur.
666 1524 733 1559 Die
768 1525 824 1560 23.
846 1526 936 1560 Iunii
975 1527 1065 1561 1576
1105 1527 1370 1572 conspiratione
1409 1538 1599 1572 pravorum
1636 1526 1801 1560 abbatiae
1839 1523 2016 1558 fuldensis

235 1576 489 1611 monachorum
526 1582 563 1612 et
597 1581 874 1623 protestantium
910 1582 1028 1614 terrae
1063 1580 1161 1615 illius
1202 1581 1374 1615 nobilium
1411 1592 1491 1615 cum
1528 1580 1617 1614 Iulio
1653 1580 1750 1613 facta
1778 1577 1970 1612 Balthasar
1995 1587 2016 1611 a

236 1629 428 1666 Dernbach
455 1631 565 1667 abbas
592 1632 831 1678 princepsque
858 1634 1007 1678 imperio
1033 1634 1160 1668 cedere
1187 1638 1333 1669 coactus
1365 1637 1438 1674 est;
1476 1646 1545 1678 quo
1576 1633 1678 1678 pulso
1710 1635 1829 1666 terrae
1856 1631 2016 1665 eiusdem

237 1683 501 1719 administratio
528 1686 618 1720 Iulio
656 1686 788 1720 tradita
814 1689 880 1722 est.
932 1688 1116 1732 Herbipoli
1152 1691 1273 1722 autem
1303 1688 1355 1722 12.
1376 1687 1596 1733 Septembris
1626 1688 1715 1721 1576
1742 1687 1946 1720 Bctldecinns
1972 1684 2016 1717 ab

239 1739 374 1782 Anyelo
409 1739 441 1773 S.
463 1739 495 1774 J.
514 1739 684 1773 visitator
711 1740 937 1775 Mercuriano
964 1743 1167 1786 praeposito
1194 1742 1353 1784 generali
1381 1742 1576 1786 *scripsit:
1608 1740 1692 1783 „Die
1721 1740 1772 1773 7.“
1795 1737 2016 1784 Septembris

241 1791 343 1836 „venj
371 1792 606 1837 Hei-bipolim,
642 1794 700 1827 ubi
737 1795 792 1828 bis
818 1793 1134 1829 Reuerendissimo
1163 1795 1413 1840 Herbipolensi
1440 1795 1611 1829 adfui....
1652 1793 1894 1827 Vehementer
1920 1790 2017 1825 dolet

237 1844 575 1881 Reuerendissimus
609 1847 890 1892 Herbipolensis,
923 1849 1017 1892 quod
1053 1849 1254 1893 aliquorum
1290 1848 1438 1883 consilio
1473 1849 1522 1882 sit
1556 1848 1724 1882 inductus
1760 1848 1803 1882 ad
1839 1858 1917 1880 eam
1953 1845 2011 1879 ad-

237 1898 537 1933 ministrationem
565 1901 851 1946 sllscipiendan1“
885 1902 946 1945 (ex
973 1906 1132 1947 autogr.;
1162 1902 1281 1938 Germ.
1305 1904 1368 1938 137
1396 1903 1420 1937 f.
1440 1903 1553 1946 258³).

238 2001 392 2039 1948.
469 2003 1088 2043 BARTHOLOMAEUS
1107 2006 1200 2042 DE
1221 2006 1505 2050 PORTIA,
1527 2008 1746 2053 apostolicus
1765 2008 1799 2041 in
1820 2007 2012 2041 Germania

429 2059 589 2101 nuntius,
618 2059 821 2095 CANISIO.
1176 2061 1352 2106 Friburgo
1379 2062 1595 2105 Brisgoviae
1625 2062 1677 2097 12.
1698 2061 1834 2106 Aprilis
1863 2062 1964 2096 1576.

357 2122 411 2156 Ex
426 2123 582 2167 imagine
601 2124 887 2170 photographica
902 2126 1117 2171 autographi
1133 2127 1234 2161 eiusd
1261 2127 1445 2172 temporis.
1471 2126 1555 2161 Cod.
1571 2139 1658 2161 rom.
1678 2127 1819 2170 „Germ.
1834 2126 1914 2160 Vol.
1929 2125 2009 2160 82*st

237 2174 261 2211 f.
288 2175 359 2211 14¹³.
402 2176 591 2221 Epistulae
618 2180 758 2222 partem
786 2189 830 2212 ex
859 2180 983 2213 eodem
1010 2180 1217 2225 apographo
1244 2181 1364 2226 posuit
1391 2181 1600 2223 Schellhass,
1627 2180 1737 2215 Nunt.
1757 2180 1789 2214 V
1811 2179 1881 2214 436
1895 2179 1918 2215 ⁸.

698 2255 942 2299 Admodum
977 2258 1231 2301 Reuerende
1265 2259 1410 2302 Pater.

356 2325 456 2367 Non
497 2327 756 2380 grauabitur
798 2329 1064 2372 Reuerentia
1097 2330 1143 2373 T.
1177 2330 1219 2372 id
1261 2345 1359 2372 mea
1402 2344 1533 2372 causa
1574 2329 1794 2384 suscipere
1835 2328 2013 2384 negotij,

237 2391 286 2432 ut
318 2390 548 2434 adiunctus
590 2392 822 2436 fasciculus
855 2394 1168 2448 Salisburgium
1204 2410 1333 2449 quam
1376 2395 1575 2449 primum,
1622 2398 1666 2437 et
1698 2394 1885 2437 fideliter
1916 2408 2015 2448 per-

237 2454 426 2507 feratur,
470 2460 623 2500 mutua
664 2472 761 2500 mea
803 2460 948 2501 omnia
989 2460 1031 2502 in
1074 2464 1119 2503 te
1162 2461 1306 2503 officia
1347 2474 1520 2514 semper
1561 2459 1837 2502 constabunt.
1902 2459 2013 2502 Vale

237 2534 391 2574 meque
416 2536 528 2571 ama,
553 2526 597 2565 et
621 2524 881 2577 optimorum
906 2525 1087 2567 istorum
1117 2526 1290 2568 Patrum
1315 2525 1662 2567 beneuolentiam
1686 2524 2013 2576 immutabilem,

238 2589 283 2628 et
304 2590 559 2640 perpetuam
575 2593 586 2608 ⁰
603 2589 706 2630 mihi
730 2593 920 2644 praesta.
954 2591 1118 2634 Datum
1136 2591 1337 2644 Friburgi
1355 2600 1421 2640 xi]
1442 2590 1509 2633 die
1524 2590 1686 2644 Aprilis
1705 2589 2014 2633 M.D.LXXVI.

453 2651 583 2695 Petro
618 2653 788 2696 Canisio
822 2655 1045 2698 societatis
1078 2656 1175 2697 Iesu
1209 2656 1357 2699 Theol.
1383 2655 1651 2710 Oenipontid.

358 2732 577 2776 Fasciculus,
614 2746 718 2779 quem
757 2735 879 2770 Portia
914 2736 970 2771 his
1007 2737 1139 2771 litteris
1174 2737 1399 2778 adiunxerat,
1436 2740 1511 2771 tres
1547 2736 1723 2782 epistulas
1758 2735 1901 2770 italicas
1937 2746 2015 2770 con-

237 2785 376 2819 tinebat
411 2798 431 2820 a
467 2786 589 2821 Portia
618 2789 671 2822 12.
692 2789 827 2834 Aprilis
856 2791 947 2824 1576
981 2790 1084 2824 datas
1120 2792 1155 2824 et
1182 2789 1519 2834 Salisburgensibus
1555 2790 1775 2824 destinatas:
1826 2789 1865 2822 In
1902 2787 2017 2833 prima

357 2868 385 2898 a)
409 2869 675 2900 ('‹1›·›·iyendmn›1e.·
695 2870 860 2897 Ecclesiam
873 2873 886 2896 :2
946 2871 975 2900 b)
998 2873 1070 2897 Loro
1087 2881 1127 2897 mv.
1141 2882 1199 2904 sqq.
1220 2874 1248 2896 in
1263 2873 1288 2897 B
1303 2873 1373 2897 haec
1389 2873 1487 2904 posita
1501 2876 1586 2897 sunt:
1606 2871 1764 2897 FRIBquI
1785 2870 2017 2896 HELVETIORVM

237 2913 316 2933 anno
338 2909 409 2940 post
430 2909 606 2941 Virgineum
629 2912 748 2944 partum
772 2912 997 2940 M.D.LXXXV.
1089 2916 1114 2943 c)
1136 2914 1372 2947 pax-perpetuam
1393 2922 1494 2946 apoyr.
1569 2912 1599 2944 d)
1622 2915 1701 2938 Ilaec
1720 2913 1876 2944 inscriptio
1896 2913 1925 2936 in
1946 2919 2017 2943 apo-

235 2950 350 2980 yraplio
370 2950 445 2981 ipsis
465 2952 573 2977 litteris
589 2954 762 2984 praeposita
783 2958 834 2979 est.

363 3056 371 3076 ¹
399 3056 490 3090 Vide
517 3059 637 3091 tamen
665 3060 795 3093 Braun
823 3059 844 3094 l.
865 3060 928 3094 c.1
959 3060 1157 3095 175—179.
1210 3060 1263 3095 Cf.
1285 3061 1392 3095 etiam
1420 3062 1591 3095 Brander
1617 3060 1639 3095 l.
1660 3072 1689 3095 c.
1709 3059 1861 3095 62—67.

360 3109 373 3129 ²
400 3109 453 3143 Cf.
474 3111 591 3151 Deder,
619 3112 692 3146 Jes.
714 3112 726 3145 l
758 3113 955 3148 124—125.

364 3162 376 3182 ⁸
404 3162 456 3196 Cf.
480 3165 568 3200 Can.
589 3164 638 3198 IV
666 3166 735 3199 673
765 3166 876 3206 1045;
903 3166 935 3200 V
965 3166 1151 3201 125-129
1181 3167 1243 3201 181
1273 3166 1341 3201 365
1370 3167 1438 3202 504
1465 3167 1533 3202 693
1561 3167 1627 3202 701
1657 3166 1743 3208 709;
1771 3166 1821 3201 VI
1851 3166 1927 3201 185.
