2062 3443
603 150 802 196 Oeniponte
829 151 926 185 circa
952 149 984 184 d.
1011 149 1068 184 23.
1087 149 1174 183 Maii
1204 149 1305 184 1576.
1753 152 1837 192 345

186 271 304 313 Jtem
339 273 386 313 ut
418 270 555 311 maior
588 284 682 311 cum
722 268 875 311 uicinis
908 267 1134 322 Episcopis
1176 270 1376 309 seruetur
1417 267 1658 318 concordia,
1702 281 1840 320 neque

67 335 319 378 debilitetur
351 335 592 377 iurisdictio
617 333 926 376 Ecclesiastica
958 335 1138 387 propter
1170 332 1348 374 dissidia
1382 333 1591 386 quaedam
1626 346 1738 374 noua
1771 333 1839 374 uel

66 403 219 442 uetera
251 400 368 442 circa
402 400 558 442 bonum
592 399 697 442 utile
730 399 796 441 uel
831 397 1085 452 temporale.

187 466 246 508 Vt
278 466 481 507 haereses
514 468 559 507 et
593 464 865 519 corruptelae
898 463 1046 505 uariae
1074 461 1269 504 Tridenti
1303 476 1386 504 non
1420 462 1706 511 inualescant‚
1741 461 1842 515 quia

65 530 238 573 uidetur
260 530 380 572 facta
401 530 594 584 spelun
610 544 669 571 ca
691 530 876 572 latron
893 542 972 569 um
990 530 1014 579 ¹,
1049 541 1189 580 neque
1215 527 1524 581 spiritualem⁰‚
1558 540 1696 580 neque
1719 541 1842 569 secu-

65 595 201 637 larem
235 595 470 649 principem
506 595 764 643 curantium,
799 594 913 636 eto.2

184 660 245 702 Vt
289 659 601 702 authoritatem
649 662 692 702 et
737 659 929 700 fauorem
977 657 1112 700 addat
1155 656 1397 711 Ordinarijs
1443 657 1497 699 ad
1540 656 1840 709 exequendum

65 740 187 768 suum
223 725 425 775 officium,
460 725 719 779 praesertim
752 724 794 765 in
829 723 1056 765 uisitandis
1090 722 1312 777 Ecclesijs,
1347 722 1391 764 in
1423 721 1714 764 reformandis
1747 721 1842 763 Cle-

69 790 182 840 ricis,
217 790 257 832 in
292 790 511 845 eijciendis
545 789 793 831 concubinis
826 789 940 831 etc.3

188 856 248 897 Vt
270 856 324 897 ad
347 854 566 897 Comicia4
589 869 732 897 coram
758 854 951 905 accedat,
979 853 1184 907 iuuetque
1207 866 1384 896 causam
1407 852 1600 894 afflictae
1622 851 1844 904 religionis

67 920 182 974 apud
215 920 335 962 Caes
360 920 460 962 Mai.
487 923 531 963 et
564 920 671 962 alios
707 919 819 961 Prin.

185 985 245 1027 Vt
269 985 497 1038 collegium
521 989 717 1028 nostrum
741 987 786 1026 et
809 983 1004 1026 Societas
1026 986 1122 1026 tota
1138 983 1325 1037 Principi
1349 985 1393 1025 et
1415 982 1533 1024 eiusb
1551 981 1844 1024 Cancellario5

67 1050 405 1093 commendetur.

186 1136 367 1171 Canisium
388 1137 477 1171 haec
503 1137 597 1171 inter
616 1149 662 1171 m.
681 1137 815 1171 Maium
835 1148 866 1171 a.
892 1137 982 1170 1575
1009 1137 1045 1169 et
1066 1147 1111 1170 m.
1131 1135 1265 1169 Maium
1293 1147 1324 1169 a.
1346 1136 1437 1170 1576
1456 1134 1646 1179 scripsisse
1671 1136 1773 1179 patet
1799 1145 1845 1167 ex

64 1189 118 1231 iis,
146 1201 238 1234 quae
264 1190 306 1224 de
326 1190 629 1225 Colmaricnsibus
656 1193 692 1225 et
718 1191 761 1224 de
787 1190 942 1225 comitiis
967 1189 1276 1223 ratisbonensibus
1295 1189 1405 1229 dixit;
1435 1200 1469 1223 v.
1487 1199 1596 1233 supra
1623 1199 1655 1232 p.
1676 1188 1744 1222 344
1763 1187 1843 1221 345.

65 1243 185 1278 Facile
212 1255 353 1288 quoque
380 1244 620 1288 cognoscitur,
648 1256 726 1278 eum
755 1243 907 1288 principi
935 1242 1041 1277 alicui
1070 1241 1328 1283 ecclesiastico,
1364 1242 1425 1286 qui
1452 1253 1532 1276 cum
1559 1241 1775 1276 auctoritate
1802 1240 1844 1274 de

66 1297 173 1331 rebus
199 1297 384 1341 religionis
410 1297 504 1342 apud
532 1297 793 1331 Ferdinandum
823 1297 868 1331 11.
888 1296 1116 1331 archiducem
1143 1299 1291 1330 acturus
1318 1299 1406 1336 erat,
1441 1295 1651 1340 scripsisse,
1688 1294 1722 1328 id
1750 1294 1844 1338 quod

66 1350 260 1385 cardinalis
286 1351 455 1385 Moronus
482 1350 594 1384 Roma
622 1350 867 1391 Ratisbonam,
894 1354 934 1384 ut
961 1349 1125 1393 Gregorii
1145 1349 1241 1383 XIII.
1268 1349 1449 1392 legatione
1475 1349 1510 1382 in
1538 1348 1693 1382 comitiis
1719 1348 1843 1391 funge-

63 1406 172 1442 retur,
208 1404 450 1449 proficiscens,
486 1403 686 1449 Oeniponte
724 1404 799 1446 (ubi
826 1415 847 1438 a
873 1404 929 1438 21.
957 1403 1003 1437 ad
1029 1403 1085 1437 26.
1105 1403 1191 1436 Maii
1218 1402 1442 1444 morabatur)
1480 1402 1512 1435 d.
1543 1402 1600 1436 22.
1627 1404 1663 1435 et
1681 1401 1737 1435 25.
1758 1400 1843 1434 Maii

64 1457 250 1502 praestitit
291 1458 467 1501 (Hansen,
506 1457 616 1492 Nunt.
650 1457 681 1491 II
719 1456 890 1500 36—38).
954 1456 1019 1490 Cui
1054 1456 1085 1490 si
1121 1456 1307 1496 Canisius,
1350 1466 1495 1500 operam
1537 1455 1569 1488 ei
1604 1456 1790 1499 praestare
1824 1464 1845 1487 a

64 1509 233 1555 pontifice
270 1510 390 1545 iussus
419 1510 469 1554 (V.
497 1521 608 1555 supra
643 1522 675 1555 p.
704 1510 812 1551 340),
853 1509 919 1543 hoc
954 1509 1130 1554 scriptum
1158 1509 1234 1554 ipse
1270 1508 1428 1549 tradidit,
1467 1508 1574 1542 facile
1609 1506 1844 1551 intellegitur,

66 1574 131 1597 cur
178 1563 430 1609 inscriptione,
478 1565 619 1598 nomine
665 1575 746 1604 suo,
794 1563 890 1603 loco,
932 1566 1092 1607 tempore
1136 1563 1172 1596 in
1224 1574 1264 1596 eo
1310 1562 1484 1607 ponendis
1527 1573 1567 1596 se
1609 1561 1845 1606 supersedere

185 1645 212 1678 a)
235 1647 405 1678 Sequuntur
427 1654 467 1671 vv.
489 1652 587 1678 neque
608 1644 788 1678 temporale,
809 1654 825 1669 (ι
842 1646 871 1670 C.
892 1645 1070 1670 oblitterata.
1144 1643 1174 1675 b)
1196 1645 1336 1676 Sequitur
1355 1643 1457 1675 Consi,
1478 1644 1567 1669 omitt.

65 1774 98 1797 n.
126 1773 401 1798 XXXI—xxxm
436 1766 472 1798 et
499 1763 611 1798 Mant.
641 1775 675 1798 n.
704 1762 808 1805 XL1v)
846 1762 1059 1803 affirmatur,
1094 1761 1260 1805 Friburgi
1286 1762 1500 1805 Brisgoviae
1536 1762 1570 1795 in
1607 1762 1846 1796 universitate

67 1827 254 1850 numerum
291 1818 534 1851 studiosorum
570 1828 649 1850 esse
684 1816 753 1851 250
781 1816 974 1856 minorem;
1011 1815 1268 1858 magistrorum
1304 1815 1437 1849 salaria
1463 1826 1543 1849 esse
1570 1815 1676 1849 valde
1703 1815 1844 1856 tenuia;

64 1868 267 1913 theologiae
293 1871 516 1915 professores
543 1881 623 1904 esse
649 1881 797 1903 numero
824 1869 928 1903 3—4.
956 1868 993 1903 P.
1014 1869 1151 1902 Paulus
1169 1870 1344 1912 Hoffaeus
1363 1868 1397 1902 S.
1418 1869 1452 1903 J.
1471 1870 1639 1912 Augusta
1667 1869 1720 1903 16.
1740 1868 1844 1903 Octo-

66 1922 139 1957 bris
168 1924 261 1957 1574
287 1924 514 1958 Mercuriano
551 1923 756 1968 praeposito
783 1922 943 1965 generali
972 1922 1164 1967 *scripsitz
1201 1922 1353 1956 Nomine
1389 1922 1655 1967 provinciarum
1682 1922 1846 1957 Alsatiae

65 1977 102 2009 et
127 1976 340 2019 Brisgoviae
379 1977 556 2012 archidux
592 1976 748 2010 monitus
785 1979 860 2010 est:
904 1975 1207 2018 „Vniuersitatem
1244 1975 1523 2018 Friburgenseni
1562 1987 1632 2010 non
1666 1976 1735 2010 nisi
1771 1988 1844 2010 cor·

63 2028 240 2073 ruptelam
278 2041 357 2064 esse
393 2030 602 2069 iuuentutis,
639 2032 892 2074 praeterquam
928 2029 1022 2073 quod
1050 2030 1083 2062 in
1112 2040 1154 2062 ea
1180 2028 1300 2062 studia
1325 2028 1460 2062 nullius
1487 2028 1642 2073 amplius
1667 2029 1741 2063 sint
1774 2040 1844 2063 mo-

63 2083 194 2116 menti⁸
241 2082 301 2125 (ex
340 2086 492 2127 autogr..
531 2083 651 2118 Germ.
687 2083 751 2117 135
792 2083 815 2116 f.
849 2083 947 2125 152).
999 2082 1050 2116 De
1090 2083 1213 2127 pravis
1252 2081 1324 2116 illis
1360 2082 1519 2116 moribus
1554 2082 1701 2127 scripsit
1736 2082 1844 2117 etiam

70 2135 257 2170 Schreiber
281 2137 303 2170 l.
324 2149 354 2171 c.
375 2136 434 2181 [cf.
454 2148 563 2182 supra
590 2149 623 2182 p.
644 2135 703 2181 28]
732 2137 763 2170 1[
791 2136 966 2170 66-125,

29 2205 32 2208 <
190 2191 197 2209 ¹
226 2190 260 2223 Ir
287 2191 318 2231 7,
348 2192 410 2231 11;
438 2191 492 2224 Mt
518 2191 574 2231 21,
604 2191 666 2230 13;
696 2190 755 2224 Mc
785 2191 838 2230 11,
868 2190 931 2229 17;
960 2189 1008 2223 Lc
1039 2190 1092 2230 19,
1118 2189 1176 2224 46.

185 2243 197 2262 “-’
222 2243 263 2276 1η
290 2243 499 2289 episcopatu
525 2244 720 2278 tridentino
748 2245 894 2288 propter
920 2243 1032 2283 litem,
1060 2253 1153 2286 quae
1180 2241 1223 2276 de
1249 2242 1328 2277 eius
1345 2242 1495 2287 imperio
1523 2241 1623 2276 civili
1650 2242 1744 2276 inter
1770 2253 1844 2277 car-

65 2294 219 2330 dinalem
240 2296 459 2332 Ludovicum
482 2297 704 2332 Madrutium
724 2298 931 2342 episcopum
959 2297 1193 2330 tridentinum
1214 2298 1250 2330 et
1268 2295 1532 2330 Ferdinandum
1555 2296 1596 2330 11.
1615 2295 1845 2330 archiducem

63 2348 248 2392 agebatur.
267 2362 325 2385 res
344 2351 507 2395 publicae
526 2350 754 2396 imperatoris
774 2350 874 2384 iussu
892 2361 955 2394 per
978 2350 1306 2394 „sequestratores“
1329 2349 1468 2394 aliquot
1487 2349 1844 2391 administrabantur,

64 2402 123 2446 qui
151 2414 286 2447 parvae
314 2408 418 2438 erant
444 2405 681 2444 auctoritatis,
709 2404 803 2438 inter
829 2414 868 2437 se
887 2403 1121 2444 dissidebant,
1149 2403 1210 2436 vix
1231 2403 1398 2446 cuiquam
1418 2402 1695 2436 satisfaciebant
1715 2402 1845 2446 (Hirn,

65 2454 425 2500 Temporalienstreit
474 2457 522 2502 [V.
557 2470 667 2503 supra
716 2469 749 2502 p.
787 2457 842 2500 12]
889 2456 1101 2496 432-473;
1146 2457 1191 2490 cf.
1232 2457 1386 2490 Theium·
1424 2458 1446 2490 1.
1479 2467 1507 2490 c.
1541 2456 1573 2490 1Ι
1613 2456 1648 2489 in
1688 2467 1717 2490 a.
1753 2457 1844 2491 1576

62 2520 96 2544 n.
123 2508 253 2550 XXIV,
283 2509 383 2545 XXV
410 2514 444 2546 et
473 2523 506 2546 v.
534 2523 644 2556 supra
680 2523 712 2556 p.
746 2510 816 2554 ll).
870 2509 1063 2544 Praeterea
1094 2510 1288 2544 cardinalis
1314 2509 1519 2544 Madrutius
1556 2509 1615 2543 diu
1653 2513 1759 2543 extra
1792 2509 1845 2542 di-

62 2562 216 2596 oecesim
243 2564 451 2599 morabatur
477 2567 514 2598 et
540 2564 664 2598 multis
690 2563 845 2607 negotiis
871 2563 915 2597 ad
943 2563 1191 2608 episcopatum
1216 2575 1285 2596 non
1313 2563 1577 2608 pertinentibus
1604 2563 1845 2597 distinebatur

67 2615 183 2659 (Hirn
209 2616 231 2650 1.
251 2629 281 2652 (·.
301 2620 338 2651 et
365 2617 466 2653 Ferd.
486 2631 520 2652 v.
541 2618 636 2652 Tirol
664 2618 679 2652 Ι
707 2618 780 2660 78).

183 2669 196 2689 ⁸
223 2669 388 2705 Canisius
422 2671 649 2716 potissimum
685 2670 891 2714 significare
918 2669 1062 2703 videtur
1098 2669 1285 2714 episcopos
1316 2669 1562 2710 tridentinum,
1599 2668 1845 2703 brixinensem

63 2720 301 2766 (cardinalem
342 2724 639 2769 Christophorum
679 2724 921 2765 Madrutium,
962 2724 1021 2767 qui
1061 2734 1124 2768 per
1164 2723 1333 2757 Ioannem
1369 2722 1543 2757 Thomam
1583 2734 1603 2757 a
1639 2722 1754 2768 Spaur
1789 2734 1844 2757 co-

63 2775 261 2810 adiutorem
290 2777 480 2812 dioecesim
508 2777 685 2820 regebat),
713 2777 916 2812 curiensem
936 2776 1104 2820 (Beatum
1126 2788 1145 2810 a
1168 2775 1304 2819 Porta),
1331 2775 1637 2819 salisburgensem
1659 2776 1844 2820 (loannem

62 2828 231 2863 Iacobum
275 2830 402 2864 Khuen
441 2843 462 2865 a
500 2831 630 2876 Belasy
673 2830 1014 2875 archiepiscopum),
1058 2830 1362 2864 constantiensem
1405 2829 1641 2871 (cardinalem
1680 2830 1844 2864 Marcum

63 2880 229 2917 Sitticum
258 2884 302 2918 ab
328 2883 548 2929 Altaemps),
576 2887 912 2927 argentoratensem
943 2884 1127 2926 (loannem
1155 2894 1175 2917 a
1202 2882 1510 2926 Manderscheid).
1554 2883 1657 2918 Aliae
1674 2882 1846 2918 Austriae

63 2936 258 2980 superioris
292 2937 467 2971 ecclesiae
503 2937 678 2982 parebant
713 2937 891 2982 episcopis
917 2942 1133 2981 augustano,
1169 2936 1374 2978 basileensi,
1411 2936 1586 2978 feltrensi,
1624 2937 1845 2981 frisingensi,

63 2990 256 3024 veronensi
283 2992 351 3024 etc.

183 3044 196 3062 ⁴
222 3042 375 3077 Comitia
401 3043 541 3087 imperii
569 3043 833 3078 ratisbonensia
861 3044 968 3084 dicit;
996 3055 1030 3078 v.
1050 3054 1160 3087 supra
1187 3055 1221 3088 p.
1241 3043 1322 3078 337.

183 3097 196 3116 ⁵
221 3096 345 3130 Ioanni
374 3096 575 3140 Wellinger
601 3108 622 3130 a
647 3095 877 3141 Schneeberg
909 3096 1125 3131 cancellario
1151 3095 1278 3130 aulico.
1330 3095 1402 3130 Cur
1428 3096 1644 3131 Ferdinandi
1670 3096 1845 3141 pristinus

64 3146 100 3182 in
127 3148 316 3193 collegium
344 3150 623 3194 oenipontanum
650 3150 754 3184 favor
780 3150 933 3185 multum
961 3150 1171 3183 imminutus
1197 3149 1258 3190 sit,
1285 3161 1318 3184 v.
1339 3161 1449 3194 supra
1475 3162 1508 3195 p.
1529 3150 1610 3185 283.
