2062 3513
665 738 1234 811 PRAEFATIO.

121 944 230 988 troci
272 944 345 986 illo
384 958 434 987 ac
477 944 678 987 diuturno
719 944 832 986 bello
876 944 1040 987 factum
1084 947 1164 995 est,
1206 947 1255 987 ut
1295 950 1339 988 et
1381 946 1623 1001 complures
1662 947 1831 990 codices

179 1021 410 1074 librosque,
453 1021 524 1074 qui
565 1021 618 1063 ad
651 1020 731 1062 hoc
763 1021 965 1063 volumen
1002 1022 1343 1076 componendum
1385 1022 1488 1064 mihi
1529 1023 1657 1066 utiles
1695 1024 1830 1066 futuri

64 1101 208 1149 erant,
254 1097 465 1152 inspicere
506 1112 591 1140 non
635 1111 826 1152 possem,
872 1100 916 1140 et
956 1097 1095 1152 ipsum
1138 1099 1339 1141 volumen
1383 1089 1551 1141 tardius
1595 1101 1713 1155 typis
1754 1115 1829 1143 ex-

63 1176 339 1227 scriberetur,
374 1189 501 1228 quam
535 1175 695 1217 debuit.
749 1176 814 1217 De
846 1175 1088 1218 rationibus
1121 1176 1211 1218 eius
1244 1179 1287 1219 et
1320 1177 1448 1219 rebus
1480 1177 1523 1219 in
1560 1178 1825 1232 „prooemio“

63 1254 268 1304 dicturus,
311 1252 391 1295 hoc
431 1253 526 1295 loco
569 1267 624 1295 ex
665 1252 808 1294 animo
849 1252 1018 1305 gratias
1059 1267 1142 1307 ago
1185 1253 1436 1296 clarissimis
1474 1254 1748 1296 archivorum
1787 1257 1832 1297 et

63 1330 419 1373 bibliothecarum
461 1330 709 1384 praefectis,
753 1330 825 1383 qui
869 1330 1038 1372 codices
1080 1333 1125 1373 et
1164 1330 1295 1373 libros
1336 1331 1378 1373 in
1423 1346 1547 1374 usum
1592 1332 1695 1374 mihi
1739 1335 1830 1374 tra-

64 1408 276 1458 diderunt,
319 1406 514 1461 inprimis
547 1406 762 1457 Coloniae,
802 1407 1064 1460 Maihingae,
1098 1407 1327 1459 Monachii,
1363 1408 1617 1463 Oeniponte,
1651 1409 1828 1452 Romae.

62 1484 386 1527 Illustrissimus
428 1497 597 1537 quoque
629 1483 819 1525 marchio
852 1484 1014 1526 Paulus
1046 1483 1098 1526 de
1131 1484 1488 1526 Colloredo·Mels
1529 1484 1830 1527 liberalissime

61 1561 270 1616 permisit,
306 1564 354 1604 ut
385 1560 578 1616 pretiosa
602 1560 814 1614 quaedam
838 1561 1003 1603 archivi
1027 1561 1092 1603 sui
1114 1564 1394 1604 monumenta
1425 1561 1641 1604 litteraria
1663 1576 1829 1604 mecum

62 1639 496 1682 communicarentur.
561 1638 727 1680 Deinde
759 1637 878 1692 grati
910 1638 1040 1680 animi
1073 1638 1344 1692 significandi
1377 1653 1508 1682 causa
1539 1639 1712 1681 nomino
1745 1639 1830 1681 Re-

62 1716 418 1759 verendissimum
442 1715 673 1758 Dominum
696 1717 928 1758 Doctorem
952 1715 1180 1758 Nicolaum
1204 1716 1376 1759 Paulus.
1427 1716 1670 1770 Diligenter
1698 1716 1829 1758 etiam

61 1796 192 1847 atque
233 1796 433 1836 amanter
463 1792 598 1835 variis
638 1792 682 1834 in
723 1792 945 1835 laboribus
987 1807 1055 1835 me
1095 1793 1207 1836 iuvit
1247 1794 1299 1837 R.
1331 1794 1376 1836 P.
1411 1793 1595 1836 Ioannes
1627 1793 1830 1847 Baptista

60 1870 330 1914 Mundwiler.
392 1870 503 1913 Item
545 1870 730 1913 multum
772 1869 906 1913 debeo
940 1870 1230 1924 compluribus
1263 1870 1359 1912 aliis
1391 1870 1623 1913 Societatis
1654 1873 1831 1913 nostrae

61 1947 292 1999 sodalibus,
336 1946 531 2001 inprimis
572 1947 662 1990 RR.
692 1947 775 1990 PP.
807 1947 990 1990 Aemilio
1029 1947 1235 1999 Mattern,
1279 1948 1410 1990 Petro
1443 1947 1602 1990 Tacchi
1630 1947 1828 1999 Venturi,

60 2025 278 2080 Leopoldo
311 2024 503 2076 Walters,
548 2024 767 2066 Ludovico
801 2038 887 2066 van
920 2024 1064 2075 Miert,
1107 2024 1332 2067 Theodoro
1365 2038 1449 2066 van
1484 2025 1682 2075 Rossum,
1728 2024 1830 2067 Gui-

61 2101 205 2144 lielmo
246 2102 404 2154 Kratz,
454 2101 643 2144 maxime
690 2103 834 2145 autem
879 2101 970 2145 RR.
1012 2101 1096 2145 PP.
1139 2101 1423 2143 Michaeli
1470 2102 1510 2144 J.
1544 2101 1738 2143 Ahern
1787 2104 1831 2144 et

61 2178 366 2222 Francisco
391 2178 571 2222 Ehrle.
620 2178 830 2230 Aliorum,
865 2178 937 2232 qui
960 2180 1005 2221 et
1029 2178 1111 2233 ipsi
1132 2178 1440 2221 humanissime
1462 2192 1530 2221 me
1553 2179 1829 2229 adiuverunt,

61 2257 235 2298 nomina
266 2256 355 2298 suis
387 2256 492 2299 locis
524 2270 696 2311 ponam.

181 2395 383 2438 Exaten
417 2395 472 2450 bij
509 2396 700 2438 Baexem
734 2395 1078 2449 (Neerlandiae)‚
1113 2395 1152 2439 d.
1181 2397 1250 2438 27.
1275 2394 1438 2450 Aprilis
1475 2397 1599 2438 1922.

1534 2527 1759 2582 Editor.
