2051 3433
226 162 311 203 348
458 159 560 194 1953.
588 159 628 193 Ρ.
650 158 829 193 Antonius
855 159 1076 194 Possevinus
1104 158 1258 193 Canisio.
1301 158 1413 193 Roma
1440 158 1496 194 30.
1516 158 1608 193 Iunii
1636 159 1738 194 1576.

346 277 384 310 ln
421 275 577 310 comitiis
615 276 753 320 imperii
790 276 1101 311 ratisbonensibus
1135 287 1166 310 a.
1197 276 1289 310 1576
1315 275 1419 310 multi
1456 277 1605 311 comites
1640 276 1814 320 liberique
1848 276 2002 312 barones

225 332 469 374 protestantes
501 330 751 363 Maximiliano
779 330 821 363 11.
858 330 1065 376 imperatori
1102 329 1260 363 libellum
1298 329 1525 373 obtulerunt,
1561 342 1630 374 quo
1666 330 1928 374 supplicabant,
1964 331 2001 364 in

226 385 409 428 posterum
447 383 515 417 sibi
551 384 698 427 suisque
728 385 1010 428 permitteretur,
1046 385 1085 416 ut
1113 383 1146 416 in
1175 382 1342 427 capitulis
1369 376 1563 417 maioribus
1593 383 1876 425 (cathedralibus
1902 384 2002 426 ete),

225 436 326 470 nulla
353 437 435 470 fidei
455 436 654 471 catholicae
674 437 895 480 professione
917 438 1024 477 facta,
1051 437 1113 470 sed
1133 437 1167 470 in
1187 448 1252 470 sua
1275 436 1536 478 „confessione“
1560 437 1805 482 persistentes,
1831 438 2003 479 canonici,

225 490 420 534 praepositi
447 492 514 524 etc.
542 501 621 523 esse
648 493 812 534 possent;
840 502 930 534 quae
957 490 1145 534 permissio
1174 489 1415 533 (potissimum
1435 490 1479 523 ad
1499 490 1591 523 bona
1609 489 1784 524 ecclesiae
1803 490 2001 525 catholicae

226 543 512 587 protestantibus
528 543 770 587 permittenda
797 545 983 588 spectans)
1010 542 1292 586 „Freistellung“
1319 543 1519 577 vocabatur
1537 545 1573 576 et
1600 543 1634 576 in
1655 543 1843 578 comitiisa
1869 544 2005 577 maiore

225 596 388 630 ordinum
408 596 685 640 protestantium
706 599 808 641 parte
822 599 1010 641 tantopere
1025 596 1231 639 urgebatur,
1251 598 1291 629 ut
1305 608 1354 635 se,
1374 597 1441 630 nisi
1458 608 1499 630 ea
1515 596 1778 635 concederetur,
1797 596 2004 641 imperatori

225 649 386 683 subsidia
406 649 499 683 bello
519 650 655 683 turcico
673 650 878 684 necessaria
893 650 1039 684 daturos
1058 652 1243 693 negarent.
1265 649 1533 694 impugnandae
1548 662 1634 683 vero
1649 653 1684 684 et
1698 650 1898 684 reiciendae
1913 650 2004 684 eius-

227 703 308 736 dem
328 703 511 747 petitionis
539 714 648 736 causa
675 703 843 737 Coloniae
873 703 966 742 (loco
993 703 1059 737 hoc
1086 703 1209 736 nonin
1239 703 1322 736 folio
1341 702 1491 743 titulari,
1518 704 1582 737 sed
1608 704 1643 737 in
1663 707 1843 748 postremo
1869 704 2004 748 posito)

226 756 326 801 typis
339 757 557 801 'exscriptus
576 757 766 801 editusque
785 760 841 790 est
866 756 1010 791 libellus
1034 756 1131 798 „Von
1151 756 1213 790 der
1232 752 1532 801 hochberiimpter
1551 757 1736 800 Religions
1763 756 2003 801 freistellung,

225 810 282 843 ein
308 809 456 843 kurtzer
483 809 696 844 bericht....
736 811 869 844 Autore
895 810 936 844 D.
961 812 1110 844 Andrea
1138 811 1395 844 bork-enim...
1433 809 1617 844 Gedruckt
1653 811 1700 844 im
1729 810 1819 845 Jahr
1838 810 1962 845 ‚1576“
1981 811 2004 844 ¹.

225 863 345 907 Atque
371 874 587 908 exasperare
612 863 756 907 quidem
775 875 849 897 rem
869 864 1013 897 videtur
1033 864 1137 896 Felioe
1158 863 1280 906 Stieve,
1307 874 1386 896 cum
1406 862 1534 897 librum
1562 863 1656 897 hunc
1686 863 1804 905 (cuius
1822 865 2003 897 auctorem

225 916 430 950 accuratius
456 928 673 960 cognoscere
699 928 738 950 se
765 917 900 951 frustra
920 920 1085 951 conatum
1113 927 1193 950 esse
1212 917 1314 958 dicit)
1336 919 1443 950 vocat
1466 917 1563 958 „eine
1589 929 1658 950 von
1678 916 2004 951 demokratischem

225 969 376 1003 Hauche
414 969 647 1003 durchwehte
675 969 811 1003 Schrift
845 970 943 1004 eines
977 969 1217 1004 Katholiken‘
1252 969 1333 1011 (Die
1360 970 1495 1004 Politik
1530 970 1680 1004 Baierns
1717 969 2006 1011 1591-16071,

226 1022 405 1056 Miinchen
436 1023 536 1064 1878,
568 1022 662 1067 157).
715 1023 850 1057 Verum
878 1023 1012 1067 aliquid
1040 1024 1074 1056 in
1103 1035 1143 1056 eo
1170 1025 1259 1064 erat,
1287 1023 1381 1066 quod
1411 1022 1607 1058 catholicos
1634 1035 1775 1068 quoque
1802 1023 2006 1068 complures

225 1076 303 1109 sive
331 1077 468 1118 merito,
504 1077 583 1110 sive
617 1077 808 1118 immerito,
845 1077 1024 1111 offendere
1052 1079 1190 1121 posset:
1227 1076 1296 1110 Pro
1328 1087 1443 1121 prava
1479 1076 1540 1110 illa
1567 1076 1746 1118 libertate,
1782 1077 1832 1111 ait
1868 1079 2003 1116 auctor,

225 1128 353 1162 bonam
388 1129 566 1173 quandam
596 1130 709 1164 videri
736 1142 815 1165 esse
843 1130 1125 1170 concedendam;
1161 1129 1250 1163 viris
1278 1129 1391 1163 doctis
1428 1130 1578 1174 piisque,
1616 1130 1757 1164 etiamsi
1785 1130 1918 1164 civium
1946 1129 2005 1164 vel

224 1183 440 1216 rusticorum
468 1183 532 1217 filii
561 1186 692 1225 essent,
730 1184 866 1218 aditum
893 1184 1125 1228 aperiendum
1153 1194 1234 1217 esse
1268 1195 1337 1217 non
1365 1182 1479 1217 solum
1508 1184 1550 1217 ad
1579 1183 1736 1228 capitula
1772 1183 2005 1225 cathedralia,

225 1236 287 1269 sed
315 1236 424 1270 etiam
451 1237 494 1271 ad
522 1237 627 1272 sedes
647 1237 872 1282 episcopales
898 1240 934 1271 et
959 1234 1293 1282 archiepiscopales,
1321 1236 1476 1271 sublatis
1502 1236 1653 1280 legibus,
1681 1238 1811 1281 quibus
1837 1237 2007 1272 nobilitas

228 1301 341 1334 eaque
367 1302 624 1335 nonnunquam
652 1291 758 1325 valde
794 1292 894 1325 avita
921 1291 1148 1335 exigeretur3
1186 1291 1221 1324 id
1258 1302 1338 1324 cum
1367 1290 1501 1324 Christi
1527 1291 1648 1325 verbis
1675 1291 1897 1335 evangelicis
1924 1302 2004 1324 con·

228 1354 378 1386 gruere;
408 1344 441 1377 id
467 1344 512 1378 iis
539 1344 670 1385 deberi,
699 1345 759 1388 qui
786 1345 957 1390 pecunias
983 1356 1048 1379 suo
1075 1345 1204 1378 sudore
1232 1346 1460 1389 comparatas
1486 1344 1530 1378 ad
1557 1356 1599 1378 ea
1625 1344 1793 1378 instituta
1819 1344 2005 1379 condenda

226 1397 546 1442 conservandaque
573 1398 856 1432 contribuissent
882 1401 918 1432 et
943 1398 1230 1439 contribuerent;
1261 1398 1295 1432 id
1323 1398 1487 1442 exemplo
1515 1409 1656 1442 quoque
1684 1397 1924 1432 commendari
1950 1409 2005 1432 ec-

227 1450 359 1484 clesiae
385 1462 554 1486 romanae
585 1452 645 1494 (cf.
667 1454 822 1486 Janssen
849 1452 870 1486 l.
891 1464 921 1487 c.
940 1452 990 1486 IV
1016 1453 1115 1472 ¹⁵—¹⁶
1140 1452 1359 1494 490—491).

347 1503 420 1538 Cur
455 1507 575 1539 autem
612 1506 647 1539 in
682 1505 832 1547 litteris,
869 1517 960 1550 quas
995 1506 1118 1550 posui,
1156 1505 1405 1539 Mercurianus
1443 1504 1526 1539 huic
1573 1504 1664 1539 libro
1703 1505 1998 1550 „suppl-imendo“

226 1559 416 1602 tantopere
442 1558 564 1599 instet,
602 1560 832 1602 cognoscitur
868 1572 912 1594 ex
940 1559 1107 1604 epistulis
1134 1571 1155 1593 a
1181 1558 1380 1593 rectoribus
1413 1558 1646 1602 collegiorum
1678 1558 1942 1603 herbipolensis
1967 1562 2005 1593 et

227 1611 402 1655 spirensis
429 1613 474 1646 ad
501 1624 581 1646 eum
609 1613 652 1646 de
679 1613 846 1658 Thyraeo
873 1613 1079 1658 praeposito
1104 1624 1169 1647 suo
1188 1612 1402 1657 provinciali
1429 1612 1534 1646 datis.
1572 1612 1626 1647 Ita
1653 1613 1747 1646 enim
1765 1613 1804 1647 P.
1828 1614 2005 1656 θεωρίης

226 1666 350 1700 Bader
376 1665 562 1711 Herbipoli
590 1666 622 1700 3.
642 1666 733 1700 lunii
763 1667 853 1701 1576
881 1668 912 1701 ei
938 1666 1134 1711 *scripsit:
1178 1666 1377 1708 ⁷,Hesterno
1405 1667 1461 1700 die
1487 1666 1532 1700 ad
1558 1677 1623 1700 nos
1649 1670 1827 1700 uenerunt
1853 1666 2003 1700 Colonia

233 1718 302 1752 duo
338 1719 491 1760 fratres,
525 1731 603 1754 cum
637 1720 775 1764 aliquot
811 1720 942 1755 libellis
981 1720 1147 1764 (quorum
1185 1731 1293 1754 unum
1330 1732 1410 1754 cum
1447 1720 1503 1754 his
1538 1719 1658 1762 mitto)
1689 1722 1725 1753 et
1758 1719 1876 1754 literis
1902 1720 1943 1754 R.
1962 1720 2002 1754 P.

228 1771 384 1806 Prouinc
402 1773 555 1816 ·quibus
582 1774 788 1815 mandabat,
815 1778 855 1808 ut
881 1774 996 1808 dictos
1023 1773 1163 1808 libellos
1199 1785 1261 1807 seu
1290 1774 1409 1818 potius
1436 1774 1541 1807 unius
1568 1772 1681 1807 libelli
1709 1773 1811 1818 plura
1838 1773 2006 1818 exempla

227 1828 426 1870 compacta,
455 1837 533 1860 meo
568 1828 711 1861 nomine
746 1828 858 1872 uarijs
885 1828 1114 1872 Principibus
1140 1827 1261 1861 darem
1296 1830 1332 1861 et
1358 1828 1551 1861 mitterem.
1602 1826 1655 1860 De
1681 1838 1751 1870 quo
1778 1827 1828 1860 ita
1864 1838 2004 1861 mecum

224 1879 399 1920 sentiunt,
436 1879 504 1913 duo
540 1880 725 1925 praecipui
762 1880 996 1915 Consultores
1032 1881 1130 1925 (nam
1167 1881 1276 1914 certis
1311 1881 1353 1914 de
1389 1880 1510 1915 causis
1546 1892 1615 1914 non
1652 1880 1819 1925 proposui
1854 1880 2005 1924 reliquis

225 1932 393 1975 duobus).
446 1933 566 1967 Primo
586 1934 667 1978 plus
694 1946 801 1978 quam
828 1935 1024 1979 probabilis
1051 1934 1208 1979 suspicio
1235 1937 1301 1975 est,
1327 1937 1404 1969 tum
1434 1946 1479 1968 ex
1505 1933 1550 1978 ijs
1569 1934 1630 1977 qui
1650 1933 1797 1968 Colonia
1815 1938 2002 1974 uenerunt,

223 1988 300 2019 tum
327 1998 372 2020 ex
399 1987 476 2031 ipso
503 1986 611 2031 stylo,
638 1987 767 2021 librum
796 1999 875 2022 esse
902 1999 922 2021 a
940 1988 1085 2029 nostris,
1113 1988 1183 2022 imo
1211 1988 1254 2022 ab
1282 1988 1359 2033 ipso
1382 1988 1422 2022 R.
1442 1987 1480 2021 P.
1504 1987 1655 2021 Prouinc
1677 1988 1909 2031 -profectum,
1943 1990 2008 2021 aut,

226 2039 357 2073 saltem
385 2040 625 2081 emendatum,
653 2044 689 2075 et
712 2041 982 2086 impressionem
1011 2045 1208 2075 correctam
1229 2059 1236 2066 ·
1257 2053 1341 2075 nam
1368 2042 1402 2075 in
1431 2053 1471 2075 eo
1499 2041 1732 2075 describendo
1751 2041 1910 2074 dictante
1928 2040 2007 2085 ipso

224 2092 345 2134 Patre,
382 2092 494 2138 aliqui
522 2096 774 2139 praeceptores
801 2094 949 2129 fuerunt
975 2095 1152 2140 occupati.
1203 2095 1240 2129 29
1268 2095 1358 2129 Eum
1394 2094 1460 2129 hoc
1495 2097 1656 2139 tempore
1692 2097 1838 2139 propter
1872 2094 2008 2128 multas

225 2157 385 2188 caussas,
412 2147 571 2181 maxime
598 2150 745 2193 propter
771 2148 859 2193 styli
887 2149 1160 2182 mordacitatem
1187 2151 1222 2182 et
1249 2149 1452 2192 argumenti
1481 2148 1640 2183 odiosam
1667 2148 1866 2186 materiam.
1898 2147 2007 2181 ualde

223 2199 478 2244 periculosum,
515 2202 575 2245 qui
614 2213 682 2235 non
715 2202 831 2236 solum
859 2202 902 2235 ab
931 2202 1152 2246 aduersarijs
1177 2203 1240 2236 sed
1268 2204 1376 2236 etiam
1405 2214 1425 2236 a
1452 2202 1659 2242 Catholicis,
1696 2205 1731 2236 et
1758 2202 1914 2236 maxime
1941 2201 2006 2236 Ec-

224 2253 442 2288 clesiasticis
478 2254 686 2295 Nobilibus,
725 2255 926 2290 Vniuersae
960 2255 1132 2290 Societati
1172 2267 1340 2299 magnam
1378 2256 1549 2290 inuidiam
1587 2255 1777 2290 conciliare
1817 2255 2004 2300 possit....

224 2308 261 2341 5?
289 2307 492 2351 Plaeraque
520 2308 643 2342 odiosa
669 2310 817 2354 scripta,
854 2321 945 2353 quae
972 2310 1049 2343 sine
1076 2309 1246 2350 Auctore,
1283 2309 1340 2343 uel
1368 2310 1450 2343 ficto
1478 2309 1635 2343 auctoris
1661 2309 1803 2343 nomine
1829 2308 2008 2343 hactenus

230 2360 450 2405 prodierunt,
489 2362 546 2396 uel
573 2362 608 2395 in
636 2366 820 2406 posterum
848 2363 1042 2407 prodibunt
1067 2363 1202 2397 nostris
1229 2363 1477 2403 adscribenda,
1513 2363 1544 2396 si
1571 2362 1682 2396 semel
1709 2363 1744 2396 in
1771 2362 1864 2397 hanc
1890 2362 2005 2407 suspi-

228 2414 366 2448 cionem
406 2416 606 2449 veniamus.
659 2415 725 2449 His
762 2416 1010 2457 consideratis,
1044 2416 1162 2450 uisum
1199 2416 1286 2450 mihi
1323 2419 1388 2457 est,
1426 2417 1458 2449 in
1496 2416 1636 2449 domino
1673 2428 1742 2449 non
1778 2416 1854 2450 fore
1881 2418 2007 2450 contra

223 2470 390 2502 sanctam
431 2468 683 2504 Obedientiam
721 2471 751 2503 si
793 2470 960 2514 exempla
996 2470 1133 2505 tamdiu
1173 2470 1446 2514 supprimantur
1483 2481 1503 2503 a
1538 2481 1615 2509 me,
1655 2470 1767 2504 donec
1805 2470 1850 2504 ad
1887 2469 2006 2514 ipsum

225 2520 267 2555 R.
289 2521 328 2555 P.
350 2522 515 2559 Prouinc,
535 2524 701 2563 scribam,
730 2526 766 2557 et
784 2523 872 2558 haec
892 2536 1097 2569 proponam,
1124 2535 1320 2567 regemque
1339 2528 1378 2557 ut
1397 2523 1453 2557 his
1472 2523 1514 2557 de
1533 2524 1662 2563 causis,
1690 2523 1799 2556 etiam
1825 2522 1897 2556 alia
1915 2533 2007 2566 quac

223 2574 381 2608 nondum
407 2578 494 2609 sunt
520 2576 714 2611 distributa
743 2577 896 2618 (utinam
924 2578 1024 2612 nulla
1051 2580 1188 2615 essent)
1227 2580 1329 2611 curet
1355 2576 1654 2622 supprimi-quod
1682 2580 1718 2610 et
1752 2576 1853 2610 feci.“
1908 2575 2008 2610 Haec

223 2630 350 2672 postea
377 2629 590 2664 confirmata
613 2634 699 2665 sunt
718 2631 879 2665 ¹'litteris
898 2631 1002 2676 Spira
1020 2632 1052 2665 ὃ.
1072 2631 1153 2665 Iulii
1183 2632 1272 2665 1576
1299 2642 1330 2666 a.
1352 2631 1388 2665 P.
1409 2631 1512 2664 Petro
1531 2632 1706 2665 michaele
1735 2629 2004 2674 (Brillmacher)

222 2681 265 2715 ad
286 2682 553 2717 Mercurianum
575 2683 690 2724 datis;
719 2685 800 2728 qui:
832 2684 982 2727 „Editus
1001 2686 1091 2725 est‘,
1111 2685 1236 2729 inquit,
1260 2697 1392 2729 „nuper
1412 2684 1516 2718 Liber
1535 2685 1679 2728 quidam
1699 2683 1935 2718 Germanicus
1954 2683 2008 2717 De

227 2735 413 2770 Libertate
449 2736 635 2780 religionis
673 2739 707 2772 in
736 2737 910 2782 Ecclesijs
947 2736 1236 2777 Cathedralibus,
1270 2739 1291 2773 i.
1312 2750 1340 2772 e.
1361 2742 1485 2772 contra
1513 2750 1573 2772 eos
1610 2738 1670 2782 qui
1707 2749 1784 2771 eam
1821 2736 2005 2771 solicitant

227 2788 261 2821 in
300 2789 474 2833 Jmperio.
526 2790 578 2824 De
614 2791 766 2825 authore
803 2791 885 2836 librj
921 2797 1007 2825 sunt
1042 2792 1146 2826 varia
1175 2791 1312 2836 judicia
1349 2795 1385 2825 et
1420 2791 1655 2836 suspiciones,
1682 2790 1774 2824 Sunt
1808 2790 1868 2833 qui
1904 2789 2007 2823 nobis

222 2845 413 2886 acceptum
441 2844 615 2884 referunt,
649 2856 717 2878 non
745 2845 838 2879 satis
864 2845 1051 2879 commode
1078 2848 1114 2879 et
1140 2857 1204 2890 pro
1231 2848 1392 2890 tempore
1418 2856 1476 2879 res
1501 2847 1703 2878 tractatur·
1721 2843 1917 2878 Consilium
1945 2843 2009 2876 dat,

223 2894 364 2936 author,
392 2899 433 2930 vt
459 2898 488 2930 si
518 2897 603 2940 quid
632 2897 674 2930 de
702 2898 876 2943 Ecclesijs
904 2898 1145 2939 tractandum,
1175 2898 1206 2931 id
1235 2903 1367 2941 agatur
1385 2901 1426 2931 vt
1445 2898 1604 2931 cuiusuis
1632 2896 1778 2941 [status]
1802 2895 2007 2930 hominibus

221 2950 331 2983 etiam
357 2962 427 2984 non
453 2950 570 2984 solum
590 2951 770 2985 nobilibus
797 2952 845 2986 sit
871 2953 914 2986 ad
943 2952 1025 2986 illas
1045 2963 1214 2986 accessus
1240 2964 1311 2996 qua
1338 2965 1375 2986 re
1396 2951 1628 2985 vehementer
1654 2951 1878 2985 nobilitat-em
1898 2948 2004 2983 offen-

221 3002 273 3036 dit
308 3005 376 3037 etc.
428 3003 663 3038 Reuerendus
690 3005 799 3039 I‘ater
834 3005 1073 3040 Prouincialis
1110 3005 1153 3039 ad
1189 3016 1246 3039 me
1279 3006 1433 3050 primum
1469 3005 1644 3050 scriptum
1684 3004 1782 3038 misit
1821 3001 2007 3047 exemplar

345 3103 354 3123 ¹
380 3102 478 3137 Usus
505 3114 583 3137 sum
621 3103 729 3138 huius
756 3103 868 3138 libelli
895 3103 1070 3148 exemplo,
1107 3103 1201 3147 quod
1228 3105 1350 3137 exstat
1377 3102 1558 3137 Monachii
1585 3103 1620 3136 in
1648 3101 1863 3137 bibliotheca
1890 3101 2004 3135 natio-

221 3155 294 3189 nali
325 3156 385 3199 (H.
406 3156 485 3191 Res.
505 3156 604 3200 269).
