2062 3443
619 136 817 182 Oeniponte
845 137 900 172 29.
921 136 1104 171 Februarii
1135 137 1235 172 1572.
1761 142 1810 182 17

51 257 205 300 luimus
237 270 332 298 cum
365 255 439 298 illa
471 255 744 305 contendere,
788 257 858 296 sat
890 254 1100 297 habentes
1134 255 1247 308 quod
1280 255 1510 309 praecipue
1543 256 1812 305 curabamus,

51 321 266 375 consequi,
301 324 349 364 ut
382 320 503 362 nobis
537 319 825 362 assentiretur
848 320 890 361 in
913 320 1158 362 reuocando
1192 320 1341 372 fratre,
1377 334 1501 373 quem
1534 321 1814 373 intelligimus

53 386 196 429 multis
229 390 273 429 et
305 386 511 439 grauibus
545 385 596 427 de
629 385 770 427 causis
803 384 1028 426 Ferrariae
1071 399 1155 427 non
1198 386 1289 427 sine
1333 399 1488 439 magno
1524 386 1713 439 periculo
1747 399 1814 427 re-

50 451 182 505 linqui
215 465 354 506 posse.
404 450 552 492 Visum
581 454 648 493 est
680 449 849 492 interim
876 450 919 492 P.
947 449 1189 491 Guilhelmo
1224 454 1267 493 et
1295 451 1396 492 mihi
1430 450 1523 492 fore
1556 451 1812 493 consultum.

51 520 97 559 ut
128 517 240 559 idem
267 517 395 559 Pater
423 516 466 558 in
496 516 642 557 urbem
677 517 859 557 uocatus
893 515 1029 568 primo
1054 529 1222 568 quoque
1247 519 1442 569 tempore
1476 515 1664 557 nonnihil
1691 530 1814 570 prac-

50 585 278 638 pa-raretur
310 581 365 623 ad
397 580 588 622 futuram
622 580 705 622 loci
740 579 1046 622 mutationem:
1083 581 1235 622 deinde
1268 584 1316 622 ut
1348 580 1484 622 libera
1506 581 1567 622 illi
1601 581 1813 634 relinque-

50 651 169 690 retur
191 646 342 689 electio
366 646 554 688 cuiusuis
577 645 820 700 prouintiae
844 659 897 686 ex
921 645 1059 687 tribus
1084 648 1247 696 nostra,
1275 646 1489 687 Rhenensi
1508 649 1552 689 et
1571 646 1814 688 Austriaca.

51 712 141 756 Nee
182 712 293 754 enim
328 712 484 753 desunt
524 724 692 761 causae,
738 711 790 752 ob
824 724 930 763 quas
975 710 1046 752 ille
1079 712 1296 763 grauatim
1340 711 1490 753 redeat
1524 712 1578 753 ad
1611 726 1702 761 nos,
1746 711 1818 764 qui

50 791 183 833 paruo
217 777 348 819 etiam
381 776 496 818 illius
519 775 732 818 desiderio
766 778 1002 825 tenenmru,
1037 776 1264 830 sicutipse
1287 776 1367 818 sibi
1391 790 1560 829 quoque
1588 776 1816 830 persuasit.

50 842 341 885 Vehementer
373 846 488 895 opto,
524 843 572 883 ut
596 841 731 883 bonus
754 840 825 882 ille
859 844 999 894 pater,
1035 841 1107 893 qui
1140 842 1372 894 aliquando
1396 841 1461 883 sui
1491 840 1732 896 imposb[?]
1768 855 1817 883 ac

50 907 170 950 uelut
211 910 380 949 emotae
422 906 580 948 mentis
613 920 708 948 esse
749 906 873 956 solet,
918 919 973 947 ex
1006 906 1106 960 aula
1146 907 1220 948 illa
1254 906 1461 956 discedat,
1505 907 1730 959 minusque
1762 906 1819 948 sit

50 972 200 1015 aulicis
224 971 434 1023 foeminis,
464 985 592 1025 quam
617 971 840 1021 hactenus,
875 971 1115 1014 familiaris.
1163 971 1338 1014 Vtinam
1362 971 1544 1026 posthac
1568 972 1820 1013 occludatur

25 1037 206 1080 .ostium
241 1037 400 1080 nostris
434 1037 643 1087 omuibus,
688 1039 735 1079 ut
768 1051 863 1078 cum
898 1036 1168 1090 Principibus
1202 1040 1246 1079 et
1278 1037 1388 1079 aulis
1421 1036 1524 1078 nihil
1559 1040 1635 1080 aut
1668 1051 1818 1091 parum

50 1102 294 1156 commercij
330 1103 521 1144 habeant
542 1102 585 1143 in
610 1102 702 1144 foro
726 1101 945 1152 interiore,
981 1104 1023 1144 et
1047 1102 1088 1143 in
1114 1102 1352 1144 domestica
1385 1102 1461 1144 illa
1494 1102 1817 1152 consuetudine,

50 1182 160 1222 quae
193 1168 328 1210 fortes
362 1168 492 1210 etiam
526 1171 570 1210 et
600 1167 765 1209 ferreos
798 1167 964 1209 animos
997 1170 1073 1209 aut
1096 1168 1311 1221 frangere,
1346 1170 1423 1210 aut
1456 1168 1650 1209 emollire
1674 1171 1817 1221 queat.

51 1233 134 1277 Sed
167 1233 273 1275 haec
306 1247 386 1286 ego
419 1233 461 1275 in
495 1233 633 1275 sinum
667 1232 976 1287 sapientissimi
1011 1233 1148 1286 patris
1182 1237 1226 1275 et
1247 1232 1483 1287 superioris
1516 1248 1592 1287 pro
1617 1247 1667 1275 ea
1691 1248 1819 1286 quam

51 1299 162 1342 filius
193 1299 236 1340 in
269 1298 483 1341 communi
516 1313 648 1341 causa
681 1299 822 1349 debet,
857 1299 1117 1341 reverentia.

170 1371 214 1413 P.
242 1370 507 1413 Guilhelmus
541 1370 724 1420 dubitat,
759 1370 816 1413 sit
848 1384 901 1412 ne
929 1370 982 1412 ad
1016 1370 1202 1424 priorem
1236 1370 1525 1413 conditionem
1550 1370 1820 1412 authoritate

54 1436 303 1479 Pontificisl
336 1436 619 1479 reuocandus
668 1436 807 1478 Jubeo
840 1436 958 1477 illum
992 1436 1102 1477 bono
1127 1450 1221 1477 esse
1255 1436 1411 1487 animo,
1446 1436 1705 1489 minimeque
1739 1435 1820 1476 dif-

53 1502 183 1544 fidere
227 1501 472 1552 maioribus,
518 1501 589 1554 qui
632 1501 758 1543 facile
800 1501 887 1544 sint
920 1501 1171 1543 dissoluturi
1213 1501 1385 1551 nodum,
1429 1501 1464 1542 si
1498 1515 1624 1554 quem
1657 1501 1822 1554 inijciat

53 1567 285 1610 Florentia.
335 1567 552 1621 Scriptum
586 1569 654 1609 est
687 1567 741 1609 ad
776 1567 820 1609 P.
845 1566 1170 1617 Prouiutialem,
1206 1567 1312 1608 uelit
1345 1580 1398 1608 ne
1430 1566 1549 1608 illum
1578 1568 1821 1620 Augustam

53 1632 222 1675 uenire:
267 1632 379 1675 sicut
412 1646 569 1686 cupere
603 1632 773 1685 quidem
807 1632 899 1686 ipse
934 1632 978 1675 P.
1015 1632 1282 1674 Guilhelmus
1315 1632 1500 1682 uidetur,
1541 1632 1616 1673 sed
1649 1632 1821 1685 ambigo

51 1712 171 1748 sane,
206 1712 259 1740 an
292 1698 354 1739 illi
387 1701 431 1740 et
465 1698 623 1740 nostris
656 1698 736 1740 hoc
769 1698 860 1739 fieri
895 1698 1112 1752 expediat.
1173 1698 1402 1749 Paulatim,
1437 1701 1486 1739 ut
1518 1711 1657 1752 spero,
1694 1698 1820 1739 liber-

53 1766 188 1806 tatem
232 1763 414 1806 aulicam
449 1764 490 1805 in
526 1763 794 1818 disciplinam
837 1763 1105 1817 collegialem
1142 1765 1380 1814 conuertet,
1425 1777 1556 1816 seque
1590 1763 1688 1818 alijs
1721 1777 1822 1805 con-

54 1828 258 1871 formabit
290 1843 367 1883 pro
400 1829 680 1883 simplicitate
713 1828 849 1872 nostri
881 1828 1084 1877 instituti,
1120 1829 1232 1882 quod
1265 1828 1431 1871 utinam
1459 1829 1512 1871 ab
1547 1830 1661 1871 omni
1694 1829 1822 1870 sorde

52 1896 99 1937 et
130 1895 388 1948 contagione
421 1895 538 1937 uitae
572 1895 739 1937 aulicae
772 1898 983 1949 perpetuo
1017 1895 1297 1936 uindicemus.

172 1966 355 2009 Oramus
409 1967 626 2008 dominum
679 1981 757 2021 pro
807 1967 856 2009 R.
902 1967 947 2009 P.
995 1967 1238 2017 Generali2‚
1294 1969 1341 2008 ut
1394 1966 1488 2008 uias
1541 1968 1585 2009 et
1637 1967 1823 2009 reditum

53 2031 144 2074 eius
189 2032 230 2073 in
278 2031 462 2086 gloriam
507 2032 573 2074 sui
619 2031 802 2074 nominis
847 2036 1086 2087 prosperet.
1154 2034 1388 2086 Speramus
1432 2031 1551 2073 illum
1596 2032 1638 2073 in
1683 2032 1825 2074 Gallia

53 2097 242 2148 uersari,
296 2100 340 2139 et
391 2097 432 2139 in
485 2098 705 2152 Hispanijs
760 2098 1000 2140 confecisse
1054 2097 1237 2150 aliquid,
1294 2097 1407 2150 quod
1461 2097 1516 2139 ad
1564 2097 1823 2151 scriptorum

56 2162 271 2216 negotium
307 2163 646 2217 promouendum
680 2165 867 2218 spectat,
902 2163 1160 2216 ubicumque
1198 2163 1373 2205 tandem
1408 2162 1470 2204 illi
1504 2163 1825 2206 constituantur

55 2230 100 2270 et
131 2228 303 2271 alantur
317 2229 344 2270 3.

174 2299 418 2342 Gaudemus
452 2300 681 2342 Germanis
713 2300 876 2343 nostris
908 2300 1047 2341 locum
1082 2300 1124 2341 in
1158 2299 1406 2342 triremibus
1440 2300 1546 2351 dari,
1581 2303 1629 2342 ut
1661 2300 1825 2342 seruire

57 2364 222 2418 possint
265 2365 487 2408 militibus.
554 2365 730 2408 Vtinam
773 2365 814 2407 in
857 2365 1162 2407 Transiluania
1209 2368 1252 2407 et
1294 2365 1445 2408 Suetia
1490 2365 1651 2407 nostris
1694 2365 1825 2408 etiam

55 2430 257 2472 ostium
292 2431 586 2485 aperiatur
603 2432 632 2482 4,
668 2431 782 2473 sicut
814 2445 869 2473 ex
902 2431 1082 2474 Austria
1117 2432 1264 2473 iubent
1298 2431 1405 2473 bene
1438 2445 1627 2485 sperare.

174 2502 468 2556 Expectarnus
490 2516 649 2544 nouam
673 2502 906 2545 editionem
930 2502 1158 2545 literarum
1178 2503 1502 2557 Japonicarum,
1528 2506 1573 2545 et
1596 2502 1824 2546 cathenam

57 2565 109 2610 D.
142 2566 392 2609 Emanuelis
408 2568 437 2610 ⁶.

174 2659 201 2690 a)
222 2660 268 2684 ΙΙα
289 2662 316 2685 C.
339 2659 399 2691 ipse
425 2661 553 2685 correrii*
579 2668 615 2685 ef
640 2658 772 2685 tenetur.
884 2660 913 2685 bi
935 2661 967 2684 Η
996 2660 1035 2684 ica
1063 2668 1099 2684 θα*
1125 2666 1258 2692 compca,
1285 2660 1359 2691 quod
1388 2663 1429 2685 est
1450 2661 1479 2684 in
1501 2664 1623 2692 (tamma,
1649 2662 1826 2692 εοννῖμαίιιν,

55 2699 179 2725 euadere
201 2701 336 2726 videntur
358 2709 397 2726 vv.
418 2710 495 2733 sqq.;
521 2702 580 2726 nisi
600 2705 628 2727 ('.
647 2703 774 2727 scribere
797 2703 918 2727 voluerit
941 2701 991 2726 uix
1011 2708 1136 2734 compos
1167 2702 1208 2726 rel
1228 2700 1309 2726 haud
1332 2708 1457 2735 compos
1479 2703 1522 2727 rel
1542 2709 1603 2728 non
1623 2709 1757 2736 compos.

179 2853 189 2873 ¹
215 2853 269 2888 Pii
290 2853 349 2895 V.;
376 2854 602 2898 significatur
627 2858 746 2890 autem
772 2855 965 2898 „conditio“
989 2855 1067 2888 sive
1087 2866 1215 2888 munus
1243 2854 1455 2889 confessarii
1475 2855 1629 2889 Ioannae
1656 2855 1828 2900 principis

57 2903 285 2947 florentinae;
314 2919 347 2942 v.
369 2919 478 2953 supra
504 2920 537 2953 p.
560 2909 593 2943 5.

179 2959 191 2979 ²
217 2959 405 2995 Francisco
436 2961 576 3004 Boi-gia.

180 3021 192 3039 ⁸
218 3018 382 3054 Canisius
417 3020 649 3055 vehementer
685 3021 852 3066 optabat,
888 3023 927 3055 ut
963 3020 1073 3064 aliqui
1111 3021 1152 3054 de
1189 3021 1367 3056 Societate
1402 3021 1722 3063 constituerentur,
1759 3021 1819 3066 qui

60 3072 184 3105 eontra
209 3071 409 3108 haereticos
435 3074 654 3114 scriberent;
683 3086 713 3110 v.
748 3076 833 3109 Can.
856 3075 906 3109 VI
932 3075 1001 3108 419
1028 3075 1094 3108 441
1125 3074 1205 3108 4⁸20.

180 3132 192 3150 ⁴
222 3132 237 3165 l
266 3131 334 3167 Cor
362 3133 415 3176 16,
444 3134 497 3168 19.
549 3133 569 3168 2
598 3133 666 3168 Cor
691 3134 723 3175 2,
756 3134 807 3169 12,
954 3135 967 3154 ⁶
997 3134 1085 3168 Vide
1112 3145 1221 3178 snpra
1248 3145 1282 3179 p.
1302 3134 1360 3168 6⁴.

133 3198 440 3236 Braunsberger,
460 3203 572 3229 Canisii
592 3203 748 3237 Epistulae
768 3204 800 3230 et
818 3203 904 3230 Acta.
933 3203 996 3229 VII.
1523 3200 1544 3232 2
