2051 3433
207 137 292 178 296
456 134 559 169 1929.
588 133 793 168 Everardus
818 134 1070 169 Mercurianus
1096 134 1252 169 Canisio.
1296 133 1408 168 Roma
1434 134 1491 169 25.
1510 134 1602 168 Iunii
1629 135 1732 169 1575.

325 246 390 289 De
413 260 546 289 causa
568 246 778 300 Principis
800 247 937 289 nostri
958 249 980 299 ¹,
1015 248 1192 301 eiusque
1214 247 1354 289 literis
1376 247 1517 290 isthuc
1538 248 1603 291 uti
1624 262 1765 302 spero,
1798 248 1981 302 perlatis

206 313 426 366 postremo
468 312 634 366 scripsi.
698 312 798 354 Non
840 315 908 355 est
949 313 1063 366 quod
1104 316 1350 354 metuamus
1382 313 1502 355 illum
1535 327 1561 356 a
1592 313 1716 355 nobis
1754 316 1803 356 ut
1834 317 1978 364 antea,

206 377 443 431 petiturum
478 377 803 431 poedagogum:
837 391 959 420 suam
1002 378 1220 432 promittit
1258 378 1381 420 nobis
1421 378 1784 429 beneuolentiam,
1824 378 1900 421 sed
1933 382 1983 421 ut

206 442 407 484 uideatur
439 442 614 485 Rectori
647 443 826 485 nostro2
858 443 1040 485 necdum
1072 443 1390 486 reconciliatus.

326 508 465 550 Valde
487 508 740 561 gaudemus,
774 508 1028 562 peregrinos
1052 522 1106 550 ex
1130 508 1235 550 urbe
1258 509 1491 550 redeuntes
1513 511 1604 550 tam
1627 509 1765 551 multa
1788 512 1832 551 et
1853 522 1981 563 prae-

207 572 326 614 clara
359 573 411 614 de
433 573 631 615 Romana
663 573 830 627 pietate
862 573 1027 615 referre
1041 574 1069 616 3.
1119 573 1326 623 putarim,
1362 574 1483 616 Pont.
1509 573 1627 616 Max.
1661 577 1706 616 et
1727 574 1984 628 praecipuos

207 651 399 691 quosque
432 652 636 691 magnam
668 637 711 679 in
746 638 917 680 domino
941 638 1279 680 consolationem
1303 638 1402 680 inde
1435 641 1730 693 percepturos,
1765 638 1800 680 si
1823 652 1982 692 cogno-

206 706 391 752 scerent,
426 717 554 756 quam
587 703 716 755 longe
744 703 919 756 lateque
941 704 1088 745 suauis
1111 703 1179 745 hic
1201 703 1308 745 odor
1330 703 1452 746 Rom.
1478 703 1701 745 Ecclesiae
1724 717 1801 758 per
1822 703 1984 745 multas

206 767 448 822 prouintias
491 767 768 810 diffundatur.
833 767 1002 811 Christo
1044 782 1216 822 semper
1248 769 1399 821 gloria,
1444 770 1489 810 et
1520 768 1754 811 haereticis
1787 767 1983 810 confusio

207 833 426 876 salutaris,
480 832 740 875 Commendo
763 846 832 875 me
855 833 1086 887 plurimum
1109 833 1333 888 sacrificijs
1356 838 1400 876 et
1422 834 1622 888 precibus
1654 834 1701 877 Ρ.
1726 834 1774 876 Τ.
1798 846 1981 887 semper.

210 898 444 952 Oeniponti
470 899 522 940 10
545 898 661 953 Junij
692 900 818 941 1575.

1119 964 1281 1007 Seruus
1313 966 1359 1006 et
1389 963 1502 1006 filius
1535 964 1629 1007 Pet.
1654 963 1862 1006 Canisius.

326 1040 353 1093 Τ
386 1038 442 1081 Al
474 1041 609 1083 molto
632 1041 888 1083 Reuerendo
911 1041 954 1083 in
978 1041 1147 1085 Christo
1171 1041 1326 1092 padre,
1359 1041 1386 1083 J
1390 1041 1403 1082 1
1426 1041 1566 1083 Padre
1588 1044 1737 1084 nostro
1760 1039 1985 1100 Euerardo

207 1105 496 1157 Mercuriano,
531 1105 756 1160 Preposito
792 1105 1049 1161 [Gene]rale
1082 1107 1195 1150 della
1228 1106 1495 1161 Compagnia
1527 1106 1569 1148 di
1603 1106 1746 1149 Giesv.
1781 1109 1864 1148 eto.

1620 1171 1677 1213 Jn
1711 1171 1862 1214 Roma.

328 1251 429 1294 Quod
456 1252 623 1288 Canisius
658 1254 694 1286 in
729 1253 785 1287 his
819 1253 952 1287 litteris
987 1253 1218 1297 significabat
1253 1265 1291 1287 se
1324 1253 1367 1287 de
1395 1253 1608 1287 Ferdinandi
1636 1253 1679 1286 ΙΙ.
1709 1252 1913 1287 archiducis
1948 1252 1984 1286 in

210 1305 332 1340 Socios
375 1306 667 1349 „benevolentia“
705 1307 866 1341 nonnihil
902 1307 1076 1348 dubitare,
1112 1307 1207 1341 haud
1244 1318 1431 1351 perperam
1467 1307 1620 1341 dicebat.
1681 1307 1856 1350 Hoffaeus
1890 1305 1984 1339 enim

208 1359 442 1405 provinciahs
471 1361 524 1394 11.
544 1360 626 1394 Iulii
654 1361 744 1395 1575
771 1361 1037 1395 Mercurianum
1065 1361 1108 1395 de
1135 1361 1359 1395 Ferdinando
1385 1363 1422 1394 et
1447 1360 1490 1394 de
1516 1359 1734 1403 Magdalena
1761 1360 1838 1393 eius
1864 1371 1986 1394 sorore

210 1412 394 1448 *monuit:
423 1413 547 1458 „Quod
574 1414 612 1448 P.
635 1413 676 1448 V.
697 1414 881 1448 existimet
899 1414 1139 1449 Archiducem
1166 1414 1269 1448 nobis
1296 1425 1375 1448 esse
1401 1414 1626 1454 beneuolum,
1653 1425 1721 1447 non
1749 1424 1882 1457 quaeso
1917 1412 1985 1447 hoc

209 1467 352 1501 credat:
390 1467 487 1501 aliud
512 1479 577 1501 nos
612 1467 719 1512 plane
746 1468 983 1512 experimur..
1000 1494 1031 1503 ..
1083 1467 1217 1502 Omnes
1244 1468 1325 1501 boni
1352 1470 1479 1501 notant
1516 1467 1609 1501 malo
1636 1467 1737 1500 illum
1769 1468 1894 1501 contra
1919 1477 1985 1500 nos

209 1520 339 1565 spiritu
366 1520 498 1563 agitari
525 1521 603 1555 sine
630 1533 751 1556 causa.
802 1521 1098 1556 Faniiliarissime
1125 1522 1270 1566 quidem
1295 1533 1435 1555 mecum
1467 1521 1550 1563 egit,
1589 1520 1651 1554 sed
1680 1520 1778 1554 aliud
1813 1519 1985 1564 loquitur,

211 1573 315 1608 aliud·
334 1574 542 1618 agit-bona
568 1574 706 1618 Regina
733 1575 930 1619 lachrymis
967 1575 1056 1609 haec
1091 1575 1265 1619 deplorat,
1303 1577 1339 1608 et
1373 1574 1478 1608 amici
1514 1573 1854 1618 compatiuntur....
1901 1573 1987 1608 Suis

210 1626 337 1661 aulicis
372 1627 554 1672 prohibuit
591 1639 635 1662 ne
670 1630 805 1662 nostris
844 1629 999 1673 amplius
1042 1628 1384 1663 confiterentur....
1444 1627 1541 1662 Naso
1587 1627 1691 1661 ualde
1735 1627 1879 1661 nocuit“
1922 1626 1984 1670 (ex

210 1684 368 1725 autogr.;
399 1681 518 1716 Germ.
539 1682 606 1717 136
633 1682 655 1716 f.
678 1683 721 1717 19
748 1682 822 1726 20).
873 1682 925 1716 De
952 1682 992 1717 P.
1012 1683 1143 1716 Ioanne
1169 1682 1266 1716 Naso
1292 1694 1326 1716 v.
1345 1693 1456 1726 supra
1482 1693 1516 1726 p.
1540 1681 1757 1725 170—178).

210 1785 363 1821 1929.
438 1786 862 1823 EVERARDUS
890 1786 1389 1824 MEROURIANUS
1416 1786 1645 1832 praepositus
1671 1786 1851 1830 generalis
1870 1784 1985 1820 Socie-

399 1841 488 1876 tatis
514 1842 596 1876 Iesu
624 1840 826 1876 CANISIO.
1494 1841 1608 1875 Roma
1634 1840 1690 1874 25.
1711 1839 1803 1874 Iunii
1833 1840 1934 1874 1575.

330 1900 387 1934 Ex
413 1912 537 1946 apogr.
565 1901 678 1936 eiusd.
705 1903 833 1946 temp.;
868 1901 905 1935 in
939 1901 1114 1944 margine,
1150 1901 1277 1936 eadem
1303 1912 1431 1936 manu:
1472 1901 1534 1943 ἬΡ.
1559 1900 1738 1934 Canisi0“.
1783 1899 1825 1934 G.
1854 1898 1938 1943 Sup.
1969 1898 1984 1932 1
2046 1926 2051 1942 ,

211 1954 235 1988 f.
263 1954 335 1988 28⁸.

332 2015 543 2058 Sepulcrum
570 2016 781 2049 cancellarii
806 2016 996 2049 tirolensis.
1042 2016 1211 2049 Salvator
1240 2015 1379 2049 Cctm'sc'i
1405 2015 1644 2048 amanuensis.

330 2093 489 2135 Nescio
528 2107 581 2135 an
624 2093 919 2147 responderim
961 2093 1122 2135 litteris
1155 2093 1202 2135 T.
1227 2093 1279 2136 R.
1312 2093 1355 2134 in
1389 2092 1542 2146 quibus
1584 2095 1760 2146 praeter
1792 2105 1845 2133 ea
1877 2103 1990 2144 quae

212 2158 266 2200 ad
298 2172 366 2200 me
399 2158 613 2213 scripsisti
646 2159 698 2200 de
730 2159 907 2211 negotio
933 2158 1190 2212 Augustano
1224 2158 1415 2200 habebas
1438 2156 1752 2199 Cancellarium
1774 2156 1988 2210 Tyrolen-

211 2224 332 2266 sem4
364 2224 635 2277 sepulturam
668 2224 749 2265 sibi
793 2223 1007 2276 delegisse
1039 2223 1082 2265 in
1116 2223 1376 2266 coemeterio
1409 2222 1576 2277 Templi
1615 2222 1752 2265 nostri
1785 2220 1990 2263 Halensis

212 2302 341 2341 quam
375 2288 414 2331 ei
447 2289 624 2331 concedi
657 2289 814 2331 debere
846 2302 952 2330 sane
985 2288 1156 2341 quidem
1188 2288 1440 2338 iudicamus,
1474 2288 1510 2329 si
1543 2287 1670 2329 modo
1692 2287 1734 2329 id
1758 2301 1854 2328 cum
1876 2287 1991 2328 bona

213 2353 524 2396 Serenissimae
556 2354 781 2408 Reginae5
815 2353 961 2408 gratia
993 2353 1087 2395 fieri
1118 2354 1293 2408 poterit.
1343 2354 1480 2395 Tuum
1514 2353 1661 2406 itaque
1694 2352 1790 2403 erit,
1833 2355 1878 2394 et
1908 2351 1990 2393 hoc

212 2422 406 2462 tractare
447 2433 543 2461 cum
586 2419 677 2461 eius
710 2419 973 2462 Celsitudine
1018 2422 1062 2461 et
1103 2419 1241 2461 eidem
1284 2418 1564 2469 Cancellario,
1605 2432 1654 2460 ac
1698 2416 1991 2460 Prouinciali⁶

212 2484 457 2537 significare
490 2485 591 2538 quid
624 2488 770 2527 actum
804 2485 900 2528 erit.
949 2484 1149 2527 Ceterum
1178 2498 1273 2526 cum
1296 2484 1438 2526 isthuc
1460 2483 1544 2525 iam
1569 2483 1818 2538 peruenerit
1849 2482 1991 2524 frater

212 2553 373 2600 noster,
417 2550 488 2603 qui
521 2551 709 2592 laborib:
743 2550 830 2592 tuis
863 2564 939 2604 pro
963 2549 1215 2592 amanuensi
1239 2549 1366 2600 adsit,
1403 2548 1646 2602 ceterisque
1679 2548 1766 2592 tuis
1798 2547 1988 2589 necessi-

213 2614 377 2657 tatibus
399 2615 611 2657 inseruiat
624 2616 653 2665 ⁷,
697 2629 792 2657 eum
832 2615 894 2657 ita
926 2615 1004 2656 tibi
1037 2615 1288 2657 commendo
1327 2617 1376 2657 ut
1407 2614 1479 2667 qui
1513 2614 1652 2656 adhuc
1685 2612 1874 2656 nouitius
1907 2615 1988 2663 est,

214 2682 258 2721 et
290 2679 332 2720 in
359 2680 604 2722 humilitate
636 2680 815 2723 altiores
846 2680 1015 2722 radices
1048 2680 1189 2722 iacere
1222 2680 1380 2722 debeat
1412 2693 1438 2720 a
1469 2681 1514 2720 te
1545 2679 1782 2733 prudenter
1815 2680 1859 2720 et
1892 2691 1987 2719 eum

215 2744 428 2787 charitate
460 2747 509 2787 ut
540 2746 654 2787 soles
687 2745 928 2789 adiuuetur.
964 2751 1034 2789 etc.
1098 2745 1263 2787 Romae
1297 2746 1365 2787 25.
1390 2744 1505 2799 Junij
1545 2745 1672 2787 1575.

337 2868 346 2888 ¹
373 2867 587 2901 Ferdinandi
615 2869 658 2902 11.
678 2868 903 2907 archiducis;
931 2868 1013 2902 vide
1040 2879 1149 2913 supra
1176 2879 1209 2912 p.
1229 2867 1298 2902 283
1327 2867 1408 2902 ⁴289.

335 2920 347 2940 ²
374 2920 412 2955 P.
434 2920 646 2956 Wendelino
673 2921 800 2956 Volck.
851 2921 954 2962 Vide,
981 2932 1073 2965 quae
1099 2921 1165 2955 sub
1193 2921 1291 2965 ipsas
1318 2921 1384 2955 has
1410 2920 1552 2954 litteras
1580 2920 1754 2954 dicentur.

337 2975 349 2995 ⁸
375 2973 521 3008 Sacrum
550 2975 597 3009 ibi
624 2975 817 3009 iubilaeum
845 2975 1039 3018 agebatur;
1075 2974 1118 3008 ad
1146 2974 1238 3018 quod
1267 2973 1371 3007 multi
1398 2985 1443 3008 ex
1469 2973 1582 3008 variis
1617 2974 1724 3007 terris
1758 2972 1882 3007 fideles
1909 2982 1990 3006 con-

216 3027 395 3068 fluebant3
424 3028 470 3062 cf.
489 3039 598 3072 supra
626 3040 658 3073 p.
678 3029 773 3063 231³
799 3030 835 3062 et
860 3029 944 3062 vide
971 3029 1062 3071 Epp.
1082 3029 1205 3061 Nudi-tl
1234 3027 1280 3061 III
1309 3028 1389 3062 691.

334 3082 346 3100 ⁴
374 3080 669 3125 Christophorum
698 3081 886 3123 Kfficklem
914 3093 947 3115 v.
975 3093 1085 3126 supra
1113 3093 1146 3126 p.
1168 3080 1250 3116 280.
1398 3081 1410 3100 ⁵
1437 3080 1687 3124 Magdalenae.

336 3135 348 3153 ‘⁵
376 3134 533 3168 Hoffaeo.
681 3136 692 3154 ⁷
720 3134 888 3169 Salvator
914 3135 960 3169 da
986 3134 1242 3179 Coldiscepoli;
1272 3145 1305 3168 ν.
1333 3145 1443 3178 supra
1470 3145 1503 3178 p.
1525 3133 1606 3168 295.
