2051 3433
153 132 238 173 838
930 131 1025 167 Mon.
1049 124 1149 166 1262.

153 249 394 292 aedificium
419 249 755 292 construendum
783 263 861 303 per
882 249 1166 291 Bonhomium
1200 250 1397 292 nuntium
1423 251 1707 306 apostolicum
1730 252 1919 305 edoctos,

152 315 288 356 eidem
332 316 597 368 potestatem
640 314 785 356 facere
818 314 961 355 omnia
1002 315 1115 356 bona
1147 315 1387 357 marsensia
1420 316 1462 357 in
1495 316 1723 370 collegium
1755 317 1920 372 impen-

153 379 291 428 dendi,
327 379 475 422 Socios
513 379 674 433 „primo
709 393 878 432 quoque
910 382 1106 434 tempore
1139 381 1365 430 vocandi“‚
1406 381 1549 424 omnia
1582 381 1765 435 denique
1796 383 1921 425 insti—

152 444 301 487 tuendi
342 447 386 486 et
427 444 681 498 disponendi
715 444 924 495 (Litteras
965 444 1162 498 integras
1200 445 1334 488 edidit
1367 448 1460 489 Alb.
1490 448 1637 501 Baebi,
1679 447 1921 490 Urkunden

152 524 228 551 zur
251 509 509 552 Geschichte
542 510 617 551 des
640 509 902 562 Collegiums
934 509 977 551 111
1011 510 1232 564 Freiburg,
1267 511 1307 552 in
1339 511 1623 565 „Freiburger
1646 512 1921 556 Geschichts-

151 575 339 617 blatter“
378 577 418 617 4.
444 575 610 628 Jah1-g.‚
644 575 858 628 Freiburg
889 575 914 617 i.
940 575 1019 618 Ue.
1050 576 1174 627 1897,
1210 577 1397 619 68-70.
1461 577 1523 620 Cf.
1559 577 1687 619 etiam
1730 579 1920 631 Theiuer,

152 641 263 683 Ann.
290 640 350 681 III
383 640 424 681 in
459 654 497 682 a.
527 641 638 682 1580
671 655 711 682 n.
736 640 936 693 XXXVII).

272 711 534 753 Bonhomius
575 711 681 753 haec
713 726 809 753 cum
843 712 1025 753 Hoffaeo
1059 712 1393 755 communicavit
1426 726 1608 766 eumque
1640 713 1794 756 iterum
1829 714 1922 756 Fri-

154 776 336 830 burgum
370 776 610 819 arcessivit.
675 777 835 830 „Ego“‚
869 776 1007 830 inquit
1040 777 1260 831 Hoffaezc3‚
1295 777 1520 820 Monachio
1560 781 1623 821 11.
1656 779 1922 833 Septembris

155 843 267 883 1580
300 842 508 884 Manareo
541 841 785 893 *scribens‚
835 842 1031 895 „Vtrique
1073 844 1117 884 et
1148 842 1527 884 Reuerendissimo
1567 846 1611 886 et
1643 844 1822 886 Senatui
1853 858 1922 886 re-

152 907 305 961 spondi
338 909 382 949 et
416 907 543 950 attuli
576 907 816 961 legitimum
850 907 1204 961 impedimentum
1229 923 1303 950 cur
1335 908 1415 950 1100
1449 912 1644 963 tempore
1668 910 1815 951 venire
1836 924 1922 952 non

151 972 325 1026 possim,
361 973 574 1026 simulque
607 973 688 1014 hac
722 973 949 1015 occasione
982 973 1106 1015 docui
1130 973 1336 1016 Senatum
1372 987 1483 1027 quae
1515 974 1570 1016 ad
1593 974 1769 1029 Collegij
1804 989 1922 1017 erec-

152 1037 313 1079 tionem
348 1038 492 1080 forent
524 1038 794 1085 necessaria;
828 1038 1056 1092 potuitque
1089 1039 1206 1080 clare
1237 1038 1483 1093 intelligere
1507 1039 1623 1081 nullo
1646 1043 1795 1082 nostro
1820 1055 1921 1082 con-

152 1102 247 1144 silio
281 1102 350 1143 vel
384 1117 595 1144 consensu
630 1117 765 1156 Vsque
800 1103 908 1145 adeo
949 1103 993 1144 in
1034 1103 1115 1145 hac
1147 1117 1279 1146 causa
1312 1104 1465 1146 ardere
1499 1105 1922 1146 Reuerendissimum

121 1167 497 1211 ‚Vercellensemz
541 1182 668 1222 spero
702 1169 814 1221 quod
848 1169 973 1210 ambo
1005 1169 1181 1211 tandem
1215 1183 1293 1210 nos
1325 1169 1571 1222 relinquent
1612 1169 1655 1211 in
1688 1184 1794 1224 pace
1827 1185 1922 1212 cum

151 1232 386 1286 Friburgo:
423 1236 467 1275 et
499 1235 603 1287 puto
629 1234 703 1275 vix
736 1233 852 1276 aliud
876 1233 1112 1287 Collegium
1146 1234 1189 1275 in
1222 1233 1302 1276 hac
1326 1235 1548 1277 Prouintia
1580 1235 1746 1277 maiora
1777 1249 1922 1277 30011111

152 1298 308 1339 afferre
350 1312 478 1352 posse
519 1298 778 1352 grauamina
817 1302 861 1341 et
902 1313 1029 1341 curas
1062 1301 1142 1341 etc.
1178 1312 1307 1352 quam
1342 1299 1513 1341 Vnicum
1548 1300 1836 1353 Friburgense
1869 1301 1923 1342 ob

151 1362 439 1405 vicinissimos
473 1366 675 1418 potentes
707 1364 983 1406 aduersarios
1015 1363 1299 1406 Caluinistas“
1333 1363 1405 1415 (ex
1439 1369 1632 1418 autogr.;
1670 1365 1810 1408 Germ.
1843 1367 1921 1408 158

152 1427 181 1470 f.
208 1429 337 1480 280⁸).
404 1428 659 1482 Aegerrime
692 1429 771 1471 has
803 1430 975 1472 litteras
1006 1429 1108 1472 tulit
1139 1430 1416 1481 Bonhomius,
1460 1434 1505 1473 et
1538 1431 1831 1482 vehementer,
1874 1433 1923 1474 ut

151 1492 237 1535 iam
270 1508 402 1548 supra
434 1495 492 1548 (p.
519 1495 652 1546 5913)
685 1495 847 1537 dictum
872 1498 952 1544 est,
987 1495 1039 1536 de
1072 1495 1253 1537 Hoffaeo
1287 1498 1355 1537 est
1387 1499 1588 1548 questus3
1623 1499 1922 1538 verumtamen

153 1558 409 1610 confidebat,
434 1573 509 1614 per
532 1559 780 1614 pontificem
799 1561 955 1602 nodum
976 1574 1145 1602 omnem
1164 1561 1351 1603 solutum
1374 1561 1439 1604 iri.
1485 1561 1534 1602 Id
1553 1561 1788 1614 Gregorius
1805 1560 1920 1604 XIII.

155 1626 223 1667 27.
251 1625 436 1678 Augusti
462 1627 574 1667 1580
608 1639 685 1680 per
707 1625 1004 1668 Ptolemaeum
1031 1626 1292 1668 cardinalem
1317 1626 1568 1668 Comensem
1593 1626 1630 1668 ei
1662 1626 1924 1681 promiserat

152 1688 368 1741 (Bm-thier
399 1690 426 1732 1.
461 1705 495 1733 c.
531 1691 648 1745 231).
713 1692 951 1733 Mamm-eus
991 1694 1137 1734 autem
1181 1692 1362 1733 Hoffaeo
1405 1692 1542 1733 Roma
1585 1696 1622 1735 2.
1658 1690 1923 1746 Septembris

156 1756 267 1797 1580
292 1755 525 1810 >1<scripsit:
561 1756 799 1809 Negotium
832 1757 1105 1810 friburgense
1145 1757 1229 1808 „ita
1262 1758 1406 1800 habet.
1455 1757 1556 1799 Cum
1581 1756 1846 1799 Reuerentia
1870 1756 1921 1800 V.

153 1820 384 1873 diligenter
407 1821 784 1863 Reuerendissimo
808 1822 976 1864 Nuncio
1001 1821 1275 1876 exposuisset
1308 1822 1452 1864 omnia
1484 1836 1593 1875 quae
1616 1825 1742 1864 erant
1772 1835 1921 1863 neces-

152 1886 269 1927 saria
310 1886 363 1928 ad
398 1887 634 1940 Collegium
677 1887 1040 1938 constituendum,
1082 1887 1118 1928 is
1157 1887 1397 1930 admiratus
1438 1890 1506 1930 tot
1546 1901 1690 1929 rerum
1728 1887 1924 1929 multitu-

153 1951 292 1993 dinem
328 1952 482 2005 quibus
517 1952 792 2006 praestandis
825 1953 1139 2006 Friburgenses
1175 1967 1313 2006 neque
1346 1953 1521 2004 uiribus,
1565 1966 1704 2006 neque
1735 1952 1924 1994 fortasse

153 2017 296 2059 animo
329 2017 594 2068 sufficere-nt,
630 2018 804 2072 scripsit
838 2018 890 2060 de
923 2032 974 2060 eo
1008 2019 1063 2061 ad
1088 2018 1439 2061 Jllustrissimum
1462 2018 1714 2060 Comensem
1748 2021 1796 2060 ut
1828 2031 1923 2060 cum

152 2082 199 2125 P.
226 2082 427 2124 Generali
460 2086 626 2136 ageret,
661 2086 704 2125 et
737 2084 866 2126 rebus
897 2083 983 2125 illis
1006 2084 1168 2137 aliquid
1192 2084 1454 2128 detraheret.
1502 2084 1664 2137 Jtaque
1687 2082 1924 2125 Cardinalis

154 2161 248 2189 cum
298 2162 463 2190 mecum
515 2148 659 2191 onmia
703 2149 979 2203 exposuisset
1023 2163 1134 2202 quae
1179 2163 1205 2191 a
1248 2149 1514 2192 Reuerentia
1547 2150 1598 2193 V.
1644 2148 1784 2203 petita
1829 2161 1925 2190 esse

155 2212 350 2255 Nuncius
383 2214 632 2268 scripserat,
668 2214 791 2256 docui
824 2215 953 2269 plane
986 2228 1038 2256 ea
1067 2214 1210 2257 omnia
1243 2214 1305 2256 ita
1328 2228 1424 2256 esse
1446 2214 1694 2257 necessaria
1717 2216 1764 2256 ut
1787 2212 1925 2255 Colle-

154 2278 271 2331 gium
306 2279 479 2333 penitus
512 2279 564 2335 ijs
597 2294 746 2322 carere
778 2295 862 2321 non
896 2283 1065 2334 posset:
1099 2280 1247 2332 itaque
1281 2280 1319 2322 ei
1352 2280 1625 2322 satisfactum
1654 2282 1722 2322 est
1754 2282 1802 2322 ut
1833 2279 1924 2333 ipse

153 2357 200 2385 se
231 2344 342 2386 idem
378 2344 755 2387 Reuerendissimo
780 2345 1045 2387 Vercellensi
1080 2359 1386 2399 persuasurum
1420 2346 1646 2399 receperit.
1674 2379 1680 2387 .
1709 2378 1749 2387 ..
1804 2344 1926 2386 Haec

154 2409 444 2452 Reuerentiae
464 2410 513 2452 V.
539 2410 785 2464 significare
808 2411 922 2452 uolui
948 2413 996 2452 ut
1018 2410 1150 2453 sciret
1173 2424 1283 2463 quae
1313 2410 1379 2452 1110
1408 2415 1666 2463 gererentur
1688 2413 1732 2452 et
1754 2409 1924 2462 quando

153 2473 262 2516 haec
289 2474 524 2525 Pontificis‚
559 2490 634 2517 seu
669 2478 717 2518 ut
748 2476 870 2517 iuuat
902 2476 985 2517 iam
1022 2475 1198 2517 credere
1231 2475 1366 2529 ipsius
1390 2475 1561 2517 Domini
1593 2476 1796 2517 uoluntas
1828 2474 1925 2525 fuit,

154 2541 203 2581 ut
235 2554 331 2581 cum
374 2540 562 2582 maxime
597 2555 675 2582 nos
707 2541 761 2583 ab
796 2555 848 2583 ea
880 2555 983 2583 cura
1023 2541 1182 2583 liberos
1215 2554 1310 2583 esse
1355 2542 1626 2595 putabamus,
1668 2553 1838 2581 rursum
1870 2539 1925 2581 ad

154 2619 232 2646 nos
265 2605 585 2656 deuolueretur‚
620 2606 783 2649 scribat
815 2606 868 2648 ad
894 2606 1122 2657 Nuncium,
1158 2607 1482 2659 constituatque
1516 2620 1610 2647 cum
1643 2605 1737 2659 ipso
1770 2607 1818 2647 ut
1850 2606 1926 2647 aut

154 2669 468 2724 Friburgenses
492 2672 682 2725 Collegio
706 2671 972 2714 aedificando
997 2671 1153 2724 aliquid
1178 2672 1469 2722 contribuant,
1503 2671 1571 2713 uel
1606 2670 1641 2712 si
1674 2670 1755 2724 ipsi
1788 2669 1926 2713 nolint

155 2735 351 2777 redditus
383 2736 513 2778 annui
548 2736 758 2790 paulatim
792 2750 842 2778 eo
876 2737 1170 2779 conferantur.
1226 2737 1361 2779 Simul
1394 2736 1525 2778 etiam
1558 2736 1594 2777 si
1627 2736 1743 2778 ciues
1775 2737 1926 2789 petent

157 2812 335 2841 necesse
368 2800 452 2843 erit
483 2801 657 2844 mittere
690 2802 797 2844 duos
830 2806 978 2845 tresue
1011 2816 1033 2844 e
1066 2801 1227 2844 nostris
1260 2801 1477 2843 missionis
1501 2801 1671 2843 nomine
1693 2803 1742 2843 ut
1764 2799 1925 2852 aliquid

156 2863 215 2905 ibi
247 2865 389 2919 operis
427 2866 573 2908 facere
606 2867 837 2921 incipiant:
883 2869 927 2909 et
959 2869 1077 2909 certe
1110 2867 1240 2908 etiam
1276 2866 1492 2921 expediet,
1536 2870 1584 2908 ut
1616 2866 1652 2907 si
1684 2864 1924 2907 aedificium

156 2927 389 2983 incipiatur
431 2931 574 2973 onmia
614 2934 722 2974 fiant
763 2932 817 2974 ad
860 2933 1130 2974 uoluntatem
1173 2945 1382 2984 usumque
1425 2934 1643 2981 nostrum,
1691 2930 1803 2983 quod
1843 2928 1924 2983 ipsi

157 2997 412 3047 praesentes
436 3010 586 3038 curare
615 3000 832 3051 poterunt,
867 2997 1004 3050 deque
1028 3010 1076 3038 eo
1100 2996 1364 3038 Reuerentia
1387 2996 1439 3039 V.
1463 2996 1589 3051 plene
1612 3009 1686 3037 eos
1708 2995 1925 3037 instruere

158 3058 344 3110 debebit,
379 3074 431 3101 ne
455 3061 555 3113 quid
578 3062 738 3103 erroris
761 3061 1048 3104 committant.
1104 3062 1152 3103 In
1186 3062 1279 3115 ipsa
1301 3064 1447 3103 autem
1474 3060 1738 3103 tractatione
1761 3059 1923 3113 negotij

157 3122 333 3167 insistat
373 3125 416 3166 in
457 3126 596 3168 tribus
637 3127 734 3177 illis,
778 3141 888 3180 quae
930 3126 1183 3181 postulauit,
1226 3139 1422 3179 quaeque
1463 3140 1541 3168 nos
1583 3125 1713 3168 etiam
1753 3125 1924 3166 omnino
