2062 3443
694 99 893 144 Oeniponte
924 100 953 134 1.
974 99 1128 142 Augusti
1157 98 1260 134 1572.
1800 104 1853 145 73

208 218 289 261 Sed
322 217 389 260 hic
422 231 506 260 non
539 216 651 258 male
684 216 870 258 fortasse
904 216 998 269 quis
1022 215 1303 270 responderit,
1339 216 1450 269 quod
1474 230 1550 270 pro
1577 217 1704 259 Petro
1728 218 1853 259 Lom-

90 283 222 327 bardo
255 282 395 337 lepide
426 281 649 336 respondit
681 281 791 324 idem
825 281 1061 324 Stancarus
1094 281 1316 333 (Ibidem):
1353 283 1454 323 Plus
1490 284 1593 324 calet
1626 297 1730 324 onus
1765 284 1854 324 Aa·

50 339 54 345 ⁵
88 351 292 407 qaecstivzzes,
317 363 442 404 quam
461 353 621 390 centum
640 348 802 400 Lateri,
823 349 992 388 «lucenti
1012 347 1363 396 Melam-letlmnes,
1387 349 1558 389 trecenti
1575 348 1814 403 Bullz'nyeri
1830 350 1853 400 ¹,

91 414 388 472 quadre’nqenti
420 414 539 455 Petri
572 414 808 467 imo-tyros,
853 417 888 454 et
927 413 1143 467 quinyenti
1177 413 1362 454 Caluini.
1429 414 1511 465 Qui
1552 427 1691 454 omnes
1732 414 1770 454 si
1813 415 1855 454 in

91 480 289 522 mortario
327 479 705 531 contunderentm,
751 493 833 520 non
877 479 1201 532 exprimeretur,
1246 477 1398 530 inquit,
1445 493 1521 520 cna
1569 479 1693 519 uncia
1738 493 1856 520 verae

94 545 335 599 Theoloqicze
347 544 376 586 ².

209 614 405 668 Longum
437 628 542 656 sane
575 628 625 656 ac
658 614 869 657 infinitum
898 627 1032 668 prope
1066 613 1192 664 foret,
1227 613 1394 666 reliqua
1431 613 1473 655 id
1511 628 1648 668 genus
1672 628 1856 656 comme-

89 693 267 730 morare,
301 680 343 721 in
367 679 520 732 quibus
542 679 615 722 isti
637 679 812 730 Momiss,
847 693 931 720 non
956 679 1094 720 dicam
1129 693 1213 732 qua
1245 679 1342 730 fide,
1377 693 1553 729 naeuos,
1588 681 1857 734 corruptelas

89 748 132 788 et
174 744 279 787 vitia,
321 744 577 786 Sanctorum
621 746 796 788 Patrum
839 743 1090 797 singulatim
1135 747 1378 795 numerant,
1423 758 1472 786 ac
1515 745 1771 798 praesertim
1814 745 1857 786 in

89 809 283 853 doctrina
315 809 633 852 iustificationis
667 809 812 852 odiose
844 809 1159 863 perstringunt.
1206 809 1343 851 Nobis
1376 823 1479 851 vero
1513 812 1583 852 sat
1615 809 1746 853 fuerit
1778 810 1856 852 hoc

88 875 180 917 loco
212 874 435 929 subijcere,
479 875 578 928 quid
612 875 674 917 illi
706 874 948 929 generatim
990 874 1043 916 de
1076 873 1278 916 vniuerso
1320 888 1577 929 semperque
1610 875 1856 917 venerando

89 941 264 983 Patrum
298 942 423 982 coetu
457 943 676 990 censeant,
711 954 839 993 quam
862 953 1014 994 parum
1038 939 1187 982 electis
1220 939 1304 981 illis
1328 939 1408 981 Dei
1432 940 1619 993 organis
1655 943 1700 982 et
1732 954 1856 994 prae-

89 1005 216 1048 claris
249 1005 470 1048 Ecclesiae
511 1005 741 1047 luminibus
784 1005 996 1055 deferant,
1041 1004 1182 1046 nullus
1224 1007 1274 1047 vt
1315 1005 1625 1060 propemodum
1668 1005 1857 1060 ipsorum

89 1070 234 1126 palato
266 1070 511 1113 satisfaciat
544 1085 598 1113 ex
631 1071 709 1121 his,
758 1070 829 1124 qui
860 1070 996 1113 totius
1038 1069 1313 1123 antiquitatis
1356 1073 1400 1112 et
1433 1071 1594 1113 ordinis
1629 1070 1857 1114 Christiani

88 1135 241 1178 iudicio
275 1136 621 1190 comprobantur.
676 1136 829 1189 Neque
862 1137 999 1178 solum
1032 1135 1322 1190 posteriorum
1355 1138 1563 1187 aetatum,
1599 1150 1709 1190 quae
1742 1137 1857 1179 mille

89 1201 142 1244 ab
173 1200 271 1243 hinc
303 1201 427 1243 annis
460 1201 748 1252 defluxerunt,
783 1201 859 1243 sed
892 1203 936 1243 et
960 1201 1162 1255 priorum,
1198 1215 1309 1254 quae
1333 1202 1640 1256 Apostolorum
1666 1204 1855 1244 aetatem

88 1266 281 1322 proximo
322 1270 423 1310 sunt
464 1271 735 1317 consecutae,
778 1267 1023 1320 Theologos
1058 1270 1222 1310 vexant
1263 1270 1307 1309 et
1338 1267 1587 1310 verberant.
1652 1267 1857 1310 Affirmat

88 1331 424 1374 Melanchthon4
455 1332 522 1384 (In
547 1335 678 1387 caput
701 1335 725 1375 3
749 1332 905 1387 prioris
928 1332 982 1374 ad
1006 1332 1132 1384 Cor),
1167 1332 1316 1375 statim
1350 1331 1472 1375 initio
1495 1332 1732 1387 scriptores
1764 1334 1856 1375 siue

89 1397 241 1440 Patres
263 1411 395 1452 supra
416 1397 744 1441 fundamentum
767 1397 953 1452 stipulas
976 1397 1237 1448 extruxisse,
1272 1400 1316 1440 et
1339 1397 1579 1440 doctrinam
1607 1398 1658 1440 de
1691 1398 1857 1440 iustitia

92 1461 184 1504 fidei
217 1462 471 1504 obscurasse
488 1464 517 1506 ⁵.

206 1532 457 1576 Matthaeus
489 1533 625 1576 Iudex
659 1534 742 1586 (De
765 1547 871 1587 pace
894 1533 1134 1584 Ecclesiae)
1167 1533 1230 1576 ita
1262 1533 1475 1586 loquitur:
1512 1535 1622 1587 Quia
1646 1535 1856 1589 neqliqens

88 1598 172 1652 fuit
205 1603 320 1641 aetas
348 1604 442 1654 post
473 1600 703 1655 Apostolos,
737 1614 894 1641 naeuos
929 1605 964 1641 et
995 1601 1175 1655 stipulas
1207 1601 1362 1641 multas
1394 1601 1559 1642 miscuit
1574 1600 1604 1643 6.

207 1670 414 1713 Testatur
436 1670 628 1725 Aepinus
656 1671 912 1723 (Comment.
936 1670 980 1712 in
1003 1671 1110 1726 psal.
1141 1670 1224 1724 19),
1258 1673 1432 1713 veteres
1459 1671 1695 1726 scriptores
1718 1684 1856 1724 neque

90 1734 271 1789 integris
304 1735 431 1778 editis
463 1735 826 1790 disputationibus
860 1738 1156 1790 pertractasse
1189 1739 1492 1789 argumentum
1520 1735 1854 1786 iustificationis,

91 1801 203 1854 quod
236 1815 382 1843 eorum
416 1804 563 1844 aetate
595 1801 702 1844 haec
734 1815 803 1844 res
836 1801 1066 1856 praecipue
1099 1801 1322 1856 disputata
1355 1815 1439 1844 non
1472 1802 1542 1853 sit,
1576 1815 1716 1855 neque
1748 1801 1856 1843 satis

93 1866 312 1909 commode
345 1867 397 1908 de
430 1866 510 1909 hoc
543 1870 799 1920 argumento
832 1867 1000 1910 locutos
1033 1881 1128 1909 esse
1142 1868 1170 1910 ⁷.

207 1937 446 1980 Heshusius
479 1938 617 1981 adhuc
658 1938 949 1993 impudentius
983 1938 1252 1981 vociferatur
1284 1938 1394 1991 (Lib.
1429 1938 1481 1980 de
1514 1952 1641 1980 seruo
1674 1938 1856 1980 hominis

89 2003 298 2056 arbitrio),
332 2003 558 2046 sublimem
583 2004 824 2048 Articulum
847 2007 1024 2047 nostrae
1046 2004 1282 2058 religionis,
1313 2005 1364 2046 de
1387 2003 1700 2046 Iustificatione
1732 2003 1855 2045 nimi-

88 2082 193 2120 rum,
235 2069 278 2111 in
319 2069 536 2124 plerisque
570 2070 772 2112 Patribus
813 2084 890 2112 seu
931 2069 1214 2125 scriptoribus
1247 2069 1568 2112 Ecclesiasticis
1600 2069 1853 2120 sanioribus,

209 2233 220 2254 ¹
246 2233 299 2268 De
326 2233 479 2268 Henrico
507 2233 695 2277 Bullinger
723 2244 754 2268 v.
779 2234 864 2268 Can.
885 2233 934 2267 [V
954 2232 1035 2267 351.

206 2285 219 2305 ²
244 2286 342 2321 Haec
378 2287 422 2321 ad
448 2287 597 2321 verbum
635 2299 679 2321 ex
719 2286 882 2321 Stancari
917 2286 1031 2328 libro,
1077 2298 1180 2331 quem
1217 2287 1320 2321 modo
1357 2287 1431 2321 dixi
1477 2286 1526 2329 (v.
1555 2297 1664 2330 supra
1699 2297 1732 2330 p.
1759 2284 1857 2328 72⁸),

91 2349 261 2383 expressa
295 2343 382 2375 sunt
418 2340 511 2386 (cap.
544 2341 828 2384 „Examinantur
858 2340 918 2375 SS.
947 2341 1096 2375 Patrum
1131 2340 1399 2384 authoritates),
1435 2340 1504 2374 nisi
1539 2339 1632 2384 quod
1659 2350 1680 2373 a
1716 2338 1857 2373 Canisio

93 2392 353 2437 „Augustinus“
385 2394 523 2439 positus
549 2396 605 2429 est
630 2394 706 2429 loco
734 2394 831 2428 Petri
858 2394 1060 2435 Lombardi,
1088 2394 1149 2438 qui
1176 2398 1231 2428 est
1257 2394 1351 2439 apud
1379 2393 1603 2428 Stancarum.

207 2453 220 2473 ³
245 2453 417 2488 Homines
443 2454 657 2497 obiurgandi
676 2456 713 2489 et
730 2454 936 2499 increpandi
955 2454 1107 2489 studiosi
1127 2481 1133 2488 .
1155 2453 1286 2495 ,ΙΙᾱιμος
1305 2454 1399 2487 enim
1418 2454 1497 2487 sive
1517 2453 1656 2486 Momus
1675 2451 1857 2486 ferebatur

89 2515 166 2540 esse
184 2506 270 2541 deus
288 2507 401 2542 Nocte
419 2510 544 2550 matre,
563 2507 692 2542 Somno
711 2510 812 2552 patre
831 2508 1052 2553 progenitus,
1078 2508 1149 2551 qui,
1174 2519 1253 2542 cum
1274 2508 1349 2552 ipse
1367 2506 1457 2541 nihil
1476 2506 1594 2552 operis
1613 2506 1758 2546 faceret,
1778 2505 1855 2539 reli-

89 2569 236 2603 quorum
262 2561 407 2595 deorum
434 2573 541 2606 opera
567 2573 714 2606 carpere
742 2563 778 2595 et
804 2562 1004 2606 improbare
1031 2561 1164 2596 soleret
1192 2561 1396 2605 (Hes-iodim,
1423 2559 1631 2603 Theogonia
1659 2571 1692 2594 v.
1712 2559 1808 2603 214).

209 2615 220 2634 ⁴
248 2613 338 2649 Cf.l
370 2614 438 2649 Cor
463 2615 494 2656 3,
526 2615 566 2649 12
597 2616 649 2649 13.

207 2667 219 2687 ⁵
250 2668 335 2710 „Alii
365 2680 449 2702 vero
476 2668 630 2713 stipulas
657 2680 766 2713 supra
797 2668 1071 2702 fundamentum
1098 2669 1282 2711 extruunt,
1318 2669 1359 2701 ut
1384 2667 1508 2701 statim
1536 2666 1636 2700 initio
1663 2665 1856 2710 scriptores

89 2717 369 2755 obscuraverunt
395 2722 592 2756 doctrinam
621 2722 663 2756 de
682 2722 824 2756 Iustitia
851 2722 977 2756 fideff:
1006 2722 1267 2765 Molanchtlzon,
1295 2721 1583 2756 Commentarius
1604 2720 1637 2753 in
1659 2718 1855 2764 Epistolam

91 2771 193 2807 Pauli
220 2774 263 2808 ad
292 2774 494 2810 Corinthios
521 2775 685 2820 priorem,
712 2787 788 2821 cap.
809 2776 841 2810 3.
871 2775 1006 2820 (Opera
1032 2774 1109 2816 XV,
1139 2775 1259 2818 1067).

209 2833 222 2853 ⁶
247 2835 448 2868 Matthaeus
473 2837 586 2869 Iudex
615 2835 881 2878 (1528—1564)
911 2847 1010 2874 saxo,
1048 2834 1272 2869 continuator
1306 2833 1640 2877 magdeburgensis,
1676 2832 1856 2878 piofessor

91 2883 256 2928 ienensis,
293 2899 384 2922 unus
411 2900 455 2922 ex
483 2888 805 2929 Centuriatoribus,
832 2889 883 2922 ita
909 2888 1055 2933 seiipsit
1081 2888 1116 2921 in
1143 2887 1232 2922 libro
1265 2887 1336 2930 „De
1363 2899 1449 2923 vera
1476 2899 1562 2933 pace
1588 2886 1782 2927 Ecclesiae,
1820 2887 1856 2920 et

91 2936 133 2971 de
157 2939 331 2975 seditione
357 2941 491 2986 duplici
519 2942 778 2983 ecclesiastica,
806 2946 841 2976 et
869 2942 1048 2987 politica“,
1076 2954 1103 2976 S.
1123 2941 1145 2975 l.
1168 2942 1270 2982 1566,
1297 2953 1330 2986 p.
1347 2942 1402 2976 28.

210 3000 221 3019 ⁷
246 3000 301 3034 Ad
320 3001 469 3035 verbum
496 3001 585 3036 haec
603 3012 776 3047 expressa
794 3004 880 3036 sunt
908 3002 1176 3046 (praeterquam
1197 3000 1289 3045 quod
1308 3004 1390 3046 post
1411 2999 1662 3045 „argumento“
1685 2998 1854 3032 omissum

92 3052 147 3084 est
177 3052 363 3097 „ubique“)
401 3065 448 3088 ex
478 3055 761 3096 „Commentario
798 3055 833 3089 in
871 3055 1053 3089 Psalmum
1080 3054 1175 3088 XIX.
1226 3054 1386 3089 Authore
1424 3055 1465 3090 D.
1495 3055 1653 3089 Iohanne
1681 3053 1851 3096 Aepinffi,

92 3101 316 3140 Francofurti
344 3107 442 3149 1545,
472 3108 529 3142 f.1
559 3107 670 3142 Vb—I
698 3108 773 3143 Vh.
826 3108 877 3142 De
904 3109 1040 3153 Acpt'no
1067 3120 1099 3142 v.
1124 3108 1277 3143 Can..]1[
1304 3108 1376 3142 93¹.
