2062 3443
724 140 923 184 Oenipoute
948 140 980 174 8.
1002 139 1155 182 Augusti
1186 139 1286 173 1580.
1805 141 1885 181 551

122 259 218 300 libri
236 273 290 300 ex
309 262 404 300 tota
422 257 611 299 Bauaria
634 257 726 299 tolli
745 255 1089 298 commodissime
1108 256 1288 309 possint.
1324 256 1436 297 Nam
1457 259 1501 297 et
1517 255 1661 298 Jndex
1686 255 1890 296 librorum

122 324 431 378 prohibitorum
466 323 519 363 ad
552 336 620 363 me
654 322 810 363 missus
843 321 1005 363 diserte
1036 323 1184 362 monet
1223 334 1273 362 ac
1306 320 1531 374 praecipit,
1566 322 1616 362 vt
1649 319 1893 362 authoritas

120 391 166 431 et
196 389 447 431 mandatum
483 387 794 441 Episcoporum
828 386 1020 436 accedat,
1065 386 1137 427 vbi
1170 385 1378 427 Catholici
1413 385 1621 438 Theologi
1661 385 1713 426 de
1746 385 1893 438 prauis

120 453 418 508 suspectisque
441 452 561 494 libris
583 466 706 494 suum
730 451 931 493 iudicium
956 451 1110 500 ferent,
1136 450 1248 493 sicut
1266 453 1310 492 et
1335 453 1460 492 vetus
1484 450 1652 492 obtinet
1671 450 1894 491 Ecclesiae

120 518 385 561 consuetudo
403 521 427 559 ¹.

242 583 446 625 Conferet
469 585 712 636 praeterea,
747 582 779 623 si
816 582 1027 623 dictorum
1052 581 1257 622 librorum
1281 579 1550 633 inspectores
1572 580 1664 621 siue
1686 582 1895 621 Censores

119 663 247 701 quam
282 648 471 690 maxime
503 647 643 689 idonei
679 647 939 700 deligantur,
974 649 1019 687 et
1051 659 1127 699 per
1150 644 1273 687 varia
1296 646 1490 686 Ducatus
1512 644 1713 686 Bauarici
1738 644 1896 698 oppida

119 713 448 760 distribuantur,
473 712 670 754 nimirum
692 715 739 753 vt
757 726 866 752 vnus
884 711 1039 752 saltem
1056 710 1286 764 Monachij,
1311 710 1715 764 alterJngolstadij,
1740 709 1895 751 tertius

119 778 421 831 Straubingae,
456 780 638 830 quartus
661 776 946 829 Burckhausij
961 777 990 826 2,
1025 776 1184 828 alijque
1217 776 1375 829 plures,
1409 775 1445 816 si
1480 774 1764 828 reperiantur,
1799 774 1896 828 alijs

117 844 160 884 in
194 843 299 885 locis
332 843 668 891 constituantur,
705 845 748 884 et
771 841 855 883 illis
879 841 1134 895 praesertim
1159 841 1200 881 in
1228 840 1346 889 locis,
1380 840 1421 881 in
1446 840 1600 893 quibus
1628 839 1895 881 solenniores

118 908 334 951 nundinae
367 908 599 961 quotannis
633 921 688 949 ex
720 921 839 949 more
871 906 1011 948 veteri
1045 906 1332 948 celebrantur.
1384 906 1545 947 Horum
1580 904 1769 946 officium
1803 904 1896 946 fore

117 973 329 1026 intelligo,
372 976 421 1015 vt
452 973 506 1014 ab
540 973 755 1027 Episcopo
798 972 925 1013 simul
967 974 1011 1013 et
1045 970 1244 1024 Principe
1277 970 1533 1020 confirmati,
1573 970 1786 1022 simulque
1819 983 1894 1023 po-

117 1041 280 1082 testate
298 1038 489 1091 bracchij
507 1039 729 1089 secularis,
753 1041 803 1080 vt
826 1040 984 1079 vocant
1002 1036 1266 1086 communiti,
1291 1036 1553 1089 singularem
1572 1038 1730 1089 gerant
1748 1049 1894 1076 curam

116 1104 323 1146 librorum
366 1107 410 1146 et
451 1103 822 1152 bibliothecarum,
866 1116 973 1155 quas
1015 1101 1196 1143 subinde
1237 1100 1462 1155 inspicere,
1507 1104 1552 1144 et
1584 1100 1754 1154 quoties
1787 1114 1895 1154 opus

117 1168 261 1218 fuerit,
296 1168 422 1210 malis
454 1169 575 1210 libris
608 1169 782 1211 reiectis
815 1182 1063 1222 expurgare
1099 1167 1265 1221 possint
1298 1181 1347 1208 ac
1381 1166 1581 1209 debeant.
1632 1166 1701 1207 Ex
1723 1165 1894 1207 illorum

116 1234 385 1277 authoritate
418 1234 667 1288 pendebunt
709 1233 880 1276 externi
913 1233 1046 1275 etiam
1080 1232 1361 1285 Bibliopolae‚
1406 1231 1475 1284 qui
1515 1245 1594 1273 nec
1627 1231 1772 1281 libros,
1816 1243 1895 1272 nec

117 1299 342 1352 imagines,
377 1313 516 1352 neque
551 1299 786 1349 cantiones,
820 1312 899 1340 nec
932 1297 1140 1351 picturas,
1174 1297 1316 1339 aliaue
1349 1297 1390 1338 id
1423 1310 1563 1349 genus
1595 1297 1636 1337 in
1662 1295 1893 1338 Bauariam

119 1363 338 1414 inuehere,
374 1364 443 1406 vel
478 1364 587 1406 clam
621 1365 822 1418 palamue
855 1363 1089 1405 diuendere
1111 1366 1330 1416 poterunt,
1365 1362 1447 1402 nisi
1470 1361 1525 1403 ad
1548 1362 1758 1403 Censores
1779 1360 1896 1414 ipsos

117 1429 236 1482 prius
269 1429 548 1479 accesserint,
583 1433 628 1472 et
659 1433 759 1483 post
791 1429 986 1471 sedulum
1021 1442 1203 1470 examen
1237 1427 1495 1470 facultatem
1529 1427 1583 1468 ab
1616 1426 1701 1467 illis
1733 1425 1895 1480 scripto

119 1494 421 1547 consignatam
456 1495 719 1549 acceperint,
754 1495 808 1537 ad
841 1508 942 1536 suas
975 1507 1141 1535 merces
1166 1493 1334 1547 publice
1356 1506 1407 1534 ac
1430 1492 1564 1534 libere
1588 1491 1895 1533 diuendendas.

121 1558 299 1601 Adhaec
332 1560 566 1602 Censorum
601 1561 685 1602 erit
717 1560 950 1615 proprium,
995 1558 1121 1602 dictis
1154 1559 1407 1613 Bibliopolis
1449 1557 1723 1607 denunciare,
1767 1570 1894 1609 quam

118 1638 278 1677 graues
320 1639 484 1679 poenas
526 1626 669 1668 daturi
702 1626 802 1677 sint,
845 1625 882 1667 si
913 1625 1071 1666 librum
1112 1624 1299 1677 aliquem
1333 1637 1417 1665 non
1450 1622 1718 1665 Catholicum
1757 1635 1897 1674 neque

119 1690 407 1744 approbatum
441 1690 714 1741 retinuerint,
759 1694 835 1733 aut
876 1691 1045 1732 occulte
1078 1689 1351 1731 vendiderint
1391 1689 1484 1731 siue
1517 1687 1776 1730 donauerint
1808 1686 1895 1728 cui-

115 1768 296 1809 cunque.
340 1755 420 1805 Qui
443 1757 652 1798 Censores
675 1771 798 1798 suum
823 1769 1006 1809 quoque,
1031 1757 1080 1797 vt
1104 1756 1278 1805 vocant,
1311 1754 1740 1808 superintendentem
1764 1753 1895 1794 habe-

117 1820 236 1871 bunt,
282 1833 414 1874 penes
456 1835 582 1874 quem
626 1821 832 1875 primaria
864 1822 922 1864 sit
953 1822 1151 1875 potestas
1193 1820 1318 1862 huius
1351 1819 1480 1873 offic-ij
1515 1833 1593 1873 per
1625 1832 1671 1860 se
1710 1821 1755 1860 et
1787 1818 1896 1859 alios

117 1885 397 1928 administros
430 1886 628 1937 obeundi,
663 1890 707 1929 et
739 1886 812 1940 qui
844 1900 946 1928 suos
979 1886 1127 1928 oculos
1159 1885 1202 1927 in
1235 1888 1374 1928 totam
1400 1884 1632 1926 Bauariam
1663 1896 1896 1925 conuersos

116 1953 280 2000 teneat,
315 1954 364 1994 vt
385 1951 704 1994 haereticorum
728 1955 924 2002 conatus,
959 1954 1078 1994 artes
1101 1953 1146 1993 et
1168 1950 1344 1992 fraudes
1367 1950 1528 2004 vbique
1556 1950 1747 1992 locorum
1770 1952 1895 1991 tanto

118 2014 287 2057 facilius
328 2020 372 2058 et
415 2023 737 2070 cognoscantur
778 2019 823 2059 et
863 2016 1077 2059 maturius
1120 2016 1405 2070 dissipentur,
1449 2016 1503 2057 ad
1542 2029 1668 2068 quem
1712 2013 1896 2067 denique

116 2080 327 2123 Censores
368 2081 442 2135 alij
475 2096 577 2124 suas
611 2082 904 2125 dubitationes
947 2085 1078 2135 atque
1112 2081 1395 2124 difficultates
1432 2080 1674 2123 incidentes
1707 2079 1840 2132 varijs
1874 2093 1896 2120 e

117 2145 223 2187 locis
255 2146 420 2189 referre
453 2161 504 2189 ac
536 2147 725 2190 scribere
758 2147 937 2202 possint.

236 2211 442 2254 Conferet
472 2211 636 2263 itidem,
670 2213 708 2254 si
739 2212 916 2267 parochi
949 2215 994 2254 et
1016 2211 1354 2254 Concionatores
1377 2212 1419 2253 in
1442 2211 1633 2253 Bauaria
1656 2210 1895 2259 constituti,

117 2275 370 2329 frequenter
402 2278 606 2331 populum
642 2278 918 2327 admoneant,
954 2277 1105 2331 quanti
1138 2277 1195 2319 sit
1227 2277 1406 2331 periculi
1429 2275 1699 2325 Christianis,
1734 2288 1896 2330 prauae

116 2340 341 2384 doctrinae
382 2342 518 2384 libros
557 2343 869 2385 Ecclesiastica
910 2357 1095 2385 censura
1137 2343 1367 2386 damnatos
1409 2356 1572 2393 emere,
1615 2343 1777 2394 legere,
1821 2344 1895 2383 aut

245 2447 254 2466 ¹
281 2446 555 2481 Haereticorum
578 2447 655 2491 (qui
674 2460 742 2481 non
761 2448 835 2482 sint
853 2448 1141 2490 haeresiarchae)
1163 2448 1256 2491 libri,
1287 2448 1367 2491 ,qui
1387 2447 1429 2481 de
1447 2447 1620 2490 religione
1638 2459 1707 2480 non
1726 2449 1896 2485 tractant,

117 2511 136 2533 a
164 2499 357 2543 Theologis
384 2500 581 2535 Catholicis
616 2501 717 2535 iussu
745 2501 1013 2546 Episcoporum,
1049 2505 1085 2535 et
1112 2502 1367 2545 Inquisitorum
1402 2500 1611 2540 examinati,
1647 2504 1683 2533 et
1709 2499 1896 2544 approbati

117 2553 418 2597 permittuntur“:
454 2554 586 2589 Indicis
611 2554 813 2589 Tridentini
848 2555 974 2599 regula
1000 2556 1033 2589 2.
1066 2555 1182 2597 „Libri
1217 2554 1279 2595 illi,
1315 2555 1376 2599 qui
1411 2555 1672 2588 haereticorum
1709 2556 1895 2587 auctorum

118 2618 225 2650 opera
252 2607 432 2641 interdum
461 2608 646 2652 prodeunt,
682 2608 717 2642 in
744 2608 873 2652 quibus
899 2608 1009 2649 nulla,
1036 2613 1099 2643 aut
1125 2620 1240 2653 pauca
1266 2608 1309 2642 de
1334 2620 1399 2642 suo
1426 2610 1620 2652 apponunt,
1656 2607 1720 2641 sed
1745 2607 1896 2641 aliorum

117 2659 213 2694 dicta
231 2660 417 2703 colligunt,
445 2661 644 2695 cuiusmodi
670 2666 756 2696 sunt
776 2661 918 2705 Lexica,
947 2662 1242 2702 Concordantiae,
1270 2661 1598 2706 Apophthegmata,
1625 2660 1897 2696 Similitudines.

118 2712 268 2753 ludices,
305 2717 341 2747 et
366 2713 580 2755 huiusmodi,
617 2715 647 2749 si
675 2727 767 2759 quae
803 2715 961 2759 habeant
987 2716 1158 2752 admixta.
1187 2726 1278 2759 quae
1305 2715 1567 2759 expurgatione
1594 2714 1790 2757 indigeant,
1824 2713 1897 2748 illis

118 2765 296 2811 Episcopi,
333 2769 370 2801 et
396 2767 634 2811 Inquisitores
660 2780 729 2802 una
767 2780 846 2803 cum
874 2769 1137 2813 Theologorum
1166 2768 1429 2802 Catholicorum
1459 2767 1607 2802 consilio
1633 2767 1798 2808 sublatis,
1834 2770 1897 2801 aut

117 2820 327 2859 emendatis,
355 2821 655 2864 pe1·mittantur“:
682 2821 821 2865 Regula
849 2823 881 2857 5.
918 2822 1005 2856 Cum
1030 2822 1110 2856 libri
1130 2821 1270 2855 aliaeve
1296 2822 1498 2866 scripturae
1518 2821 1775 2866 imprimendae
1801 2824 1896 2861 sunt,

122 2873 186 2914 „ad
213 2873 440 2918 Episcopum,
468 2874 525 2908 uel
552 2874 662 2908 alium
690 2875 881 2910 habentem
908 2876 1096 2910 scientiam
1123 2875 1214 2915 libri,
1242 2875 1300 2909 uel
1325 2874 1527 2919 scripturae
1554 2875 1824 2919 imprimendae,
1852 2875 1896 2908 ab

117 2926 241 2960 eodem
278 2926 453 2971 Episcopo
489 2928 744 2972 deputandum,
777 2940 819 2963 ac
854 2929 1108 2973 Inquisitorem
1144 2928 1348 2962 haereticae
1385 2928 1576 2973 prauitatis
1613 2928 1690 2962 eius
1717 2928 1895 2963 Ciuitatis.

118 2979 176 3013 uel
202 2979 386 3016 dioecesis,
414 2980 449 3013 in
476 2992 546 3023 qua
565 2981 753 3025 impressio
782 2982 853 3023 fiet,
881 2983 959 3016 eius
978 2982 1190 3027 approbatio
1209 2984 1245 3015 et
1263 2993 1415 3015 examen
1442 2982 1666 3026 pertineat“:
1694 2981 1831 3024 Regula
1854 2982 1896 3015 10

121 3032 251 3074 (Index
270 3032 454 3066 Librorum
482 3033 753 3077 prohibitorum,
781 3047 860 3069 cum
889 3036 1026 3077 regulis
1053 3034 1227 3069 confectis
1254 3046 1318 3079 per
1339 3035 1464 3068 Patres
1484 3047 1503 3068 a
1522 3035 1734 3068 Tridentina
1752 3034 1896 3079 Synodo

118 3085 288 3120 delectos.
315 3086 476 3120 Mutinae
503 3088 657 3128 a.157·2‚
685 3088 708 3122 f.
728 3088 900 3123 25³—2721
927 3090 1024 3131 28b).

241 3139 253 3159 ²
279 3138 527 3182 Burghausen,
555 3140 723 3185 oppidum
751 3141 930 3176 Bavariae
956 3142 1163 3186 superioris.
