2062 3443
693 131 891 176 Oeniponte
923 132 973 166 13.
996 132 1076 166 Iulii
1107 133 1207 168 1572.
1777 140 1828 180 51

187 247 306 298 Quod
348 248 400 290 ad
435 249 484 290 D.
512 249 788 291 Franciscum
823 250 1046 292 Costerum
1089 251 1261 300 attinet,
1305 251 1341 292 si
1384 252 1571 294 nondum
1614 254 1649 295 is
1686 259 1833 298 certae

72 312 277 356 functioni
310 313 553 356 destinatus
586 316 695 365 est¹,
739 315 861 357 multi
896 329 1158 369 magnopere
1199 316 1470 370 profuturum
1516 321 1721 372 putarent
1753 323 1832 364 Co—

70 378 342 428 loniensibus,
376 378 411 420 si
446 383 592 432 posset
625 379 691 421 hic
724 379 809 421 illis
843 380 1027 431 restitui,
1062 384 1109 423 ut
1133 381 1253 423 cuius
1277 396 1409 436 opera
1441 386 1532 425 tum
1555 387 1705 437 nostri,
1741 390 1830 430 tum

69 443 274 486 Catholici
316 443 356 485 in
400 444 549 486 schola
587 444 906 498 Tlieologorum
949 446 1063 488 haud
1108 461 1260 501 parum
1304 451 1498 501 egerent.
1563 450 1831 495 Parcendum

70 508 239 551 uidetur
272 508 383 550 bono
415 509 507 551 seni
531 510 575 552 P.
601 510 826 551 Leonardo
843 511 872 560 2,
907 511 972 552 cui
1007 511 1260 554 succederet
1286 514 1506 556 commode
1528 529 1605 557 suo
1639 520 1835 572 tempore

70 574 118 616 D.
161 573 386 624 Costerus,
430 574 641 628 simulque
683 575 832 617 utilem
875 579 1058 618 nauaret
1100 590 1274 630 operam
1318 579 1500 632 collegio
1540 584 1832 634 promouendo

69 640 120 681 ob
161 652 254 680 eam
298 653 382 692 qua
423 639 510 681 illic
550 640 774 694 praeditus
816 644 884 683 est
925 641 1039 695 apud
1081 642 1241 684 multos
1282 644 1615 697 authoritatem,
1663 661 1747 700 qua
1788 654 1834 691 et

68 704 112 747 P.
137 703 394 746 Rhetzium3
419 705 564 749 vincit.
619 705 702 747 Sed
736 705 816 747 hoc
848 719 1018 759 quoque
1048 721 1143 748 cum
1168 708 1293 750 uenia
1326 709 1382 751 sit
1416 709 1589 762 dictum,
1625 714 1673 754 ut
1695 714 1832 755 solum

68 769 332 812 occasionem
376 770 424 811 R.
450 770 497 812 Τ.
533 774 577 813 et
620 770 820 812 Patribus
862 772 1092 825 praebeam
1138 772 1190 814 de
1224 787 1270 815 re
1311 777 1407 817 tota
1449 775 1491 817 in
1525 777 1707 820 Domino
1740 782 1831 821 sta-

66 834 225 884 tuendi,
268 838 312 877 et
355 834 596 877 Coloniensi
637 836 759 890 Reip.
795 836 1098 889 subueniendi‚
1144 852 1253 891 quae
1294 839 1395 881 mihi
1438 842 1685 901 cumprimis
1733 859 1827 899 pro-

69 899 276 942 mouenda
309 899 481 942 uidetur
512 900 555 942 in
590 900 834 943 Germania.

182 965 280 1007 Non
321 966 503 1008 monebo
545 966 616 1018 de¹
641 966 683 1008 P.
719 966 956 1017 Sancteno,
1006 968 1086 1009 nisi
1130 969 1244 1022 quod
1289 970 1524 1013 abhorrere
1566 973 1766 1017 uideatur
1806 990 1832 1017 a

70 1031 315 1074 Pruttenica
349 1031 626 1085 profectione,
658 1031 856 1085 quodque
889 1035 1013 1086 putet
1045 1047 1091 1075 se
1114 1034 1249 1076 multo
1273 1035 1433 1078 rectius
1456 1036 1696 1080 uicturum¹³
1718 1042 1830 1094 apud

67 1110 150 1146 eos,
185 1096 337 1149 quibus
370 1097 574 1151 prodesse
607 1097 709 1139 licet
751 1097 895 1151 patria
927 1098 1118 1151 lingua4.
1182 1100 1275 1152 Ego
1309 1100 1374 1142 his
1406 1102 1647 1145 rationibus
1680 1119 1829 1159 parum

66 1175 252 1213 moueor‚
298 1165 342 1205 et
383 1162 624 1217 plusculum
667 1163 934 1205 fortitudinis
967 1164 1137 1218 requiro
1171 1165 1213 1207 in
1249 1166 1359 1208 bono
1402 1167 1551 1211 fratre.
1616 1170 1830 1214 Judieium

66 1230 208 1269 autem
242 1227 299 1270 sit
332 1241 462 1282 penes
485 1228 535 1271 R.
560 1228 608 1271 T.
634 1232 842 1281 quantum
876 1229 990 1270 illius
1022 1230 1308 1273 imbecillitati
1341 1232 1421 1274 hoc
1450 1233 1508 1276 sit
1539 1237 1734 1289 tempore
1767 1238 1829 1279 in-

66 1291 339 1346 dulgendum,
383 1293 434 1335 de
476 1308 559 1347 quo
602 1294 790 1336 fortasse
831 1294 916 1336 iam
959 1294 1042 1336 erit
1083 1296 1188 1338 certi
1232 1296 1392 1349 aliquid
1436 1299 1657 1342 definitum
1700 1304 1831 1356 atque

66 1358 363 1413 perscriptum.
417 1359 511 1412 Ego
554 1359 618 1400 his
661 1360 713 1401 de
746 1360 873 1401 rebus
912 1360 965 1402 ad
1008 1361 1193 1403 alienam
1238 1363 1498 1416 prouintiam
1532 1368 1831 1420 spectantibus

66 1438 148 1466 non
180 1438 412 1475 monerem,
446 1424 525 1466 nisi
561 1428 765 1478 rogatus:
800 1439 934 1478 quare
966 1426 1001 1467 si
1034 1430 1211 1480 praeter
1243 1427 1444 1471 decorum
1477 1430 1604 1481 facio,
1639 1433 1828 1475 monitus

67 1492 181 1532 certe
213 1489 317 1531 nihil
351 1490 392 1531 in
426 1493 645 1544 posterum
679 1491 768 1532 tale
801 1491 998 1533 scribam

181 1560 303 1614 Rogo
327 1560 499 1612 iterum,
533 1561 662 1604 liceat
691 1575 746 1603 ne
770 1561 925 1603 bonum
951 1562 1268 1606 adolescentem
1284 1564 1300 1590 5
1323 1564 1510 1616 mittere,
1539 1566 1609 1620 qui
1633 1572 1832 1623 sumptus

66 1626 223 1669 habeat
262 1626 305 1668 in
340 1626 595 1668 Germanico
638 1626 820 1680 collegio
863 1627 1020 1681 quique
1055 1628 1109 1670 ad
1148 1642 1296 1671 sacros
1329 1630 1525 1684 adspirat
1557 1632 1742 1685 ordines,
1786 1637 1831 1677 et

65 1691 165 1733 mihi
198 1691 452 1745 scriptorem
484 1692 613 1734 fidum
649 1693 881 1747 praestitit.
943 1693 1125 1736 Veniret
1156 1694 1228 1736 ille
1260 1695 1412 1738 lubens
1445 1697 1486 1738 in
1521 1700 1727 1741 autumno
1761 1714 1829 1742 se-

66 1757 224 1811 quenti,
259 1757 293 1799 si
326 1758 447 1800 locus
479 1757 540 1799 illi
574 1758 747 1801 dabitur
778 1758 892 1800 inter
924 1758 1132 1810 alumnos,
1167 1762 1318 1813 estque
1351 1762 1562 1806 Bauarus.

182 1829 319 1871 Hodie
352 1829 522 1872 Bullam
554 1829 742 1871 Jubilaei
784 1830 1138 1884 publicauimusss.
1174 1830 1286 1874 faxit
1328 1832 1539 1885 dominus,
1583 1838 1631 1877 ut
1664 1835 1832 1879 fructus

66 1896 240 1949 optatus
271 1894 370 1936 inde
404 1895 647 1948 colligatur,
688 1898 732 1937 et
765 1895 916 1937 foedus
952 1896 1195 1950 Principum
1230 1897 1356 1939 duret
1389 1899 1472 1942 diu.

181 1966 348 2020 Rogaui
380 1966 803 2009 Reuerendissimum
837 1972 923 2020 etc„
958 1973 1001 2009 ut
1033 1983 1167 2022 supra
1198 1984 1240 2024 p.
1267 1971 1335 2011 46.

180 2039 371 2080 Auernus
412 2038 573 2092 aliquid
616 2038 739 2090 scire,
784 2039 836 2081 de
869 2039 1101 2092 Theologis
1142 2053 1197 2081 ex
1240 2040 1451 2094 Hispania
1493 2042 1648 2095 missis,
1693 2044 1830 2098 deque

65 2102 342 2158 scriptoribus
376 2104 703 2148 constituendis.
768 2104 886 2155 Quae
926 2118 997 2146 res
1030 2119 1141 2146 nouo
1178 2105 1296 2147 Patri
1330 2109 1480 2150 nostro
1515 2108 1687 2151 Vicario
1722 2110 1829 2152 diui-

65 2168 178 2211 nitus
211 2172 436 2212 reseruata
469 2183 564 2212 esse
606 2170 790 2220 uidetur,
834 2172 883 2212 ut
914 2184 1038 2211 suum
1072 2173 1270 2212 sanctum
1303 2172 1441 2214 zelum
1475 2173 1684 2216 aduersus
1727 2175 1829 2217 liae-

69 2233 223 2277 reticos
255 2234 335 2276 hoc
368 2235 493 2276 modo
527 2235 731 2286 declaret,
767 2235 1037 2289 posterisque
1069 2239 1269 2279 testetur.

169 2322 195 2353 a)
218 2323 241 2345 A
263 2323 291 2346 C.
312 2325 470 2346 coro-eccum
493 2329 528 2346 ea*
547 2321 705 2347 uicturam.

186 2445 193 2464 ¹
221 2444 258 2479 P.
279 2444 449 2479 Costerus
486 2446 604 2480 officio
640 2447 833 2491 praepositi
866 2447 1107 2492 provincialis,
1144 2448 1237 2492 quod
1266 2449 1299 2482 in
1326 2449 1513 2493 provincia
1540 2449 1754 2485 Germaniae
1780 2451 1829 2485 in-

65 2496 202 2532 ferioris
237 2499 315 2532 sive
342 2498 530 2533 Flandriae
566 2500 818 2534 administrare
855 2513 885 2535 a.
917 2502 1005 2535 1565
1043 2504 1220 2546 coeperat,
1257 2502 1322 2536 sub
1350 2505 1560 2536 autumnum
1589 2515 1618 2538 a.
1650 2505 1735 2539 1571
1768 2517 1830 2550 per

66 2549 226 2594 Borgiam
255 2551 396 2586 levatus
423 2555 499 2586 erat
527 2552 702 2595 (Hansen.
730 2553 751 2588 l.
772 2566 801 2588 c.
821 2555 935 2597 605³).
1122 2555 1135 2575 ²
1162 2555 1299 2596 Kessel,
1327 2555 1469 2599 collegii
1496 2557 1637 2592 rectori.

183 2606 194 2625 ⁸
222 2604 257 2638 P.
277 2605 444 2639 loannem
473 2606 653 2648 Rethium,
679 2610 865 2651 regentem
893 2608 1072 2652 gymnasii
1099 2608 1221 2642 Trium
1250 2608 1479 2643 Coronarum.

181 2660 194 2679 ⁴
221 2658 271 2693 De
298 2658 336 2693 P.
356 2659 487 2693 Ioanne
509 2659 690 2694 Zantheno
720 2662 769 2704 (v.
797 2673 905 2706 supra
933 2673 965 2706 p.
985 2661 1154 2705 34—36)‚
1191 2662 1249 2706 qui
1286 2664 1457 2697 autumno
1485 2675 1515 2698 a.
1538 2664 1624 2698 1571
1655 2664 1768 2699 Roma
1793 2666 1827 2699 in

66 2709 289 2746 Germaniam
309 2712 473 2754 redierat,
500 2714 694 2758 praepositi
722 2715 993 2755 constituerant,
1022 2718 1060 2748 ut
1087 2715 1239 2759 primum
1259 2715 1471 2760 Noviomagi
1494 2729 1550 2751 res
1571 2718 1743 2761 quasdam
1771 2719 1827 2752 do-

65 2764 231 2799 mestit-as
266 2766 461 2810 expediret,
497 2767 623 2800 deinde
657 2767 791 2802 rediret
825 2768 860 2801 in
891 2768 1114 2808 Borussiam;
1152 2768 1268 2802 fuerat
1303 2771 1396 2802 enim
1429 2769 1464 2803 in
1500 2770 1651 2813 collegio
1683 2771 1829 2806 brauns-

65 2816 239 2860 bergensi.
289 2819 357 2853 Sed
384 2819 419 2853 in
447 2819 640 2854 Germania
667 2821 835 2855 inferiore
862 2833 903 2855 eo
930 2833 1021 2854 anno
1060 2822 1188 2855 itinera
1215 2833 1235 2855 a
1262 2821 1406 2857 Gensiis
1433 2823 1699 2858 infestabantur
1727 2826 1830 2869 (Sar-

67 2870 197 2911 chinus,
225 2872 316 2906 Hist.
338 2873 385 2906 111
413 2873 434 2907 l.
453 2873 487 2915 8,
513 2885 547 2907 n.
567 2874 654 2914 233;
684 2875 831 2908 Hansen
859 2874 879 2908 l.
901 2886 919 2908 c
950 2875 1035 2909 600⁵
1061 2876 1129 2909 605
1157 2875 1224 2909 616
1252 2875 1352 2918 625).

184 2924 197 2944 ⁵
223 2925 472 2960 Balthasarem
500 2926 651 2960 Arnoldt

182 2978 195 2998 ⁶
221 2978 416 3013 Iubilaeum
436 2980 531 3022 dicit,
559 2980 651 3024 quod
672 2981 866 3024 Gregorius
887 2981 979 3014 xlll.
1000 2992 1115 3015 novus
1141 2981 1315 3026 pontifex,
1344 2983 1565 3017 occasionem
1586 2983 1663 3018 sive
1683 2996 1826 3018 causam

67 3040 111 3063 ex
144 3030 220 3075 ipsa
245 3043 309 3066 sua
345 3032 518 3067 electione
553 3037 691 3073 nactus,
730 3033 896 3069 fidelibus
922 3034 1120 3074 obtulerat;
1158 3034 1300 3069 iubilaei
1337 3039 1456 3070 autem
1492 3036 1625 3071 bullam
1663 3037 1828 3072 canisius

68 3081 276 3119 Ferdinundi
296 3086 337 3120 ΙΙ.
354 3086 557 3121 archiducis
576 3088 797 3122 contionator
824 3087 964 3122 aulicus
987 3089 1036 3122 13.
1054 3087 1133 3122 Iulii
1153 3088 1188 3121 in
1215 3088 1348 3134 templo
1367 3088 1400 3123 S.
1416 3089 1541 3124 Crucis
1564 3090 1827 3134 promulgavit;

69 3146 102 3171 v.
121 3136 222 3180 infra,
248 3150 400 3174 monum.
424 3140 524 3174 1109.

1491 3199 1508 3230 4
1525 3196 1541 3214 *
