2051 3433
164 169 247 210 114
642 165 742 199 1837.
771 164 935 198 Canisius
961 164 1056 199 card.
1084 163 1291 199 Ptolemaeo
1318 163 1447 198 Gallio.

162 286 324 327 nullum
367 285 436 327 uel
469 284 674 337 exiguum
707 282 908 325 curandis
943 282 1202 325 Germaniae
1242 283 1403 325 morbis
1444 283 1632 326 fructum
1665 283 1925 326 attulerunt·

162 350 520 404 quemadmodum
545 350 647 391 sunt
668 348 842 403 Concilij
867 348 1113 399 celebratio,
1139 347 1364 401 colloquia,
1389 350 1433 390 et
1455 347 1770 403 disputationes
1788 348 1928 390 Theo-

161 417 371 470 logorum,
415 418 654 457 conuentus
684 413 945 468 Principum,
988 412 1203 456 relaxatio
1244 413 1389 467 legum
1422 413 1813 456 ecclesiasticarum
1847 416 1928 457 ete.

280 486 377 529 Etsi
410 488 555 528 autem
588 485 682 527 fore
714 484 882 536 timent,
916 487 966 526 ut
988 485 1305 536 Protestantes,
1339 485 1374 526 si
1398 484 1477 527 hoc
1499 485 1584 527 illis
1605 485 1779 539 impune
1800 484 1931 527 liceat

162 551 519 606 quomodolibet⁸‚
554 550 763 592 aduersus
797 549 1033 592 catholicos
1060 564 1204 603 agere,
1239 550 1282 592 ui
1305 552 1349 592 et
1376 550 1521 602 armis,
1556 550 1794 592 catholicos
1814 549 1931 604 ipsos

162 619 249 661 sint
281 617 543 672 oppressuri,
586 618 733 658 tamen
775 615 831 657 ad
869 615 1026 656 bellum
1071 618 1224 658 contra
1261 615 1369 658 istos
1407 615 1617 658 ecclesiae
1650 615 1810 666 hostes,
1850 615 1931 657 hoc

160 687 357 736 tempore
389 681 707 736 suscipiendum
740 694 826 722 non
858 681 1019 724 audent
1040 681 1229 731 hortari;
1263 680 1520 735 praesertim
1543 680 1713 735 quando
1737 694 1790 722 ea
1812 680 1933 723 deest

162 747 446 790 commoditas
477 747 541 789 rei
578 746 687 788 bene
719 745 1042 799 transigendae,
1083 759 1194 799 quae
1226 746 1379 788 Carolo
1413 745 1586 788 Caesari
1629 745 1890 800 suppetebat
1904 746 1932 796 ¹,

163 814 216 856 ad
249 813 521 855 Lutheranos
553 812 595 853 in
630 811 863 854 Germania
896 811 939 853 ui
970 811 1231 864 subigendos
1264 814 1395 865 atque
1428 811 1719 865 castigandos.

283 883 470 926 Consilia
503 886 547 925 et
579 883 744 926 monita
776 882 1036 924 Ferdinandi
1070 882 1341 926 Archiducis.

282 955 383 998 Tria
415 956 458 997 in
491 955 676 996 medium
719 954 950 1009 praecipue
983 954 1178 1005 adduxit,
1222 968 1332 1008 quae
1367 954 1488 997 Pont.
1524 954 1641 998 Max,
1676 955 1730 996 ad
1763 967 1935 1008 promo-

162 1022 346 1064 uendam
380 1022 422 1062 in
457 1019 714 1063 Germaniab
752 1019 1004 1073 religionem
1046 1019 1126 1062 hoc
1169 1023 1365 1074 tempore
1397 1019 1636 1074 spectanda
1668 1023 1713 1062 et
1745 1019 1936 1061 curanda

162 1087 347 1141 putauit.

287 1152 345 1195 Vt
378 1151 517 1204 magis
549 1150 775 1204 magisque
799 1151 1024 1193 confirmet
1056 1164 1106 1192 ac
1138 1150 1366 1204 prouehat,
1400 1164 1511 1203 quae
1543 1150 1597 1192 ad
1630 1149 1934 1193 stabiliendum

162 1218 315 1260 foedus
338 1217 600 1271 Principum,
636 1216 748 1269 quod
783 1218 936 1258 contra
969 1216 1134 1257 'Furcas
1168 1218 1235 1258 est
1267 1218 1516 1270 susceptum
1540 1215 1772 1270 pertinent.
1821 1214 1935 1256 Nam

163 1283 198 1325 si
242 1283 323 1324 hoc
360 1282 513 1324 foedus
556 1284 600 1323 et
647 1281 888 1323 catholicae
930 1280 1081 1322 classis
1126 1283 1278 1335 optata
1319 1281 1517 1323 Victoria
1562 1281 1671 1322 bene
1718 1280 1935 1330 succedat,

162 1349 345 1391 multum
378 1346 586 1389 momenti
628 1360 916 1396 accessurum,
951 1348 1042 1388 tum
1085 1346 1139 1388 ad
1173 1346 1416 1399 augendam
1451 1347 1574 1389 Pont.
1610 1345 1934 1396 authoritatem,

163 1418 255 1456 tum
289 1413 343 1455 ad
377 1426 553 1455 causam
586 1411 810 1465 religionis
852 1413 1003 1453 contra
1038 1411 1337 1454 schismaticos
1370 1411 1527 1465 ubique
1559 1411 1754 1465 gentium
1788 1410 1936 1453 defen-

163 1479 361 1530 dendam,
394 1481 485 1521 tum
521 1478 575 1519 ad
606 1491 833 1519 numerum
867 1477 1244 1520 confederatorum
1277 1491 1391 1519 noua
1424 1479 1469 1520 et
1500 1476 1668 1530 ingenti
1694 1476 1937 1530 Principum

164 1544 411 1587 accessione
444 1543 806 1598 amplificandum.
871 1541 931 1585 At
965 1548 1095 1597 opusc
1128 1545 1195 1585 est
1226 1542 1399 1585 interim
1432 1541 1642 1596 singulari
1675 1541 1799 1584 Pont.
1833 1555 1936 1583 cura

164 1613 208 1653 et
240 1609 481 1662 uigilantia,
518 1612 577 1660 ut,
613 1622 722 1661 quae
754 1608 915 1650 multos
938 1608 1161 1651 deterrent
1195 1608 1248 1650 ab
1277 1606 1426 1662 [hoc]‘¹
1457 1607 1632 1649 foedere
1655 1607 1936 1649 difficultates

162 1675 206 1717 in
239 1678 433 1729 tempore
466 1676 764 1724 amoueantur,
799 1673 937 1715 maior
969 1677 1017 1716 ut
1048 1687 1148 1728 spes
1171 1673 1335 1728 concipi
1358 1673 1508 1728 possit,
1544 1673 1595 1714 de
1627 1672 1776 1714 futura
1808 1672 1936 1714 dura-

165 1740 238 1783 bili
271 1744 315 1783 et
346 1741 472 1782 firma
505 1738 806 1781 coniunctione
839 1738 1256 1781 confoederatorum.

283 1810 638 1865 Quandoquidem
670 1810 826 1852 misere
858 1810 974 1853 iacet
1004 1811 1048 1852 in
1083 1810 1315 1852 Germania
1348 1810 1451 1852 ordo
1476 1809 1809 1860 ecclesiasticus
1843 1809 1937 1863 lap-

167 1891 301 1930 saque
335 1880 401 1919 est
434 1876 572 1918 omnis
605 1876 696 1918 fere
729 1875 954 1930 disciplina
977 1875 1102 1926 Cleri,
1137 1875 1292 1918 saltem
1325 1875 1368 1917 in
1400 1889 1484 1917 uno
1518 1877 1649 1928 atque
1673 1875 1810 1917 altcro
1833 1874 1937 1928 Epi-

168 1945 362 1997 scopatu,
382 1941 451 1984 ubi
471 1941 735 1984 commodius
753 1941 795 1983 id
813 1941 1027 1995 praestari
1045 1941 1219 1995 poterit,
1236 1941 1404 1983 initium
1424 1940 1596 1994 aliquod
1615 1939 1938 1982 reformat-ionis

164 2008 488 2062 proponendum
512 2021 619 2059 esse,
654 2007 847 2049 adhibito
880 2006 1011 2049 etiam
1036 2007 1069 2048 si
1097 2006 1204 2049 uelit
1227 2007 1350 2049 Pont.
1374 2006 1550 2048 brachio
1573 2005 1776 2055 seculari;
1810 2019 1938 2060 prae-

165 2073 313 2115 sertim
329 2073 450 2115 sires
469 2072 681 2116 committi
695 2072 834 2127 possit
848 2071 999 2114 uicinis
1009 2071 1279 2126 Principibus
1294 2071 1531 2115 catholicis.
1567 2071 1659 2114 Nec
1674 2071 1937 2126 parcendum

165 2140 206 2180 in
224 2153 271 2181 re
292 2141 420 2181 tanta
442 2152 538 2181 esse
553 2137 769 2181 Praelatis
792 2141 837 2180 et
854 2138 1073 2180 canonicis
1088 2137 1403 2180 cathedralium
1422 2137 1731 2186 Ecclesiarum,
1755 2136 1938 2190 illosque

165 2204 445 2258 castigandos
487 2203 689 2254 maxime,
733 2217 913 2257 quorum
956 2206 1060 2246 nota
1093 2206 1137 2246 et
1169 2203 1340 2258 publica
1372 2203 1429 2245 sit
1461 2202 1579 2245 uitae
1610 2202 1847 2256 turpitudo,
1890 2205 1939 2244 ut

165 2271 258 2311 sine
280 2283 438 2323 magno
470 2269 692 2322 religionis
715 2269 976 2312 detrimento
1000 2268 1160 2312 diutius
1182 2268 1308 2311 ferri⁰
1340 2283 1424 2310 non
1446 2268 1615 2322 possint
1637 2282 1716 2310 nec
1738 2267 1937 2310 debeant.

173 2336 402 2377 Praestare
436 2349 595 2389 paucos
628 2334 671 2376 in
694 2334 901 2389 Ecclesijs
935 2335 1068 2376 bonos
1091 2337 1244 2377 extare
1267 2334 1489 2377 ministros
1512 2347 1639 2386 quam
1664 2336 1730 2376 tot
1753 2332 1939 2375 discolos

166 2404 210 2443 et
242 2401 404 2444 milites
436 2400 579 2454 potius
613 2414 741 2453 quam
775 2400 954 2442 clericos
987 2400 1057 2451 ali,
1092 2414 1186 2442 cum
1220 2400 1356 2442 totius
1389 2399 1535 2454 populi
1567 2399 1788 2441 scandalo.

285 2472 555 2526 Captandam
589 2485 684 2513 esse
707 2471 831 2514 Pont.
857 2471 1125 2514 occasionem
1159 2485 1342 2522 omnem,
1377 2474 1425 2514 ut
1447 2484 1568 2513 suam
1591 2469 1939 2512 beneuolentiam

167 2541 482 2592 paternamque
515 2536 773 2579 charitatem
806 2536 849 2578 in
881 2537 1217 2591 protestantium
1252 2536 1419 2579 animos
1453 2538 1585 2589 queat
1616 2535 1848 2585 insinuare,
1889 2548 1939 2576 ac

167 2604 219 2645 de
262 2602 347 2645 illis
388 2603 669 2645 benemereri.
734 2602 781 2643 Id
826 2615 930 2644 uero
978 2602 1070 2644 fieri
1112 2616 1253 2657 posse,
1300 2602 1335 2643 si
1377 2600 1738 2655 quemadmodum
1781 2599 1939 2642 Christi

167 2668 389 2711 Vicarium
423 2667 559 2719 decet,
595 2671 854 2711 errantes
887 2668 1047 2709 oues2
1079 2668 1132 2710 ad
1167 2667 1279 2709 ouile
1301 2669 1480 2709 reuocet
1513 2665 1766 2720 aliquando;
1801 2665 1836 2706 si
1869 2678 1940 2706 sa-

166 2734 338 2788 pienter
369 2736 545 2776 moneat
577 2733 628 2775 de
660 2732 830 2775 unitate
852 2732 1098 2775 Christiana
1130 2732 1354 2783 sectanda,
1388 2735 1432 2773 et
1466 2731 1518 2773 de
1547 2733 1764 2773 sectarum
1787 2730 1940 2772 haere-

168 2812 347 2851 sumque
381 2798 632 2840 confusione
663 2797 865 2847 uitanda;
908 2797 944 2839 si
976 2798 1257 2852 pereuntibus
1297 2797 1383 2839 illis
1427 2795 1615 2851 compati
1648 2795 1862 2845 uideatur,
1904 2794 1939 2836 si

286 2895 314 2927 a)
336 2894 494 2928 quodlibet
515 2899 541 2921 S.
617 2895 647 2926 b)
665 2898 685 2921 A
706 2904 883 2928 perperam:
904 2895 1093 2922 Germaniae.
1167 2897 1193 2927 c)
1212 2902 1290 2928 opus
1304 2902 1381 2928 opus
1397 2897 1430 2920 Α.
1505 2894 1534 2926 d)
1557 2896 1601 2920 Ita
1623 2895 1708 2919 etiam
1725 2895 1752 2919 S.
1828 2893 1855 2923 e)
1871 2894 1940 2917 Cor-

170 2938 234 2961 rm‘i
255 2945 291 2962 es·
310 2936 385 2967 fieri,
406 2938 479 2968 quod
501 2941 544 2961 tes!
566 2938 593 2961 in
611 2939 644 2962 Α.

292 3065 300 3085 ¹
327 3065 441 3099 Annis
462 3065 552 3099 1546
573 3067 608 3099 et
627 3066 729 3108 1547,
758 3070 917 3111 tempore
935 3065 1019 3100 belli
1040 3065 1282 3107 smalcaldici;
1310 3076 1426 3110 neque
1444 3076 1530 3100 vero
1550 3063 1699 3099 Carolus
1716 3063 1759 3098 V.
1780 3061 1940 3098 victoriis

168 3119 257 3153 satis
284 3129 371 3153 usus
398 3121 455 3153 est
481 3119 525 3152 ad
552 3118 769 3153 sedicionem
797 3119 1111 3164 comprimendam.

288 3172 301 3192 ²
329 3173 344 3206 1
376 3172 462 3206 Petr
488 3172 519 3214 2,
546 3171 610 3214 25;
643 3174 688 3207 cf.
717 3173 764 3207 rs
794 3173 870 3214 118,
899 3173 986 3213 176;
1015 3173 1049 3207 Is
1076 3172 1131 3213 53,
1160 3172 1191 3207 6.
