2062 3443
517 122 610 156 Mon.
637 121 737 156 1254.
777 122 807 155 A
833 120 999 155 Ianuario
1026 119 1069 154 ad
1097 119 1337 154 Novembreni
1368 120 1467 156 1580.
1788 125 1872 164 825

102 239 297 293 relinquo
339 239 408 281 hic
432 238 848 293 Viceprouincialem
887 237 984 279 dum
1021 237 1151 278 abero
1194 236 1237 278 in
1270 237 1513 280 Heluetia.“
1584 238 1640 280 Et
1674 239 1873 292 Augusta

102 303 422 346 Vindelicorum
464 306 526 346 16.
558 303 668 345 1111111
705 305 838 345 15801
874 302 1040 345 Octauo
1076 302 1177 356 Maij
1213 301 1311 343 hinc
1346 302 1584 344 Lucernam
1618 303 1795 346 discessi
1828 307 1873 346 et

106 371 172 411 15.
206 369 324 422 Junij
358 369 556 411 Lucerna
589 369 670 410 huc
702 381 903 410 reuersus
936 369 1071 409 sum.“

106 487 251 526 1254.
332 489 359 524 A
387 489 559 525 Ianuario
586 488 631 526 ad
658 488 892 525 Novenibreni
919 487 1014 523 1580.

221 556 274 590 Ex
302 555 468 600 epistulis
495 555 730 600 autographis
759 554 906 594 Hoffaei,
943 565 1036 598 quae
1062 557 1143 588 sunt
1172 554 1206 587 in
1234 554 1354 588 Germ.
1379 555 1446 589 158
1475 555 1496 588 f.
1525 554 1698 589 202—212
1723 555 1784 589 39²
1812 556 1872 590 70ιι

102 609 184 645 1181)
213 609 296 644 148“)
322 609 408 644 2582·
433 609 518 644 280¹³
546 610 631 644 284²·
657 609 753 650 310b‚
781 613 817 642 et
839 607 1168 651 „Indulgentiarum
1189 611 1225 641 et
1243 607 1479 642 facultatum‘
1503 608 1657 642 indiculo
1684 608 1728 642 ab
1750 609 1871 650 ignoto

98 662 232 707 scripto
258 665 366 706 atque
393 663 437 697 ab
466 663 613 696 Hoffaeo
640 662 787 696 Romam
814 662 934 703 misso,
963 661 1022 705 qui
1050 666 1106 695 est
1133 662 1167 694 in
1195 660 1315 695 Germ.
1340 662 1405 696 158
1432 662 1456 695 f.
1477 662 1531 702 25,
1560 664 1597 695 et
1623 673 1668 695 ex
1695 673 1870 696 commen-

99 716 200 750 tariis
235 715 471 760 epistularum
499 716 725 756 Mercuriani,
761 727 852 759 quae
887 717 972 749 sunt
999 715 1032 748 in
1060 714 1172 748 Rhen.
1204 714 1267 748 lnf.
1299 715 1328 754 1,
1357 715 1388 748 11
1416 716 1439 749 f.
1468 715 1529 750 39¹³
1554 715 1615 750 40³
1641 715 1712 750 432¹.
1764 717 1872 750 Duhr

98 771 237 814 partem
263 770 368 803 unius
396 782 439 803 ex
467 769 632 814 epistulis
658 768 730 803 illis
758 768 974 802 Mercuri-ani
1009 768 1129 812 posuit
1155 770 1191 801 et
1216 779 1323 801 unam
1351 780 1395 802 ex
1423 768 1588 813 epistulis
1616 768 1755 802 Hoffaei
1784 769 1869 802 indi-

98 822 289 866 cnlumque
327 822 428 856 illum
472 823 678 866 germanice
714 823 824 856 vertit
863 821 954 864 (Jes.
991 833 1035 855 an
1072 820 1260 855 F‘urstenh.
1300 821 1485 855 122—123
1529 822 1631 862 131¹;
1676 823 1720 856 cf.
1762 823 1868 856 etiam

98 876 172 910 Jes.
201 876 213 909 1
242 875 339 911 700).

219 942 395 979 Canis-ius,
424 942 517 985 quod
542 942 639 984 apud
669 942 897 974 Guilielmum
928 941 963 974 V.
992 941 1172 973 Bavartae
1198 942 1319 973 ducem
1347 942 1384 973 in
1411 952 1519 974 causa
1548 942 1711 984 Menyim'
1736 943 1871 983 confes-

95 996 189 1029 sam·
222 995 468 1038 imprudenter
493 1006 527 1027 se
558 997 715 1038 gesserit,
751 999 964 1036 accusatum
998 995 1159 1027 sedeunt
1191 995 1391 1037 praepositi
1413 995 1592 1036 yeneralis
1621 995 1760 1039 littere's,
1797 1000 1869 1028 tum

98 1049 173 1092 ipso
200 1059 321 1082 rerum
349 1052 469 1082 eventu
493 1053 685 1092 puryatur.
887 1054 891 1058 '

216 1120 392 1163 Hoffaeus
418 1118 648 1164 provincialis
675 1119 718 1153 ad
746 1118 1009 1153 Mercurianum
1038 1118 1280 1163 praepositum
1317 1119 1522 1162 generalem
1549 1119 1737 1153 Monachio
1764 1119 1797 1154 8.
1817 1120 1868 1154 Ia-

94 1172 211 1207 nuarii
239 1173 329 1208 1580
356 1172 445 1207 haec
472 1168 614 1206 rettulit
639 1172 682 1207 de
709 1172 900 1206 Guilielmo
920 1172 962 1206 V.
982 1171 1070 1206 duce
1099 1171 1174 1216 (qui
1201 1172 1350 1206 Alberto
1368 1173 1411 1207 V.
1431 1175 1533 1217 patre
1560 1184 1589 1207 a.
1612 1173 1702 1207 1579
1729 1176 1868 1207 mortno

95 1227 167 1260 iam
194 1226 384 1260 Bavariam
413 1226 577 1269 regebat)
608 1229 643 1260 et
670 1226 712 1260 de
734 1226 772 1259 P.
792 1225 977 1260 Dominico
1005 1225 1174 1269 Mengino
1200 1224 1234 1259 S.
1257 1226 1301 1266 J„
1329 1238 1398 1270 quo
1426 1225 1641 1260 Guilielmus
1667 1228 1703 1260 et
1729 1226 1868 1261 Renata

94 1279 288 1324 Lotaringa
324 1280 400 1314 eius
435 1291 535 1321 uxor,
575 1279 765 1314 Societatis
802 1279 1085 1313 moderatoribus
1120 1278 1211 1313 satis
1247 1278 1381 1320 invitis,
1420 1279 1613 1313 utebantur
1648 1280 1869 1315 confessario

97 1333 146 1376 (v.
174 1344 284 1378 supra
311 1345 344 1378 p.
373 1333 479 1377 502):
521 1332 664 1375 „Voluit
691 1333 828 1377 (nescio
855 1344 962 1377 quam
990 1332 1033 1367 ob
1053 1344 1208 1373 causam,
1245 1332 1531 1368 mortificationis
1563 1334 1598 1367 ni
1634 1333 1755 1377 fallor)
1783 1334 1866 1369 Dux

95 1386 298 1421 Gulielmus
329 1389 369 1421 vt
395 1387 439 1421 ad
465 1389 608 1432 tempus
634 1386 691 1421 1110
718 1387 753 1420 111
779 1386 872 1420 Aula
899 1386 1149 1420 concionarer:
1177 1386 1398 1430 obsequutus
1425 1398 1515 1421 sum.
1555 1387 1670 1421 Huius
1698 1387 1868 1433 principis

94 1439 277 1484 ingenium
322 1452 391 1474 non
434 1451 579 1485 possum
619 1440 839 1484 intelligere:
883 1451 952 1483 quo
991 1451 1078 1482 erga
1115 1450 1179 1473 1103
1218 1441 1336 1474 animo
1378 1440 1426 1474 sit
1464 1440 1627 1475 dubitare
1666 1440 1770 1476 licet:
1814 1453 1866 1475 ar-

94 1493 205 1528 bitror
243 1506 311 1528 non
349 1494 483 1539 optimo
520 1496 556 1528 et
591 1494 621 1528 ci
661 1494 747 1528 dara
785 1493 829 1527 da
864 1493 929 1526 far’
956 1492 1063 1538 assaj.
1123 1492 1234 1526 Aiunt
1266 1493 1366 1527 illum
1406 1494 1539 1528 multas
1577 1494 1766 1529 Societatis
1804 1495 1866 1528 im-

92 1546 331 1592 perfectiones
357 1559 476 1588 nosse,
503 1559 546 1582 ac
572 1547 614 1581 de
641 1547 742 1582 nobis
768 1559 838 1580 non
865 1546 996 1591 optime
1023 1546 1169 1581 sentire.
1213 1546 1272 1580 Nil
1299 1547 1330 1581 ei
1357 1547 1435 1581 dico
1464 1547 1557 1591 quod
1580 1547 1620 1583 P.
1640 1548 1866 1583 Dominicum

93 1601 185 1635 scire
219 1601 348 1636 nolim:
385 1601 431 1635 Jn
467 1601 636 1636 concione
671 1600 818 1635 illinon
854 1612 971 1645 parco.
1024 1599 1087 1645 Fuj
1123 1600 1181 1634 hic
1207 1611 1270 1644 per
1297 1600 1385 1634 duos
1411 1612 1563 1642 menses,
1598 1601 1696 1635 volui
1722 1603 1866 1637 modum

92 1654 307 1700 procedendi
344 1655 501 1690 aulicum
541 1658 577 1689 et
614 1655 653 1689 P.
689 1654 864 1688 Dominici
903 1665 1138 1696 cognoscere,
1182 1654 1406 1688 dissimulaui
1445 1655 1581 1696 omnia;
1626 1655 1867 1700 depraehendi

92 1709 202 1743 miras
237 1710 335 1743 artes
371 1710 407 1742 et
440 1707 623 1742 mirabiles
659 1708 818 1753 spiritus,
854 1707 929 1741 vidi
965 1708 1071 1742 etiam
1109 1707 1202 1742 domi
1238 1710 1373 1742 sectam
1399 1708 1520 1743 nasci:
1556 1708 1645 1743 haec
1672 1721 1751 1743 curn
1779 1710 1866 1744 mihi

92 1764 212 1807 putem
240 1762 375 1796 diutius
401 1762 549 1796 ferenda
575 1773 645 1796 non
672 1773 761 1802 esse,
797 1761 897 1806 coepi
932 1761 1037 1795 hodie
1062 1761 1287 1795 Dominicum
1315 1761 1351 1795 in
1377 1761 1536 1796 ordinem
1563 1762 1747 1806 redigere:
1782 1763 1866 1798 hinc

91 1815 201 1859 igitur
227 1819 379 1860 expecto
405 1827 426 1849 a
453 1816 551 1849 Duce
578 1815 671 1859 quod
699 1816 792 1849 forte
817 1815 919 1849 nobis
946 1817 1089 1858 gratum
1116 1826 1185 1848 non
1213 1816 1299 1855 erit3
1326 1826 1392 1857 ego
1418 1827 1504 1849 vero
1524 1815 1694 1850 Societati
1713 1816 1864 1852 studebo

91 1872 127 1903 et
151 1868 303 1903 fratrum
331 1872 440 1914 atque
467 1868 586 1914 populi
614 1868 860 1908 aedificationi,
887 1867 976 1902 nihil
1005 1869 1142 1902 veritus
1168 1868 1262 1902 vllas
1290 1868 1468 1914 Principis
1494 1869 1775 1913 indignationes:
1803 1870 1864 1915 qui

91 1923 159 1957 etsi
193 1923 315 1968 cupiat
351 1934 473 1956 omnes
509 1921 697 1966 religiosos
724 1924 760 1956 et
785 1922 1049 1956 ecclesiasticos
1076 1933 1155 1956 esse
1182 1922 1404 1963 reformatos,
1441 1922 1543 1957 nobis
1569 1925 1691 1956 tamen
1718 1924 1863 1958 videtur

90 1975 165 2009 fore
199 1975 306 2021 paulo
342 1976 495 2020 iniquior
531 1978 567 2009 et
601 1975 850 2019 formidabilis,
886 1976 979 2020 quod
1016 1975 1148 2010 habeat
1182 1986 1247 2009 nos
1283 1987 1346 2020 pro
1381 1987 1449 2009 non
1476 1976 1647 2010 sinceris:
1684 1988 1750 2019 ego
1777 1989 1863 2012 vero

91 2029 253 2073 (adiuuet
279 2041 335 2064 me
357 2029 466 2073 Deus)
496 2041 641 2074 operam
669 2029 758 2063 dabo
785 2034 826 2062 vt
853 2029 1032 2072 intelligat
1060 2040 1124 2063 nos
1150 2030 1294 2074 apertos
1321 2031 1357 2062 et
1383 2040 1556 2074 synceros
1579 2041 1668 2070 esse,
1695 2030 1863 2073 neglecta

89 2082 184 2128 omnj
212 2083 288 2117 eius
314 2082 578 2126 indignatione:
606 2082 639 2116 id
668 2085 732 2123 est,
759 2095 828 2117 non
854 2083 973 2128 patiar
1000 2082 1166 2116 instituto
1192 2084 1314 2116 nostro
1340 2082 1506 2116 iniuriam
1534 2083 1658 2117 inferri
1683 2095 1747 2118 seu
1765 2083 1864 2119 illius

89 2136 257 2171 honorem
284 2135 400 2182 laedj:
428 2136 459 2170 si
478 2136 549 2170 vim
577 2136 755 2177 adhibeat,
783 2135 849 2170 hoc
867 2136 996 2171 saltem
1016 2136 1196 2180 intelliget
1213 2147 1269 2170 me
1286 2135 1387 2170 nulla
1406 2136 1592 2171 voluntate
1618 2137 1863 2182 probaturum,

89 2191 182 2235 quod
208 2191 286 2236 ipse
304 2190 340 2224 vi
361 2190 573 2225 extorserit:
600 2201 705 2235 spero
731 2192 851 2224 tamen
879 2190 1145 2234 prudentiorem
1164 2189 1281 2235 ipsum
1309 2189 1394 2231 fore,
1422 2202 1528 2234 quam
1548 2193 1589 2224 vt
1606 2190 1643 2224 vi
1670 2190 1862 2235 quicquam

88 2246 228 2278 tentar'e
263 2243 362 2284 velit,
397 2243 541 2277 tametsi
579 2255 599 2277 a
637 2243 794 2288 periculo
828 2243 1085 2287 indignationis
1120 2242 1222 2277 liberi
1249 2243 1312 2277 vix
1349 2244 1492 2278 erimus.
1544 2243 1620 2287 Ego
1656 2256 1741 2278 vero
1776 2255 1863 2287 rogo

90 2297 127 2332 P.
147 2297 190 2332 V.
208 2308 253 2332 ne
279 2299 468 2339 terreatur,
495 2308 537 2331 ac
563 2299 649 2342 puto
676 2297 970 2331 committendum
997 2308 1066 2330 non
1094 2307 1172 2330 esse
1191 2296 1336 2338 diutius,
1365 2299 1405 2331 vt
1424 2297 1610 2343 Principes
1633 2297 1863 2342 suspicentur

88 2350 159 2385 leui
193 2352 372 2385 momento
408 2354 444 2384 et
469 2353 567 2384 metu
593 2350 764 2385 Societati
790 2361 891 2385 suam
925 2350 1150 2394 disciplinam
1177 2350 1300 2384 excuti
1326 2362 1441 2395 posse,
1477 2363 1546 2395 quo
1573 2362 1660 2385 sane
1686 2350 1861 2385 scandali-

88 2406 274 2439 zarentur:
302 2403 428 2448 quodsi
455 2415 541 2438 vero
568 2415 630 2448 pro
650 2404 814 2438 instituto
841 2406 961 2438 nostro
985 2403 1152 2443 zelemus,
1180 2403 1223 2437 ad
1251 2406 1391 2448 tempus
1417 2404 1509 2438 forte
1528 2404 1771 2444 offendentur3
1798 2404 1861 2438 sed

87 2460 209 2492 noster
243 2458 388 2492 tandem
424 2458 493 2491 erit
531 2469 629 2491 011111
669 2457 946 2492 tentatione
985 2458 1298 2501 prouentus¹:
1336 2458 1390 2491 Ac
1425 2459 1510 2502 puto
1538 2457 1680 2491 omnino
1715 2457 1860 2491 tandem

87 2510 296 2556 disciplinae
322 2513 467 2545 nostrae
493 2511 586 2545 serio
613 2511 811 2545 cauendum
839 2522 917 2545 esse
943 2510 979 2544 in
999 2510 1202 2550 Germania,
1229 2512 1265 2544 et
1291 2510 1419 2544 iccirco
1447 2512 1554 2545 etiam
1581 2512 1617 2545 in
1644 2511 1762 2545 officio
1781 2523 1859 2545 con·

86 2564 272 2599 tinendum
306 2564 542 2606 Dmninicum,
579 2575 684 2607 quem
721 2564 789 2599 hac
822 2569 928 2598 tenus
963 2575 1078 2608 neque
1114 2564 1153 2598 P.
1182 2563 1314 2608 Canisij
1351 2565 1528 2599 seueritas
1563 2576 1679 2609 neque
1705 2576 1784 2599 mea
1810 2565 1860 2598 in-

87 2618 273 2661 dulgentia
308 2617 490 2652 meliorem
527 2618 624 2652 fecit.
643 2646 651 2653 .
671 2645 679 2652 .
699 2645 707 2653 .
746 2618 783 2653 P.
813 2617 979 2652 Canisius
1005 2629 1025 2651 a
1053 2618 1190 2651 Comite
1218 2617 1397 2660 Dilingam
1435 2618 1552 2663 redijt,
1589 2629 1654 2662 ego
1682 2617 1741 2652 hic
1767 2630 1860 2653 nunc

87 2671 198 2706 exedo
225 2671 318 2715 quod
353 2671 430 2716 ipse
456 2671 605 2712 intriuit‚
642 2672 702 2716 qui
729 2671 763 2705 in
791 2671 857 2705 hoc
892 2671 1118 2716 potissimum
1146 2671 1290 2712 errauit,
1327 2671 1420 2715 quod
1456 2683 1495 2706 se
1521 2671 1669 2705 nimium
1696 2671 1862 2706 effuderit

92 2725 127 2760 in
154 2724 358 2770 Principem
384 2724 624 2769 vndequaque
649 2726 685 2759 in
712 2724 938 2759 Dominicum
965 2724 1205 2759 effluentem.“

206 2784 346 2829 Operae
380 2785 535 2829 pretium
573 2784 683 2818 fuerit
717 2785 859 2826 videre,
896 2784 1071 2828 quomodo
1108 2784 1150 2818 de
1186 2783 1356 2827 Mengino
1394 2784 1429 2818 in
1468 2784 1625 2819 ordinem
1664 2784 1860 2828 redigendo

86 2837 226 2872 Hoffaei
261 2839 411 2872 conatus
448 2838 675 2879 successerit,
711 2838 885 2872 meliusne
922 2849 1028 2882 quam
1065 2839 1214 2871 conatus
1252 2836 1385 2872 Canisii
1422 2849 1466 2872 an
1502 2849 1618 2873 secus.
1669 2837 1858 2872 Monachio

86 2890 141 2926 29.
160 2890 317 2925 Ianuarii
348 2890 436 2926 1580
462 2892 636 2934 Hoffaeus
660 2891 885 2926 Mercuriano
911 2890 1105 2936 *scripsitz
1147 2890 1205 2932 „R
1235 2890 1442 2925 Dominicus
1469 2891 1572 2925 modo
1600 2891 1754 2936 quietior
1781 2893 1857 2925 est:

86 2944 207 2979 nescio
242 2955 441 2988 quousque.
492 2943 590 2986 Quae
626 2955 706 2978 cum
733 2944 809 2989 ipso
836 2944 1042 2989 dispensaui
1069 2943 1163 2978 circa
1191 2943 1347 2987 regulas,
1383 2943 1441 2978 hic
1467 2945 1590 2979 mitto:
1625 2956 1666 2979 ea
1693 2945 1860 2988 dignetur

86 2996 126 3031 P.
145 2996 188 3031 V.
207 2997 358 3042 probare
383 2999 531 3042 propter
555 3008 680 3042 pacem
707 2997 862 3041 collegij.

211 3126 219 3146 ¹
248 3126 263 3160 1
294 3125 362 3160 Cor
392 3126 444 3168 10,
475 3127 528 3161 13.
