2051 3433
254 298 342 332 1575

392 306 394 382 l

254 457 341 491 1575
392 437 393 465 ⁴

252 564 340 598 1575

251 671 340 704 1575
390 693 391 710 (

251 777 339 810 1575

250 884 338 917 1575

250 990 339 1024 1575

250 1096 338 1130 1575

250 1202 338 1237 1575

248 1363 338 1398 1575

248 1470 337 1505 1575

249 1630 338 1665 1575

247 1738 337 1772 1575
389 1720 390 1786 l

247 1792 337 1826 1575
389 1789 390 1804 *

247 1898 337 1932 1575

248 2006 337 2040 1575

247 2113 335 2147 1575

248 2168 336 2201 1575

246 2220 336 2254 1575

248 2381 336 2415 1575

247 2488 335 2522 1575

247 2594 336 2628 1575

247 2702 336 2736 1575

248 2861 337 2895 1575

248 2914 338 2948 1575

247 3021 336 3055 1575

248 3127 339 3161 1575

669 177 728 212 111.
756 177 914 212 Tabulae
941 177 1212 220 chronologicae
1240 177 1335 211 vitae
1363 177 1496 211 Canisii

501 296 586 330 Maii
617 296 668 330 13.

500 456 583 490 Maii
614 456 666 490 13.

500 563 584 596 Maii
615 564 666 596 15.

461 669 548 703 Maii
576 668 630 703 21.
654 669 704 711 (Ῥ)

499 776 585 810 Maii
612 775 666 809 22,

498 882 583 916 Maii
611 882 666 917 23.

496 989 583 1023 Maii
611 989 656 1023 24

497 1096 583 1130 Maii
611 1096 665 1130 29.

450 1203 553 1238 Circa
573 1215 606 1237 m
640 1204 713 1237 Iun.

545 1363 620 1398 Iun.

519 1471 595 1505 Iun.
614 1471 645 1505 2.

519 1631 594 1665 Iun.
614 1632 646 1666 5.

504 1739 580 1773 Iun.
604 1739 657 1773 12.

504 1793 578 1826 11111.
603 1793 657 1827 19.

504 1899 579 1934 11111.
602 1900 657 1933 24.

504 2006 578 2041 Iun.
601 2007 656 2042 26.

504 2114 578 2148 11111.
601 2114 656 2149 29.

527 2167 588 2202 Iul.
609 2168 641 2202 2.

525 2220 589 2256 Iul.
609 2221 640 2256 3.

510 2382 576 2417 Iul.
599 2383 651 2418 10.

512 2489 576 2523 Iul.
599 2490 651 2524 17.

512 2595 576 2630 1111.
596 2596 651 2630 22.

511 2701 576 2736 Iul.
597 2702 652 2737 24.

512 2861 575 2895 lul.
595 2862 651 2896 25.

511 2915 576 2949 Iul.
596 2916 651 2950 31.

512 3022 604 3066 Aug.
625 3022 656 3057 7.

494 3128 586 3171 Aug.
612 3128 662 3163 10.

799 296 1025 329 Cctrdinalem
1067 297 1286 328 ,iladrntium
1327 307 1392 339 per
1426 296 1563 329 litteras·
1598 299 1721 338 νοραΐ,
1763 299 1801 328 ut
1835 295 1968 328 Romae

855 350 942 381 rita-s·
968 350 1182 383 Sanctorum
1218 355 1247 382 et
1273 353 1352 381 ncta
1388 350 1618 382 conciliorum
1647 349 1840 391 colliyenda
1871 352 1967 381 curet

857 401 970 445 (292).

794 454 974 488 Cardinali
1001 455 1180 489 Madrutio
1208 454 1389 489 Goffinum
1416 456 1581 489 iuvenem
1610 454 1757 488 Romam
1786 455 1967 499 petentem

852 508 994 553 (postea
1019 509 1231 553 martyrium
1260 511 1420 553 passum)
1449 508 1674 542 commendat
1701 507 1816 551 (293).

794 562 892 596 Dom.
913 573 945 606 p.
967 563 1047 595 Asc.
1068 562 1100 595 in
1129 561 1281 595 ecclesia
1307 561 1503 606 parochiali
1530 562 1572 595 de
1599 560 1968 595 excommunicatione

852 615 1080 649 contionatur
1107 614 1221 658 (724).

773 660 928 712 'Vigilia
955 668 1188 702 pentecostes
1221 668 1351 702 ibidem
1379 668 1421 702 de
1448 667 1626 712 baptismo
1652 667 1791 702 Turcae
1826 667 1968 702 cuidam

852 721 1065 756 conserendo
1093 721 1178 755 dicit
1205 724 1240 754 et
1267 721 1416 755 eundem
1446 721 1604 766 baptizat
1626 721 1679 764 (2³)
1709 721 1825 764 (724).

793 775 892 809 Dom.
924 775 1153 808 pentecostes
1188 775 1318 809 ibidem
1354 775 1397 808 de
1432 774 1499 809 hoc
1534 775 1590 808 die
1625 777 1723 809 recte
1755 774 1968 808 celebrando

841 828 919 872 agit
947 828 1061 870 (724).

792 883 829 917 F.
857 882 901 917 11.
930 882 1030 916 Pent.
1059 881 1187 915 ibidem
1215 892 1260 915 ex
1288 893 1417 924 evang.
1445 882 1514 916 diei
1541 881 1583 916 de
1617 893 1736 916 amore
1763 881 1829 916 Dei
1864 884 1900 916 et
1926 882 1969 916 de

853 936 1009 980 peccatis
1036 935 1070 968 in
1098 934 1268 979 Spiritum
1293 934 1463 969 Sanctum
1491 935 1577 969 dicit
1607 935 1721 977 (724).

773 990 830 1038 ¹F.
850 990 909 1023 111.
931 989 1031 1023 Pent.
1059 988 1188 1022 ibidem
1221 989 1283 1031 „de
1309 991 1408 1023 statu
1435 988 1609 1023 ecclesiae
1635 989 1859 1034 primitivae⁴‘
1889 1000 1968 1023 con-

773 1039 774 1077 l
851 1043 1010 1076 tionatur
1039 1042 1154 1086 (724).

793 1095 892 1129 Dom.
913 1095 973 1129 SS.
993 1095 1181 1129 Trinitatis
1207 1095 1336 1130 ibidem
1357 1096 1399 1129 de
1418 1095 1547 1130 officiis
1571 1107 1657 1140 erga
1675 1095 1735 1131 SS.
1755 1095 1968 1130 Trinitatem

852 1151 887 1182 et
913 1149 955 1182 de
982 1149 1159 1193 baptismo
1186 1149 1417 1193 parvulorum
1447 1149 1525 1193 agit.
1552 1148 1666 1192 (724).

772 1223 773 1227 =
792 1204 1044 1246 Heidelberyae
1067 1214 1088 1235 α
1106 1204 1270 1246 Rodinyo
1297 1204 1499 1237 cantiniano
1519 1201 1690 1247 „Oratz'o“
1718 1204 1757 1237 in
1785 1204 1970 1238 Societatis

773 1253 774 1256 ¹
851 1257 1017 1295 homines,
1039 1258 1215 1300 imprimi-s·
1232 1258 1280 1300 G„
1296 1258 1644 1291 contameliosisse‘ma
1663 1257 1813 1290 habetur
1830 1262 1859 1290 et
1877 1259 1970 1301 typis

772 1351 773 1356 ¹
853 1313 1018 1354 vulyatitr
1047 1311 1161 1349 (744).

792 1367 835 1399 Ιη
873 1365 1007 1408 synodo
1044 1365 1208 1398 dioecesis
1247 1366 1456 1398 rarmiensz's
1493 1365 1529 1398 C.
1567 1365 1794 1398 catechismus
1830 1365 1970 1398 iubetur

849 1419 1001 1460 sinyeilis
1027 1419 1134 1451 (minis
1154 1418 1290 1461 populo
1316 1419 1493 1461 explicari
1523 1418 1635 1461 (748).

790 1470 855 1505 Die
891 1471 1058 1516 Corporis
1094 1470 1227 1505 Christi
1263 1471 1301 1505 C.
1328 1471 1362 1504 in
1390 1471 1523 1516 templo
1559 1470 1754 1516 parochiali
1789 1470 1968 1505 sollemni-

850 1527 961 1559 tatem
981 1524 1073 1558 hanc
1092 1524 1252 1558 defendit
1271 1527 1315 1565 et,
1335 1525 1509 1569 quomodo
1529 1537 1607 1559 cum
1627 1525 1748 1559 fructu
1766 1525 1825 1568 agi
1842 1525 1968 1570 possit,

850 1578 1007 1612 ostendit
1034 1577 1121 1621 (724
1149 1578 1246 1615 742).

772 1647 773 1665 l
791 1631 892 1666 Dom.
914 1632 955 1666 11.
976 1644 1008 1676 p.
1029 1631 1130 1665 Pent.
1150 1631 1281 1666 ibidem
1305 1632 1347 1666 de
1374 1631 1532 1676 peccatis
1559 1634 1683 1666 contra
1710 1631 1968 1666 eucharistiam

850 1685 936 1719 dicit
964 1686 1078 1728 (724).

790 1738 891 1773 Dom.
918 1739 980 1773 111.
1009 1751 1039 1783 p.
1069 1738 1171 1772 Pent.
1199 1738 1329 1772 ibidem
1358 1750 1486 1782 evang.
1515 1739 1584 1773 diei
1611 1738 1770 1784 explicat
1798 1738 1913 1782 (724).

791 1792 891 1827 Dom.
920 1792 979 1827 1V.
1007 1804 1040 1837 p.
1070 1792 1170 1826 Pent.
1198 1792 1328 1826 ibidem
1356 1804 1401 1826 ex
1427 1803 1556 1836 evang.
1584 1793 1654 1826 diei
1690 1795 1898 1837 peccatores
1924 1792 1969 1826 ad

851 1846 1108 1892 paenitentiam
1135 1846 1271 1880 excitat
1300 1846 1414 1890 (724).

791 1900 856 1934 Ι)16
882 1900 1097 1934 Nativitatis
1124 1899 1158 1934 S.
1182 1900 1326 1934 Ioannis
1353 1900 1457 1945 Bapt.
1493 1899 1624 1934 ibidem
1660 1899 1886 1934 contionatur
1914 1901 1965 1944 (5³)

791 2007 891 2044 Dom.
914 2007 954 2041 V.
978 2019 1010 2052 p.
1034 2007 1133 2042 Pent.
1160 2007 1290 2040 ibidem
1319 2018 1363 2041 ex
1391 2018 1520 2051 evang.
1540 2006 1610 2041 diei
1636 2006 1813 2042 adversus
1838 2006 1969 2041 iudicia

851 2060 1042 2095 temeraria
1070 2060 1227 2105 loquitur
1254 2059 1368 2104 (724).

791 2114 856 2148 Die
883 2114 943 2150 SS.
965 2114 1062 2148 Petri
1086 2118 1122 2148 et
1140 2113 1244 2148 Pauli
1271 2114 1401 2148 ibidem
1429 2125 1558 2157 evang.
1578 2113 1647 2148 diei
1675 2113 1834 2158 explicat
1853 2113 1968 2157 (725).

792 2167 856 2202 Die
884 2168 1110 2202 Visitationis
1139 2168 1175 2201 Β.
1195 2168 1245 2201 M.
1264 2167 1306 2201 V.
1326 2167 1455 2202 ibidem
1484 2168 1711 2202 contionatur
1731 2168 1783 2208 (‘.>›
1813 2167 1928 2211 (728).

790 2221 893 2256 Dom.
921 2222 982 2257 Vl.
1010 2233 1042 2266 p.
1072 2221 1174 2256 Pent.
1210 2221 1342 2255 ibidem
1379 2233 1423 2255 ex
1460 2232 1588 2264 evang.
1625 2221 1695 2256 diei
1732 2221 1775 2255 de
1813 2222 1970 2266 primatu

851 2275 1028 2320 pontificis
1059 2275 1195 2309 romani
1231 2275 1318 2309 dicit
1352 2278 1389 2309 et
1419 2274 1595 2317 ⁷,laborem
1622 2274 1847 2309 manualem⁸
1877 2286 1969 2309 com-

849 2329 995 2363 mendat
1024 2329 1107 2372 (725
1138 2328 1236 2369 742).

790 2382 891 2418 Dom.
912 2382 991 2416 VH.
1010 2394 1042 2427 p.
1065 2382 1164 2416 Pent.
1184 2381 1314 2416 ibidem
1342 2393 1386 2416 ex
1411 2393 1541 2425 evang.
1561 2381 1630 2415 diei
1650 2381 1692 2415 de
1720 2381 1860 2416 iustitia
1877 2380 1969 2415 chri-

849 2435 969 2470 stiana
994 2439 1030 2470 et
1057 2435 1100 2469 de
1126 2438 1274 2480 peccato
1301 2435 1375 2469 irae
1401 2435 1561 2480 loquitur
1590 2434 1705 2479 (725).

790 2489 889 2523 Dom.
910 2489 1006 2524 V111.
1034 2501 1066 2534 p.
1090 2489 1189 2523 Pent.
1216 2488 1347 2522 ibidem
1374 2500 1419 2522 ex
1447 2500 1576 2532 evang.
1603 2488 1672 2522 diei
1699 2499 1807 2533 opera
1833 2487 1969 2522 miseri-

851 2543 992 2577 cordiae
1019 2543 1245 2577 commendat
1274 2542 1388 2586 (725).

789 2596 855 2630 Die
882 2597 916 2631 S.
937 2597 983 2630 M.
1004 2596 1240 2640 Magdalenae
1267 2607 1395 2640 evang.
1423 2595 1491 2630 diei
1519 2595 1779 2640 interpretatur
1806 2597 1842 2629 et
1864 2594 1969 2629 mori·

849 2650 915 2684 bus
943 2650 1174 2684 emendandis
1200 2649 1447 2684 accommodat
1476 2648 1589 2693 (725).

790 2703 890 2737 Dom.
919 2703 978 2738 IX.
1007 2716 1038 2748 p.
1068 2703 1170 2738 Pent.
1196 2703 1326 2737 ibidem
1355 2715 1400 2737 ex
1427 2714 1557 2747 evang.
1584 2702 1654 2736 diei
1687 2701 1813 2737 fideles
1838 2703 1969 2743 monet,

848 2768 891 2790 ne
922 2757 1055 2799 „falsos
1081 2757 1294 2802 prophetas“
1325 2757 1473 2791 audiant
1508 2767 1599 2790 neve
1634 2767 1756 2790 eorum
1783 2755 1894 2790 libros
1920 2756 1969 2790 le-

851 2814 938 2854 gant
967 2811 1081 2854 (725).

790 2862 853 2896 Die
881 2864 914 2898 S.
936 2864 1052 2899 Iacobi
1079 2864 1224 2898 maioris
1251 2864 1381 2899 ibidem
1409 2874 1540 2907 evang.
1566 2863 1635 2897 diei
1663 2862 1825 2908 explicat
1851 2861 1967 2906 (725).

789 2916 888 2951 Dom.
919 2917 959 2952 X.
987 2929 1019 2962 p.
1051 2917 1150 2951 Pent.
1178 2918 1306 2952 ibidem
1335 2929 1379 2951 ex
1407 2928 1536 2960 evang.
1564 2916 1632 2950 diei
1660 2917 1782 2958 instat,
1817 2918 1857 2950 ut,
1882 2927 1970 2961 pau·

850 2982 953 3015 peres
981 2970 1107 3005 melius
1135 2975 1305 3005 curentur
1334 2970 1447 3014 (725).

790 3024 889 3058 Dom.
910 3024 969 3058 XI.
990 3036 1022 3068 p.
1043 3024 1145 3058 Pent.
1166 3024 1297 3058 ibidem
1316 3035 1361 3057 ex
1380 3034 1510 3066 evang.
1529 3023 1598 3057 diei
1617 3022 1660 3057 de
1683 3022 1838 3065 „Christi
1856 3021 1964 3056 fletu*

850 3079 884 3111 et
911 3077 953 3111 de
977 3077 1170 3119 „abusibus
1197 3077 1463 3111 communibus“
1495 3076 1707 3121 templorum
1736 3075 1822 3110 dicit
1852 3075 1968 3118 (726).

790 3129 855 3163 Die
882 3130 916 3164 S.
939 3130 1120 3164 Laurentii
1148 3130 1279 3165 ibidem
1314 3130 1419 3165 huius
1445 3129 1699 3164 sollemnitatis
1726 3129 1881 3163 fructum
1910 3128 1967 3162 de-

838 3183 952 3217 clarat
981 3183 1095 3227 (726).
