2062 3443
119 281 209 317 1573

121 500 206 534 1571

470 164 558 199 1573
586 165 730 198 ineunte
756 163 847 206 Aug.
879 164 976 204 (ante
1003 162 1052 203 6.)
1078 181 1110 185 —
1138 163 1229 195 1574
1256 162 1361 195 Mart.
1383 161 1438 195 21.
1767 173 1837 195 xrv

375 281 459 316 Dec.
480 281 534 316 30.

87 554 129 588 ad
152 552 241 586 1576
259 553 261 586 ἑ

120 613 211 647 1574

121 725 211 760 1574
260 776 261 791 ¹

121 892 212 926 1574

122 1058 213 1092 1574

122 1223 214 1258 1574

123 1390 215 1425 1574

126 1557 216 1591 1574

115 1785 224 1826 1574

129 1992 220 2026 1574
268 1981 269 1985 ’

268 2046 269 2069 l

129 2105 220 2140 1574

129 2219 221 2254 1574

129 2332 220 2366 1574
270 2335 271 2377 j

131 2606 222 2641 1574

132 2665 222 2700 1574

131 2726 222 2762 1574

132 2788 223 2822 1574

133 2902 224 2937 1574
274 2940 275 2945 ,

136 3116 226 3152 1574

262 1162 263 1180 l

262 1202 264 1261 l
308 1227 416 1262 Initio
440 1227 605 1262 Ianuarii.

263 1364 266 1384 ι
381 1395 477 1428 Inter
503 1394 535 1429 2.

367 1450 403 1482 et
429 1449 460 1483 6.
481 1447 554 1482 Ian.

384 1561 458 1596 Ian.
481 1561 534 1596 18.

367 1790 491 1832 Febr.
518 1791 556 1834 7.

371 1998 473 2033 Febr.
496 1999 549 2033 14.

298 2111 402 2147 Circa
420 2112 512 2146 med.
533 2111 632 2146 Febr.

270 2226 271 2287 l
372 2225 474 2260 Febr.
494 2225 550 2260 21.

372 2338 473 2373 Febr.
495 2338 549 2372 24.

373 2611 476 2647 Febr.
495 2611 551 2646 28.

388 2670 494 2705 Mart.
515 2671 545 2705 7.

375 2730 482 2765 Mart.
504 2731 556 2765 14.

272 2787 273 2790 ’
306 2790 435 2824 Martio
457 2789 554 2835 (post
574 2789 623 2833 5.)

379 2843 438 2878 vel
464 2844 549 2889 Apr.

377 2904 474 2937 Inter
504 2904 556 2939 10.

340 2960 376 2991 et
404 2957 459 2992 17.
479 2956 598 2990 Martii

275 3103 276 3181 i
375 3117 481 3151 itari
502 3117 558 3151 21.

664 280 731 314 Per
762 279 916 313 Por-tiam
953 278 1112 323 pontifici
1141 278 1372 313 vehementer
1398 280 1634 320 commendat,
1671 283 1710 314 ut
1736 280 1837 313 semi-

722 333 858 367 narium
900 332 1120 377 pontificium
1159 332 1324 366 instituat
1361 332 1545 376 Dilingae,
1582 336 1617 366 et
1654 338 1692 366 ut
1728 332 1839 367 Sociis

724 389 909 430 Augustae
946 386 1060 420 locum
1097 385 1248 428 collegio
1289 386 1504 420 instituendo
1535 389 1657 431 aptum
1685 386 1838 420 tribuen-

722 440 803 474 dum
832 444 930 474 curet
965 440 1049 480 (156
1076 440 1173 481 685).

663 500 702 533 In
738 499 840 533 domo
879 499 1014 532 rustica
1051 498 1119 532 vici
1156 497 1242 533 Arzl
1279 498 1536 532 catechismum
1575 509 1838 542 nonnumquam

723 552 882 597 explicat
909 552 1024 595 (603).

666 613 832 654 Dilinyae
866 613 985 655 prodit
1021 624 1109 645 nora
1147 613 1253 644 editio
1290 613 1462 655 „Hm-tuli
1498 610 1727 645 animarnm“
1766 623 1839 654 9117·-

725 667 858 698 munivi
885 668 924 706 (a
956 667 991 699 C.
1020 668 1166 699 a.1563
1192 667 1329 705 σιω-(ιη’)
1361 665 1474 707 (700).

667 726 932 769 „Institutiones
967 730 995 758 et
1023 726 1309 758 E.1·er‹·itamenta
1350 725 1577 758 Christianae
1604 723 1769 757 Pietatis“
1800 725 1842 756 ab

725 783 869 811 auctore
904 781 1081 820 recofflzita
1110 779 1326 821 Autem-piae
1353 790 1372 811 (ι
1403 779 1570 812 Plautino
1606 779 1732 811 iterum
1773 778 1842 809 1·er-

720 836 856 875 gflmtm·
884 832 995 874 (699).

668 892 836 936 „Summa
864 892 1047 924 doctrinae
1073 889 1312 924 ‹·hre'stia›1ae“
1336 892 1445 924 latine
1473 894 1598 925 iterum
1619 892 1738 924 editur
1757 892 1841 924 Am-

685 955 688 959 ·
726 947 878 988 rei-piae,
906 945 1043 987 Leoclz'i,
1072 945 1262 987 Naum-fae,
1290 945 1451 987 Veneriis,
1483 950 1511 978 et
1538 945 1721 987 hispanice
1744 944 1843 987 prelo

719 1003 883 1041 paratur
913 999 1090 1041 Compluti
1119 998 1230 1041 (698).

670 1059 810 1092 Canis-ii
831 1059 1034 1102 „Epistolae
1061 1063 1089 1091 et
1108 1057 1339 1102 Evanffeliass,
1366 1070 1386 1089 a
1416 1058 1647 1101 Schwassqero
1675 1059 1844 1091 canonico

725 1112 1013 1155 francofurtensi
1048 1112 1251 1155 yermaniee
1290 1113 1449 1154 reddita,
1497 1112 1663 1145 Coloniae
1701 1112 1843 1155 missam·

714 1171 775 1198 tm·
802 1164 922 1208 (701).

668 1224 881 1258 Ferdinandi
910 1224 951 1258 ΙΙ.
979 1223 1182 1258 archiducis
1218 1224 1409 1258 consiliarii
1439 1225 1581 1258 Oanisio
1608 1235 1645 1258 se
1674 1223 1845 1269 praebent

727 1278 771 1312 ad
799 1278 984 1312 dissidium
1013 1278 1104 1311 inter
1124 1277 1385 1311 Ferdiuandum
1410 1281 1446 1311 et
1464 1277 1680 1311 cardinalem
1700 1277 1845 1311 Triden-

728 1333 842 1366 tinum
870 1332 1151 1376 componendum
1180 1332 1418 1376 promptiores
1447 1332 1562 1375 (703).

650 1392 708 1427 ,0.
736 1392 779 1426 de
807 1391 957 1435 collegio
992 1391 1174 1436 pontificio
1202 1392 1434 1426 constantiae
1470 1391 1651 1425 condendo
1678 1403 1698 1424 a
1725 1390 1846 1425 Portia

728 1446 852 1479 nuntio
879 1445 1010 1479 certior
1036 1445 1154 1480 factus
1184 1445 1362 1490 promittit
1387 1456 1426 1479 se
1453 1445 1631 1490 pontificis
1658 1444 1845 1479 consilium

728 1500 931 1534 adiuturum
962 1499 1076 1541 (157).

670 1559 894 1594 Ferdinaudo
930 1558 973 1593 II.
1011 1562 1155 1593 auctore
1199 1558 1237 1593 C.
1272 1562 1308 1593 et
1352 1558 1566 1593 Klocklerus
1609 1557 1847 1592 cancellarius

730 1610 939 1653 Sefeldiam,
976 1613 1154 1656 religiosis
1191 1612 1538 1657 peregrinationibus
1572 1611 1761 1652 celebrem,
1798 1611 1847 1644 in·

730 1666 886 1711 spiciunt
913 1670 948 1699 et
976 1667 1126 1711 principi
1152 1666 1267 1700 multa
1298 1670 1500 1711 proponunt
1527 1666 1569 1699 de
1597 1665 1696 1699 cultu
1723 1676 1846 1699 sacrae

731 1720 828 1754 illius
856 1721 1004 1762 hostiae,
1030 1721 1214 1755 miraculis
1241 1720 1371 1760 clarae,
1399 1719 1649 1764 amplificando
1677 1719 1790 1763 (160).

671 1789 794 1830 Dom.
821 1789 1027 1842 Septuag.
1053 1787 1096 1831 C.
1131 1786 1368 1842 Oeniponte
1393 1786 1436 1828 in
1460 1785 1645 1828 ecclesia
1676 1785 1846 1838 collegii

731 1854 962 1896 Societatis
1004 1856 1103 1907 post
1145 1851 1366 1894 meridiem
1408 1851 1563 1893 librum
1599 1851 1674 1893 Iob
1713 1850 1848 1893 inter-

733 1919 894 1974 pretari
927 1918 1078 1972 incipit
1111 1919 1248 1970 (706).

673 1993 773 2028 Dom.
795 1993 924 2038 Sexag.
953 1994 1082 2028 ibidem
1111 2006 1155 2028 ex
1182 1993 1243 2028 lob
1265 1994 1292 2035 1,
1321 1995 1332 2027 l
1363 1995 1535 2037 quattuor
1562 1992 1629 2026 viri
1656 1991 1762 2026 huius
1781 1992 1848 2025 vir-

732 2050 830 2083 tutes
857 2047 1019 2082 declarat
1048 2048 1162 2090 (707).

673 2108 762 2142 Tres
789 2108 938 2142 iuvenes
963 2108 1161 2142 rotvilanos
1181 2106 1417 2147 commendat,
1444 2111 1482 2140 ut
1502 2106 1537 2140 in
1557 2105 1749 2149 collegium
1773 2116 1849 2148 ger-

732 2162 912 2196 manicum
940 2162 1177 2196 admittantur
1205 2160 1290 2203 (178
1319 2159 1413 2203 184).

675 2221 776 2257 Dom.
804 2221 1007 2265 Quinquag.
1034 2220 1070 2254 in
1096 2220 1231 2265 templo
1258 2219 1401 2262 collegii
1427 2218 1488 2252 Iob
1519 2219 1547 2257 1,
1575 2218 1667 2252 2—5
1695 2217 1852 2262 explicat

736 2276 794 2319 (de
820 2275 1109 2309 Bacchanalibus
1135 2276 1232 2308 recte
1260 2273 1411 2317 agendis
1437 2272 1521 2316 etc.)
1553 2272 1668 2315 (707).

673 2336 739 2370 Die
766 2336 933 2371 cinerum
962 2334 999 2369 C.
1027 2338 1063 2369 et
1089 2333 1295 2378 Christoph.
1315 2331 1486 2366 Klockler
1513 2331 1752 2366 cancellarius
1770 2331 1851 2365 tiro-

733 2389 844 2424 lensis
879 2388 1103 2423 Ferdinando
1134 2388 1177 2423 ΙΙ.
1215 2387 1398 2421 archiduci
1433 2385 1586 2430 plurima
1622 2385 1783 2419 referunt
1819 2388 1853 2418 et

734 2442 986 2478 commendant
1028 2442 1071 2476 ad
1114 2452 1237 2475 sacras
1282 2440 1589 2484 peregrinationes
1635 2438 1853 2472 sefeldianas

733 2496 946 2542 spectantia.
998 2495 1035 2529 C.
1064 2496 1097 2529 iu
1134 2493 1268 2539 templo
1305 2493 1446 2537 collegii
1482 2493 1524 2526 de
1561 2504 1665 2527 sacra
1695 2491 1853 2534 Quadra-

733 2551 871 2594 gesima
898 2554 934 2584 et
960 2550 1003 2583 de
1030 2549 1089 2583 Iob
1122 2550 1147 2589 l,
1175 2549 1196 2583 6
1224 2547 1333 2581 verba
1360 2547 1448 2581 facit
1475 2546 1560 2590 (185
1589 2546 1686 2589 707).

678 2611 775 2645 Dom.
804 2610 829 2644 l.
857 2609 988 2651 Quadr.
1015 2608 1145 2642 ibidem
1174 2608 1234 2641 Iob
1264 2608 1294 2648 1,
1321 2607 1341 2641 6
1368 2606 1628 2650 interpretatur
1656 2605 1770 2649 (707).

676 2671 773 2705 Dom.
794 2669 838 2703 ΙΙ.
859 2667 990 2710 Quadr.
1019 2667 1148 2702 ibidem
1176 2667 1236 2701 Iob
1259 2668 1287 2708 1,
1316 2666 1431 2700 7—12
1458 2666 1718 2710 interpretatur
1739 2665 1851 2708 (707).

676 2730 776 2764 Dom.
804 2728 865 2762 lll.
893 2728 1024 2769 Quadr.
1052 2727 1183 2762 ibidem
1210 2726 1271 2761 Iob
1301 2727 1329 2767 1,
1360 2725 1403 2760 12
1429 2725 1591 2771 explicat
1618 2724 1734 2768 (707).

676 2790 715 2824 Ιῑ]
739 2800 868 2834 pompa
887 2788 1028 2822 funebri
1048 2786 1206 2821 Helenae
1225 2786 1372 2830 reginae
1389 2797 1590 2820 sermonem
1610 2784 1719 2818 habet
1739 2784 1852 2826 (710).

677 2902 799 2937 Fortia
825 2901 949 2936 nuntio
976 2899 1173 2946 apostolico
1199 2902 1344 2934 auctore
1372 2899 1410 2934 C.
1436 2897 1651 2933 Ferdinandi
1672 2897 1702 2931 II
1739 2896 1854 2930 arehi-

736 2956 837 2990 ducis
863 2954 1116 2989 cancellarium
1145 2953 1238 2995 adit;
1276 2953 1320 2988 ad
1348 2963 1473 2997 pacem
1499 2952 1593 2986 inter
1626 2950 1853 2985 archiducem

736 3012 772 3044 et
798 3008 1017 3043 cardinalem
1044 3007 1293 3041 Tridentinum
1320 3005 1600 3051 componendam
1628 3016 1708 3039 eum
1737 3004 1854 3037 horta-

680 3062 1012 3157 Dortrilrllljogiiadr.
1040 3114 1073 3148 in
1101 3113 1234 3159 templo
1261 3112 1404 3157 collegii
1431 3113 1492 3147 Iob
1521 3113 1551 3153 1,
1582 3111 1719 3146 12—-19
1747 3111 1854 3144 inter-

737 3172 900 3214 pretatur
927 3167 1043 3212 (707).
