2051 3433
219 149 302 191 258

304 263 543 297 Ribadeneira
572 263 685 296 1572:

268 665 319 707 [L.
339 664 370 704 2,
391 674 418 697 c.
440 662 494 703 11,
514 662 538 696 f.
554 661 598 696 60
610 660 632 705 :]
652 660 773 695 Sacer-

219 718 315 752 dotio
342 717 454 761 igitur
480 716 549 749 iam
586 715 776 749 decoratus

223 777 294 816 etc„
312 775 351 805 ut
368 781 481 813 supra
494 782 532 813 p.
551 771 632 802 255,

267 917 318 962 [L.
338 917 370 957 2,
404 929 432 951 c.
454 917 507 958 11,
542 915 568 950 f.
587 915 629 950 61
645 915 666 957 ε]
698 914 732 957 [1.
749 925 778 948 c.

219 972 243 1005 f.
263 971 344 1006 60¹³:
372 970 514 1004 Accidit
540 970 670 1009 autem,
698 979 779 1002 cum

218 1024 263 1059 ad
282 1024 405 1059 urbem
423 1023 589 1066 (Romam
605 1022 779 1065 Ignatius,

219 1078 343 1119 Faber,
396 1076 541 1119 Laines)
594 1075 780 1120 appropin-

221 1134 385 1176 quarent,
421 1133 461 1165 ut
498 1129 707 1174 (ignatius),
745 1128 782 1162 in

219 1184 392 1230 templum
409 1184 601 1224 desertum,
617 1184 653 1217 et
666 1181 780 1216 solum

220 1239 407 1282 ingressus
433 1238 551 1272 oraret
577 1235 781 1270 ardentius:

221 1293 269 1327 ibi
311 1293 489 1326 mutatum
532 1301 680 1335 prorsus
722 1301 782 1323 cor

222 1347 298 1381 eius
337 1348 402 1387 est,
445 1344 610 1389 oculique
648 1343 781 1377 mentis

222 1400 422 1435 clarissima
453 1398 534 1432 luce
567 1396 780 1437 collustrati,

221 1455 271 1488 ita
283 1455 377 1495 sunt,
392 1454 432 1486 ut
442 1451 631 1497 perspicue
642 1450 782 1484 uideret

222 1505 411 1552 quomodo]
445 1505 542 1540 Deus
577 1506 680 1550 pater
706 1503 781 1538 Deo

221 1561 294 1596 filio
313 1572 454 1596 crucem
475 1558 650 1603 gestanti:
678 1558 780 1601 Igna-

222 1615 322 1655 tium,
349 1614 536 1658 sociosque
554 1613 782 1657 peramanter

223 1667 515 1708 commendabat,
556 1666 591 1700 in
634 1665 782 1709 eiusque

223 1722 409 1757 dexteram
441 1720 624 1760 inuictam,
662 1721 698 1753 et
723 1730 782 1763 pa-

223 1775 412 1810 trocinium
452 1774 627 1808 tradebat.
687 1772 783 1813 Quos

224 1841 303 1864 cum
342 1828 623 1872 benignissimus
649 1825 782 1860 IESVS

223 1884 259 1917 in
301 1895 339 1917 se
383 1881 597 1927 recepisset;
643 1879 783 1920 blando,

223 1936 437 1982 placidoque
475 1934 587 1976 uultu,
629 1936 670 1968 ut
707 1935 786 1967 erat

226 2002 307 2025 cum
347 1989 479 2030 Cruce,
519 1989 564 2022 ad
602 1987 783 2031 Ignatium

225 2054 432 2083 conuersus,
447 2043 533 2085 Ego,
546 2040 672 2085 inquit,
683 2040 785 2075 uobis

225 2097 359 2131 Romae
394 2095 569 2141 propitius
600 2106 678 2128 ero:
715 2105 785 2137 qua

226 2151 369 2195 quidem
401 2148 614 2189 admirabili,
650 2147 786 2181 diuina-

226 2216 293 2248 que
320 2203 469 2242 uisione,
495 2203 624 2236 mirum
652 2201 687 2234 in
714 2212 785 2235 mo-

226 2258 309 2292 dum
335 2260 520 2292 recreatus
546 2254 719 2299 ignatius,
751 2256 788 2288 et

226 2311 459 2346 confirmatus
489 2312 564 2343 est:
600 2308 787 2351 Fabroque

227 2367 309 2410 post
344 2363 552 2404 orationem,
595 2365 631 2396 et
673 2361 785 2403 Laini,

227 2419 311 2463 quid
347 2417 462 2457 nobis,
498 2415 625 2460 inquit,
653 2414 787 2449 Romae

228 2474 388 2506 futurum
415 2471 472 2512 sit,
509 2469 616 2514 plane
642 2469 785 2512 ignoro;

228 2526 263 2559 in
283 2525 431 2560 Crucem
454 2535 498 2557 ne
515 2522 614 2557 Deus
639 2533 714 2564 nos,
742 2533 787 2556 an

228 2580 262 2613 in
274 2581 388 2612 rotam
401 2576 556 2621 agiuelit
566 2589 572 2617 ;
584 2575 651 2610 hoc
666 2580 787 2609 tamen

229 2632 315 2666 mihi
343 2632 563 2676 compertum
586 2631 651 2670 est,
679 2631 787 2672 atque

229 2685 455 2730 exploratum
491 2683 694 2728 quicunque
724 2693 788 2716 nos

229 2739 348 2773 exitus
371 2741 525 2778 maneat,
553 2737 668 2770 lesum
689 2735 787 2769 Chri-
812 2742 813 2753 ¹

229 2794 324 2827 stum
352 2791 453 2825 nobis
480 2790 556 2824 fore
582 2788 787 2834 propitium,

230 2856 376 2889 remque
401 2846 524 2884 totam,
551 2854 658 2887 quarn
692 2841 788 2876 uide-

230 2900 296 2940 rat,
332 2897 441 2941 socijs
471 2896 653 2940 patefecit,
688 2898 729 2929 ut
754 2897 791 2929 et

231 2952 386 2986 animum
426 2949 514 2991 illis,
553 2952 587 2983 et
626 2948 791 2982 stimulos

231 3005 388 3039 adderet.
432 3002 509 3044 Qus
527 3003 633 3037 etiam
653 3002 788 3036 factum

349 3094 377 3123 a)
398 3094 479 3117 Criu·
500 3091 528 3115 ιή
550 3090 690 3121 ›nco-yine.

233 3135 364 3166 maraine
391 3136 506 3158 notatus
525 3135 565 3157 est
586 3139 676 3156 cruce.

233 3176 364 3207 ›nstryi'ne
384 3175 487 3200 addita
507 3177 582 3199 sunt.

1007 261 1081 294 Can
1088 261 1175 293 {slus
1185 272 1196 293 .·

877 665 1001 714 Paga
1031 666 1092 702 60.
1124 664 1213 702 addi
1243 667 1379 714 posset

825 725 1009 770 fortasse,
1050 724 1115 762 ubi
1152 728 1191 762 et
1224 724 1377 773 quando

825 784 989 833 primum
1037 783 1185 822 Missae
1234 783 1378 821 sacrifi-

827 844 927 881 cium
957 842 1153 892 peregerit
1181 842 1380 891 Jgnatius.

881 915 975 963 Pag.
1003 915 1065 953 61.
1122 915 1205 963 Ego
1243 913 1380 962 inquit,

828 975 939 1012 uobis
987 975 1134 1012 Romae
1190 973 1382 1023 propitius
1411 989 1412 997 ¹

1412 1034 1413 1056 ᾗ
1438 1021 1582 1060 rantur,
1601 1017 1728 1060 quibus
1746 1028 1777 1050 α.
1800 1019 1892 1050 1572
1908 1028 1993 1050 mtr-

830 1048 907 1073 ero.
946 1034 1022 1072 Hic
1043 1034 1150 1072 reddi
1171 1036 1265 1083 puto
1287 1033 1381 1070 illud
1412 1068 1413 1079 ,

831 1094 975 1131 dictum
1004 1094 1054 1131 Jo
1085 1095 1174 1131 saro
1206 1105 1278 1131 con
1308 1092 1382 1130 uoi.

830 1153 881 1191 Jd
923 1153 1024 1203 quod
1062 1153 1183 1190 multo
1223 1152 1311 1202 plus
1344 1151 1384 1188 in

831 1226 872 1251 se
907 1213 1082 1250 continet
1121 1219 1163 1250 ut
1201 1211 1383 1257 arbitror,
1414 1221 1415 1226 ¹

830 1285 944 1322 quam
986 1272 1087 1321 quod
1129 1285 1197 1321 per
1243 1284 1385 1308 nomen

828 1332 1019 1382 propitius
1040 1332 1271 1382 explicatur,
1292 1331 1386 1368 licet

829 1393 903 1430 hoc
959 1392 1116 1441 saepius
1170 1394 1383 1440 repetatur.

832 1690 1014 1728 cietatem
1046 1691 1153 1729 Jesv.
1197 1690 1384 1727 Fortasse

831 1764 909 1789 non
930 1754 991 1788 est
1006 1763 1102 1800 opus
1123 1749 1252 1798 faterj,
1283 1749 1385 1786 hanc

831 1811 919 1848 uelb
965 1810 1120 1848 unicam
1168 1810 1231 1847 uel
1278 1821 1385 1858 prae-

832 1870 986 1920 cipuam
1023 1868 1185 1918 Jgnatio
1227 1881 1386 1906 causam
1416 1876 1417 1881 ¹

833 1930 957 1968 fuisse
985 1929 1101 1967 huius
1133 1927 1387 1978 nuncupatio—

833 1990 928 2028 nise.
967 1990 1225 2038 Percuperem
1247 1988 1293 2025 de
1312 1987 1387 2025 hoc

833 2049 991 2088 nomine
1038 2049 1151 2098 plura
1199 2047 1296 2096 dicj,
1346 2049 1389 2084 ut

833 2112 989 2147 constet
1027 2107 1190 2153 clarius,
1234 2120 1303 2144 cur
1342 2106 1388 2143 de

835 2168 989 2207 nomine
1028 2166 1232 2206 societatis
1262 2166 1387 2204 JESV

837 2228 1090 2278 appellemur.
1124 2227 1174 2264 Et
1194 2239 1242 2265 ne
1264 2227 1389 2264 solum
1419 2245 1420 2254 κ

835 2301 956 2325 causa
984 2287 1179 2324 referatur
1205 2285 1252 2323 ad
1283 2299 1388 2324 reue·
1419 2299 1420 2303 ¹

835 2347 1020 2385 lationem
1069 2346 1188 2384 semel
1242 2346 1388 2384 factam

834 2407 1009 2455 Jgnatio.
1066 2405 1180 2444 Multi
1211 2418 1306 2443 sane
1329 2418 1389 2443 ro-

835 2470 932 2515 gant
970 2466 1194 2515 frequenter
1232 2465 1277 2502 de
1315 2464 1389 2502 hoc

835 2525 1004 2570 nomine,
1027 2525 1166 2574 quibus
1187 2524 1254 2561 uix
1275 2523 1388 2561 satis-

811 2623 812 2632 ,
835 2585 902 2623 fiet
925 2585 963 2622 in
984 2584 1059 2623 hac
1083 2583 1213 2633 operis
1238 2586 1350 2632 parte
1362 2585 1388 2620 d.

836 2645 934 2690 Quid
957 2644 990 2682 si
1011 2644 1258 2692 adiungatur,
1289 2642 1388 2691 quod

835 2703 1077 2742 Jesuitarum
1120 2715 1283 2747 nomen,
1331 2701 1388 2739 uti

835 2763 1034 2813 plaerique
1080 2765 1241 2812 putant,
1296 2774 1389 2798 nun·

838 2836 952 2872 quam
994 2822 1107 2860 nobis
1149 2819 1390 2870 arrogaueri-

837 2895 935 2927 mus,
966 2881 1131 2930 Louanij
1160 2879 1308 2918 nostris
1336 2878 1391 2916 in-

814 2951 815 2962 *
839 2942 960 2979 ditum
989 2953 1078 2978 esse
1107 2943 1212 2989 puto.

765 3088 794 3120 b)
816 3090 876 3113 Iloc
898 3096 920 3113 v.
942 3088 977 3112 ab
1000 3087 1064 3112 Eld.
1085 3093 1178 3117 supra
1201 3092 1313 3109 versum
1334 3084 1475 3115 scriptum
1497 3084 1548 3107 est.

787 3130 816 3162 d)
840 3132 916 3161 Quae
943 3131 1115 3161 sequuntur,
1142 3134 1229 3158 nsque
1249 3126 1287 3150 ad
1317 3131 1384 3151 esse
1411 3124 1485 3157 puto
1508 3123 1583 3154 incl„
1613 3122 1707 3154 ipsius
1727 3121 1842 3146 Uani'sii'
1862 3127 1950 3145 mcum
1973 3120 2005 3143 in

657 143 758 178 1912.
787 142 953 178 Canisius
979 142 1018 177 P.
1040 142 1148 176 Petro
1175 141 1434 176 Ribadeneirae
1460 140 1494 175 S.
1514 141 1547 175 J.

1524 259 1760 292 Ribadeneira
1787 260 1880 292 1386
1889 271 1900 292 .-

1430 327 1521 370 luce,
1556 331 1592 362 et
1618 328 1721 373 quasi
1748 340 1792 362 ex
1818 327 1988 374 copiosis—

1430 382 1521 416 simo
1536 381 1704 416 caelestis
1718 381 1858 426 gratiae
1879 382 1988 424 fonte,

1431 437 1485 469 tot
1498 435 1634 470 riuulos
1648 436 1872 480 profluxisse.
1892 435 1990 478 Quas

1432 488 1575 532 quidem
1586 488 1846 523 illustrationes
1857 489 1988 534 partim

1431 542 1676 584 narrauimus‚
1719 542 1849 587 partim
1892 542 1990 577 dein—

1432 606 1516 640 ceps
1541 595 1720 629 narraturi
1749 607 1884 630 sumus.

1480 659 1545 705 [L.
1559 663 1592 704 2,
1613 673 1639 695 c,
1658 664 1712 701 11,
1731 662 1759 703 f.
1777 660 1992 704 68¹³—70b:]

1433 715 1538 748 Nihil
1564 715 1727 749 additum
1754 719 1812 749 est.

1483 908 1548 952 [L.
1563 912 1597 952 2,
1616 920 1642 943 c.
1662 912 1716 952 11,
1734 910 1760 951 f.
1779 909 1994 953 692—70bs]

1441 964 1570 996 Omnia
1605 964 1729 996 iisdem
1761 964 1874 997 verbis
1908 975 1993 997 mtr-

1439 1075 1522 1103 ·rata
1547 1074 1642 1114 sunt,
1670 1081 1778 1114 usque
1804 1071 1852 1103 ad
1868 1071 1971 1104 verba
1983 1083 1996 1104 .-

1440 1123 1603 1166 Ignatius
1641 1135 1662 1157 a
1699 1123 1848 1167 reliquis
1886 1122 1995 1168 socijs

1440 1177 1710 1221 impetrauerit,
1753 1179 1793 1210 vt
1833 1176 1902 1211 sibi
1943 1176 1994 1210 in-

1439 1233 1581 1273 tegrum
1609 1232 1716 1271 esset,
1743 1229 1786 1264 ad
1806 1230 1994 1264 arbitrium

1440 1295 1554 1325 suum,
1576 1283 1746 1318 Societati
1765 1283 1858 1328 quod
1873 1283 1996 1325 vellet,

1414 1333 1416 1384 ἶ
1440 1348 1568 1371 nomen
1586 1337 1779 1382 imponere.
1806 1335 1905 1378 Quod
1924 1349 1994 1372 om-

1415 1387 1416 1425 }
1440 1391 1544 1426 nibus
1563 1390 1806 1436 probantibus,
1833 1394 1869 1425 et
1886 1390 1995 1426 liben-

829 1451 978 1490 Deinde
1009 1451 1233 1501 significant
1265 1451 1385 1488 uerba
1414 1486 1416 1497 Σ

830 1511 1046 1560 sequentia,
1078 1511 1178 1560 quod
1199 1510 1385 1559 Jgnaffius
1440 1502 1489 1532 sic
1523 1500 1679 1532 dieitur:
1712 1497 1758 1532 Et
1792 1500 1868 1532 tum
1896 1510 1996 1543 prae-

829 1572 1032 1620 praeclaro
1071 1571 1138 1609 illo
1180 1570 1266 1608 uiso
1305 1570 1415 1607 ani-¹

830 1635 960 1669 matus
981 1630 1172 1681 appellari
1186 1630 1310 1668 uoluit
1326 1643 1384 1668 so·
1414 1659 1416 1670 ,f

1439 1444 1590 1479 tissimis
1616 1444 1712 1479 fecit.
1755 1446 1892 1479 Deinde
1916 1456 1998 1479 tero

1441 1552 1536 1586 claro
1572 1551 1632 1585 illo
1667 1551 1765 1593 viso,
1800 1556 1876 1585 tum
1913 1551 1998 1597 alijs

1441 1606 1572 1640 diuinis
1592 1605 1891 1640 illustrationibus
1908 1605 1996 1640 mul·
2050 1608 2051 1612 ’

1414 1680 1416 1687 ›
1440 1659 1499 1700 tis,
1517 1659 1740 1704 magnisque,
1759 1660 1810 1693 ita
1824 1658 1997 1693 Dominus

1441 1713 1542 1747 Iesus
1569 1713 1645 1747 eius
1671 1713 1706 1746 in
1733 1714 1852 1746 mente
1878 1723 1996 1747 sacra-

1415 1777 1416 1787 *
1441 1766 1618 1800 tissimum
1647 1778 1751 1801 suum
1778 1777 1907 1800 nomen
1934 1766 1997 1800 im—

1442 1820 1582 1865 pressit,
1618 1820 1833 1864 penitusque
1867 1819 1997 1860 infixit,

1441 1877 1483 1907 vt
1508 1873 1585 1907 eius
1604 1885 1648 1907 ex
1666 1873 1808 1907 nomine
1827 1872 1996 1907 Societati

1441 1938 1569 1961 nomen
1584 1926 1800 1971 imponeret:
1814 1929 1887 1960 tam
1900 1926 1999 1961 clara

1443 1992 1485 2015 ac
1519 1980 1621 2014 firma
1647 1980 1727 2014 luce
1754 1979 1999 2021 collustratus,

1443 2037 1479 2068 et
1504 2045 1618 2078 vsque
1646 2045 1685 2067 eo
1720 2045 1784 2078 pro
1811 2035 1907 2068 certo
1938 2033 1998 2068 ha-

1442 2088 1530 2122 bens
1556 2087 1591 2121 id
1614 2086 1728 2121 Deum
1755 2086 1861 2128 velle,
1887 2089 1929 2121 vt
1954 2087 2001 2121 ab

1442 2141 1510 2175 hac
1527 2142 1646 2174 mente
1660 2152 1699 2174 se
1714 2140 1885 2174 dimoueri
1900 2151 1999 2174 num-

1443 2206 1550 2238 quam
1577 2205 1682 2238 posse
1700 2193 1845 2228 diceret.
1885 2192 2000 2235 Quod-

1443 2259 1512 2292 que
1550 2246 1756 2281 volentibus
1794 2246 1914 2292 sociJ'S,
1957 2257 2002 2281 ac

1443 2301 1751 2335 consentientibus
1802 2300 1911 2339 fecit,
1964 2299 1998 2333 id

1444 2354 1729 2399 repugnantibus
1771 2365 1813 2388 ac
1864 2353 2000 2388 dissen-

1443 2407 1616 2442 tientibus
1658 2407 1800 2441 omnino
1842 2406 2002 2444 fecisset.

1443 2463 1587 2506 propter
1613 2460 1724 2494 diuini
1757 2459 1903 2494 luminis
1930 2458 2000 2493 cla-

1443 2515 1599 2549 ritatem.
1636 2514 1764 2558 Itaque
1782 2513 1999 2548 Societatem

1444 2568 1526 2603 Iesu
1568 2566 1741 2612 appellari
1781 2566 1916 2601 voluit:
1960 2570 2003 2600 vt

1445 2621 1505 2665 qui
1524 2621 1594 2655 huc
1613 2621 1730 2654 vocati
1756 2619 1901 2660 fuerint,
1929 2623 1978 2653 etc
1993 2647 2002 2660 ,

1446 2680 1481 2709 ut
1507 2686 1540 2709 α.
1560 2677 1659 2717 1572,
1692 2685 1800 2717 usque
1825 2674 1873 2706 ad
1897 2673 2001 2715 finem

1420 2761 1421 2767 ,
1445 2730 1581 2772 capitis.
1609 2728 1747 2762 Ultimis
1761 2731 1875 2760 aedem
1890 2726 2005 2759 verbis

1446 2783 1609 2825 (semper
1628 2780 1820 2825 propitium
1835 2780 2002 2824 sperent)

1445 2835 1529 2868 haec
1571 2835 1777 2868 adduntur:
1818 2831 2002 2876 Siquidem

1445 2899 1484 2922 se
1527 2898 1632 2921 veros
1674 2885 1867 2921 Sooietatis
1909 2884 2004 2919 filios

1447 2941 1651 2982 exhibeant,
1687 2942 1723 2974 et
1754 2941 1897 2984 patrum
1923 2949 2002 2972 suo·

1447 3005 1526 3029 rum
1564 2994 1776 3028 imitatores.
1826 2991 1924 3034 Quae
1960 2990 2005 3024 de

1621 3081 1648 3112 e)
1672 3080 1728 3105 Hic
1746 3086 1855 3111 quoque
1875 3079 1952 3103 Iocus
1972 3078 2003 3102 in
