2051 3433
220 150 305 190 320
712 146 814 182 1943.
842 146 1049 181 Everardus
1075 146 1327 181 Mercurianus
1354 146 1507 182 Canisio.

341 266 394 306 14
417 264 589 318 Vrgent
611 264 744 308 etiam
767 267 816 308 ut
837 265 1056 319 Monachij
1079 265 1364 320 suscipiamus
1387 266 1671 318 conuictores,
1695 281 1855 321 eosque
1877 281 1996 310 more

218 332 367 372 nostro
390 331 705 384 gubernemus:
740 331 905 373 vellent
937 332 1069 373 etiam
1103 331 1216 373 sicut
1238 331 1440 385 Dilingae
1471 331 1692 386 imponere
1716 346 1862 375 curam
1884 336 1995 376 tem-

220 396 428 450 poralem,
465 409 592 448 quam
626 395 837 437 hactenus
869 410 1094 450 negamus,

342 467 394 508 15
429 467 492 508 Eo
526 466 568 508 in
591 467 686 508 loco
709 467 780 508 ubi
814 470 883 510 est
905 468 1056 510 domus
1080 467 1421 510 Veltmi'illerae¹
1457 468 1647 521 locisque
1669 468 1823 510 vicinis
1844 469 1999 512 volunt

218 531 342 574 nobis
364 532 462 586 plus
484 531 625 573 minus
648 546 726 585 pro
752 534 820 576 70.
844 532 1088 575 hominibus
1112 548 1166 575 ex
1189 532 1484 575 fundamentis
1508 533 1737 587 collegium
1761 536 1805 577 et
1826 534 1998 576 scholas

219 611 314 639 cum
348 597 509 639 sacello
542 597 795 639 aedificare:
830 601 874 640 et
907 599 1042 640 donec
1074 599 1182 640 haec
1214 599 1334 649 fiant,
1368 599 1491 640 nobis
1524 599 1807 642 habitandum
1840 599 1924 642 erit
1954 598 1999 641 in

218 676 330 704 nouo
362 663 436 704 illo
470 662 653 715 collegio
687 663 968 716 amplissimo,
1003 664 1116 717 quod
1149 678 1287 717 nuper
1319 663 1402 706 fuit
1435 664 1711 706 aedificatum
1724 665 1753 708 2.

343 735 393 776 16
418 734 632 775 Fundatio
655 734 995 786 Jngolstadiana
1027 735 1134 777 haec
1166 749 1279 777 noua
1312 734 1510 777 aedificia
1532 736 1727 789 paranda
1759 735 1999 778 continebit

219 813 306 840 vna
338 813 432 840 cum
468 799 621 840 annuis
654 799 864 841 reditibus
899 802 1013 842 3500
1047 801 1309 842 florenorum
1352 814 1448 841 cum
1488 801 1634 854 aliqua
1665 800 1912 855 prouisione
1945 801 1998 843 de

223 864 425 918 augenda.
457 864 538 906 hac
572 864 688 906 dicta
720 879 889 907 summa
921 879 1125 907 successu
1156 864 1378 919 temporis.
1442 865 1764 920 Discrepamus.

344 937 394 977 17
420 936 658 978 Praeterea
690 936 907 979 translato
941 951 1069 979 cursu
1092 936 1401 987 Monachiensi‚
1437 937 1616 991 cupiunt
1649 937 1740 979 eius
1772 937 1866 979 loco
1899 937 2001 979 sub-

221 1000 344 1043 stitui
367 1001 666 1055 compendium
690 1000 960 1044 Dialecticae
983 1016 1077 1044 cum
1102 1002 1248 1054 aliqua
1270 1002 1456 1044 lectione
1480 1016 1656 1044 casuum
1682 1005 1726 1044 et
1748 1001 2001 1045 catechismi

219 1065 416 1115 Romani,
459 1070 504 1108 et
536 1066 799 1120 pollicentur
839 1081 917 1108 suo
951 1069 1147 1121 tempore
1189 1067 1320 1108 etiam
1362 1080 1439 1120 pro
1478 1066 1558 1109 hoc
1592 1067 1775 1120 collegio
1809 1067 1999 1121 aliquam

220 1130 465 1173 auctionem
497 1132 728 1175 redituum.
782 1132 1102 1187 Discrepamus.

343 1203 395 1244 18
430 1202 597 1256 Optant
630 1207 732 1245 ante
765 1203 1087 1246 Pentecosten3
1120 1203 1264 1245 omnia
1302 1203 1519 1257 inchoarj:
1553 1203 1691 1246 Nobis
1722 1203 1857 1258 igitur
1889 1204 2001 1246 ι11111-

221 1267 461 1310 strissimus
485 1267 692 1323 Princeps
725 1268 926 1311 fundabit
959 1283 1036 1324 pro
1060 1272 1245 1322 utroque
1269 1269 1451 1322 collegio
1476 1271 1590 1312 5000
1614 1270 1803 1312 florenos
1836 1283 2002 1312 annuos

221 1347 317 1375 cum
349 1333 635 1387 promissione
667 1334 856 1377 maioris.

345 1406 396 1446 19
430 1404 647 1454 Quantum
690 1405 865 1447 memini
906 1406 1013 1447 haec
1055 1408 1156 1448 sunt
1194 1406 1265 1447 uel
1311 1405 1455 1448 omnia
1496 1406 1566 1448 uel
1607 1406 1835 1461 potissima
1876 1406 2002 1449 huius

222 1483 380 1512 causae
413 1470 570 1524 capita.
615 1470 758 1512 Primo
783 1484 953 1524 quoque
975 1474 1172 1525 tempore
1195 1471 1296 1524 quid
1318 1471 1400 1513 hac
1423 1472 1474 1513 de
1497 1485 1544 1513 re
1566 1472 1760 1515 sentiant
1791 1472 1836 1515 P.
1862 1472 2002 1514 Theo-

222 1535 392 1577 doricus
408 1537 437 1586 4,
480 1536 526 1578 P.
551 1535 816 1590 Rosephius,
862 1536 906 1578 P.
932 1537 1162 1588 pestanus,
1206 1537 1252 1579 P.
1278 1537 1496 1588 Canisius,
1533 1537 1578 1579 P.
1603 1537 1871 1580 Rabenstein
1903 1551 2002 1592 per—

222 1601 415 1644 scribant
447 1603 596 1643 nostro
630 1601 750 1656 Patrj
766 1603 795 1653 5,
837 1601 905 1643 cui
936 1602 1035 1643 hinc
1068 1616 1148 1655 ego
1187 1615 1357 1655 quoque
1390 1602 1638 1656 propediem
1681 1603 1825 1645 onmia
1857 1605 2002 1646 trans-

222 1665 408 1709 mittam.
464 1666 613 1709 Sciant
652 1681 755 1708 uero
788 1667 944 1710 Patres
977 1681 1179 1720 magnam
1215 1667 1308 1709 fore
1352 1667 1654 1710 difficultatem
1694 1669 1774 1710 hoc
1807 1671 2003 1722 tempore

222 1732 409 1774 maiores
442 1732 607 1774 reditus
648 1732 885 1786 impetrare
918 1747 1004 1774 non
1046 1735 1137 1775 tam
1179 1733 1420 1776 uoluntatis
1453 1747 1582 1786 quam
1614 1733 1821 1787 penuriae
1854 1734 2001 1788 culpa:

223 1802 285 1844 sic
314 1803 366 1846 D.
390 1802 713 1845 Cancellarius6
745 1802 877 1846 etiam
909 1802 1153 1846 iuramento
1185 1804 1443 1858 interposito
1475 1807 1666 1847 testatus
1698 1808 1777 1848 est.

1685 1877 1907 1919 Hoffaeus.

224 1989 377 2026 1943.
454 1989 876 2026 EVERARDI'S
904 1989 1401 2027 MEROURIANUS
1430 1992 1660 2037 praepositus
1686 1992 1866 2036 generalis
1887 1991 2003 2026 Socie-

416 2045 505 2078 tatis
531 2044 613 2079 Iesu
641 2044 845 2080 CANISIO.
1484 2046 1598 2080 Roma
1626 2046 1680 2081 10.
1699 2046 1822 2080 Martii
1850 2046 1953 2080 1576.

344 2116 400 2150 Ex
418 2127 542 2160 apogr.
562 2115 675 2151 eiusd.
694 2119 822 2160 temp.;
850 2116 885 2150 in
904 2116 1078 2158 margine,
1103 2115 1227 2150 eadem
1246 2127 1374 2151 manu:
1405 2115 1618 2161 ⁷‚Oenipontj
1637 2116 1677 2152 P.
1696 2116 1805 2151 Petro
1824 2116 1999 2151 Canisio.“

225 2170 266 2203 G.
295 2168 382 2213 Sup.
411 2170 425 2203 1
456 2170 480 2203 f.
503 2169 559 2204 39.

345 2236 454 2269 Utilia
479 2240 572 2277 saciet,
610 2247 700 2278 quae
729 2236 900 2269 Canis-ius
925 2236 967 2268 de
984 2237 1170 2278 provincia
1205 2236 1340 2271 scribit.
1395 2236 1465 2278 Qui
1491 2236 1624 2279 „Operi
1650 2235 1825 2269 MariaZff‘
1855 2236 2003 2270 vacabit.

344 2323 451 2378 Legi
485 2338 596 2377 quae
628 2324 682 2366 ad
716 2339 784 2367 me
817 2324 1031 2379 scripsisti
1064 2324 1275 2379 superiori
1298 2325 1509 2368 Januario
1533 2326 1585 2367 de
1607 2325 1733 2368 istius
1755 2325 2004 2379 prouinciae

225 2389 355 2431 rebus
368 2390 397 2432 7.
451 2389 570 2439 Quae
603 2391 747 2432 omnia
779 2395 880 2433 sunt
913 2390 1120 2432 eiusmodi
1153 2393 1203 2433 vt
1234 2404 1405 2444 sperem
1439 2405 1522 2432 non
1544 2390 1770 2442 inutiliter,
1804 2393 1881 2433 aut
1913 2404 1939 2432 a
1960 2393 2005 2433 te

226 2455 404 2508 scripta,
448 2459 525 2498 aut
557 2470 582 2498 a
614 2469 684 2498 me
726 2456 902 2510 cognita
944 2469 1039 2497 esse
1064 2477 1072 2486 ·
1097 2455 1269 2497 decreui
1312 2456 1425 2497 enim
1463 2456 1568 2497 dare
1601 2469 1777 2510 operam
1810 2458 1862 2498 vt
1894 2469 2005 2509 quae

227 2522 347 2562 recte
389 2523 602 2573 geruntur
642 2523 831 2576 pergant
874 2535 1004 2575 porro
1045 2520 1127 2562 sibi
1168 2524 1388 2572 constare,
1433 2534 1544 2574 quae
1585 2534 1710 2562 secus
1751 2520 2006 2575 opportunis
2050 2522 2051 2569 1

351 2671 360 2691 ¹
387 2671 440 2706 De
477 2671 544 2705 hac
570 2671 720 2706 muliere
746 2683 781 2706 v.
814 2673 901 2706 Can.
930 2671 980 2706 IV
1006 2671 1216 2711 932—933;
1252 2672 1295 2706 de
1331 2671 1408 2706 eius
1444 2672 1547 2707 domo
1574 2672 1746 2706 Hoffaeus
1772 2671 1807 2706 in
1834 2670 2005 2717 *littam-is,

229 2736 319 2769 quas
345 2725 439 2759 dixi:
472 2725 547 2767 „Ex
573 2725 695 2770 legato
722 2737 802 2760 cum
830 2737 895 2759 suo
921 2725 1025 2759 horto
1051 2727 1175 2759 nostra
1201 2728 1291 2759 est“.

349 2778 362 2798 2
389 2779 566 2822 Hoffaens
591 2780 626 2813 in
654 2779 797 2820 litteris,
833 2790 924 2822 quas
951 2779 1044 2813 dixi:
1085 2778 1357 2823 „Superioribus
1384 2778 1487 2813 annis
1513 2778 1721 2813 aedificauit
1748 2778 2006 2813 Serenissimus
2050 2792 2051 2801 ¹

228 2831 402 2876 Princeps
429 2832 707 2876 pulcherrimam
736 2835 772 2866 et
798 2833 1057 2877 amplissimam
1085 2832 1228 2866 domum
1249 2844 1293 2866 ex
1320 2833 1564 2866 fundamentis
1591 2844 1653 2877 pro
1673 2832 1865 2866 seminario
1882 2843 2004 2876 supra-

230 2885 324 2919 dicto
350 2885 610 2928 theologorum,
638 2888 764 2930 estque
791 2886 917 2920 domus
944 2885 1005 2919 illa
1032 2885 1137 2919 facile
1163 2897 1277 2930 capax
1305 2886 1350 2920 80
1374 2897 1607 2931 personarum
1633 2885 1686 2920 sic
1712 2888 1753 2919 vt
1779 2885 1854 2919 fere
1870 2884 2006 2928 singuli

230 2938 413 2983 proprium
440 2938 597 2972 habeant
623 2939 729 2982 idque
755 2940 847 2974 satis
877 2939 1036 2984 amplum
1063 2939 1304 2973 cubiculum“.

352 2992 365 3011 ³
390 2993 485 3025 Ante
514 2992 568 3027 10.
588 2992 690 3026 Iunii.
839 2994 851 3013 ⁴
880 2992 1046 3027 Canisius
1073 2994 1189 3026 rector
1216 2992 1433 3036 dilinganus.

352 3046 364 3065 ⁵
391 3045 619 3079 Mercuriano
637 3046 843 3090 praeposito
862 3045 1033 3089 generali.
1077 3045 1168 3087 Quid
1188 3044 1355 3080 Canisius
1372 3045 1568 3091 scripserit,
1594 3045 1677 3080 vide
1695 3045 1799 3086 infra,
1826 3056 1880 3090 ep.
1903 3045 2005 3080 1944.

354 3099 367 3117 ⁶
393 3096 678 3143 christophorus
706 3099 965 3134 Elsenheimer.

354 3152 365 3171 ⁷
393 3151 425 3186 2.
445 3151 630 3186 Februarii
661 3153 750 3187 1576
777 3153 845 3187 hae
872 3152 1016 3187 litterae
1043 3163 1064 3186 a
1090 3151 1234 3186 Canisio
1260 3152 1367 3186 datae
1395 3154 1517 3193 erant3
1545 3164 1579 3186 v.
1598 3163 1709 3197 supra
1734 3163 1767 3197 p.
1787 3150 1868 3186 313.
