2062 3443
302 129 403 165 1808.
431 129 470 163 Ρ.
489 128 696 173 Alphonsus
723 128 877 163 Pisanus
904 128 989 164 0311.
1032 128 1146 163 Halae
1172 129 1239 164 sub
1266 131 1402 164 exitum
1431 143 1475 166 m.
1497 131 1575 166 Iulii
1605 133 1705 167 1572.
1820 137 1874 179 59

224 247 272 281 Fo
299 246 368 280 fine
395 245 525 291 perche
551 257 620 279 non
646 245 786 279 ardisco
813 245 872 290 piu
900 248 935 279 et
962 247 1088 289 questo
1115 247 1235 280 scriuo
1264 248 1297 280 in
1324 250 1378 282 tre
1406 248 1502 283 uolte
1529 261 1592 294 per
1619 250 1756 284 timore.

225 301 267 335 Di
295 302 388 334 tutto
415 301 568 343 questo·
596 298 619 332 il
648 298 688 332 R.
709 298 748 332 P.
771 298 879 332 Paulo
907 298 1031 332 Hoffeo
1060 299 1279 334 l’rouintiale
1300 319 1306 326 ·
1327 301 1372 335 ha
1398 302 1532 336 circato
1553 303 1678 337 molti³
1706 305 1812 339 messi
1842 306 1875 339 di

108 355 242 390 aiut-are
269 353 292 388 il
320 353 478 396 Collegio
505 354 541 386 et
567 351 590 385 il
621 351 656 386 P.
684 352 850 386 Rettore:
877 363 934 385 ma
961 352 1075 386 insino
1102 353 1230 387 adesso
1262 366 1348 398 poco
1375 355 1404 389 si
1434 367 1452 389 0
1479 357 1640 390 adiutato
1661 375 1667 382 ·
1689 361 1724 391 et
1751 358 1876 393 adesso

109 411 235 454 questa
270 406 395 441 ultima
430 406 538 440 uisita
572 405 608 439 111
643 405 748 448 quale
775 406 804 439 si
833 417 851 439 e
878 407 1011 450 partito
1039 405 1072 439 al
1100 406 1143 440 27
1172 407 1204 440 di
1234 407 1356 441 ι101101)
1384 408 1430 452 [⁸3]
1460 410 1503 443 72
1530 410 1564 443 in
1592 410 1625 444 13
1652 422 1717 444 303
1743 412 1877 455 partita

108 463 182 497 dise
208 461 243 495 al
269 461 319 495 .P.
347 460 494 494 Rettore
521 462 557 493 et
583 459 607 492 li
635 458 798 503 persuasi
825 459 975 493 essendo
1002 459 1067 494 che
1093 459 1123 494 si
1150 460 1309 495 lamenta
1336 463 1408 496 cosi
1430 480 1437 488 ·
1457 462 1522 497 che
1548 464 1644 497 saria
1671 465 1785 498 buono
1812 465 1876 499 che

107 515 255 551 scriuesi
280 525 301 548 a
327 514 370 548 V.
399 513 585 547 Pater-nita
611 512 667 546 del
695 514 800 553 tutto,
837 513 944 546 etiam
972 513 1076 547 credo
1105 513 1169 547 che
1197 514 1347 557 bisogna
1381 519 1523 550 trouare
1550 517 1703 560 qualche
1730 518 1876 552 rimedio

108 581 169 616 per
194 568 259 603 che
285 569 412 612 questo
432 566 592 609 Collegio
619 577 685 599 non
714 578 759 599 ua
785 566 858 600 cosi
886 566 974 600 bene
1003 568 1036 600 in
1063 566 1120 600 nel
1148 568 1250 602 modo
1275 568 1309 602 di
1328 570 1521 613 procedere
1541 570 1634 604 della
1656 570 1877 616 Compagnia

109 625 144 658 et
167 621 360 656 secundum
381 620 656 655 constitutiones
675 622 710 653 et
724 619 872 662 regulas
891 623 1034 654 nostras
1055 638 1061 645 ·
1082 621 1202 654 omnia
1220 622 1312 655 enim
1333 625 1416 656 sunt
1435 624 1594 658 uiolenta
1614 642 1621 649 ·
1641 626 1677 658 et
1694 637 1875 670 nunquam

108 675 180 711 uidi
206 675 292 709 talia
319 674 426 708 etiam
456 674 488 707 in
515 672 646 707 seculo.

224 728 270 762 Et
295 728 367 762 cosi
395 728 430 761 fo
457 727 526 761 fine
552 726 734 771 pregando
770 726 925 771 perdono
961 726 1033 760 alla
1069 739 1134 761 sua
1170 728 1293 762 diuina
1324 730 1477 763 maiesta
1509 732 1545 764 ct
1573 742 1592 764 a
1619 731 1661 766 V.
1692 732 1877 766 Paternita

109 782 173 818 che
199 782 271 816 cosi
291 782 430 815 ardisco
448 780 626 815 sindicare
645 780 667 814 il
688 781 758 814 mio
777 781 972 825 superiore,
1000 780 1025 814 il
1045 781 1150 825 quale
1169 782 1322 816 secondo
1350 782 1374 816 11
1402 786 1547 818 nostrae
1566 785 1713 828 regulae
1733 785 1877 819 doueria

107 847 272 871 escusare
287 836 307 869 ¹.
343 838 379 868 et
414 835 460 868 mi
489 834 634 879 perdoni
670 833 735 868 che
771 836 872 868 tanto
909 834 1057 868 confuso
1093 836 1211 869 scriuo
1245 847 1308 879 per
1341 836 1406 870 che
1433 837 1457 871 il
1484 840 1603 883 tempo
1630 850 1698 872 non
1727 839 1875 883 patisse.

107 889 216 924 Multo
243 888 291 922 mi
318 889 530 923 racomando
557 887 627 921 alle
653 899 739 921 suoe
765 890 868 921 sante
896 888 1046 922 orationi
1074 890 1109 922 et
1135 888 1316 934 sacrificij.

341 941 370 975 D
398 941 600 986 OEniponti
627 941 671 975 29
691 940 777 974 Julii
807 941 907 975 1572.
950 941 1029 975 Non
1056 942 1156 985 potui
1183 942 1380 986 perlegere,
1407 945 1577 988 quamuis
1603 945 1721 980 omnia
1747 945 1874 990 scripsi

272 1007 351 1029 cum
379 994 663 1029 consideratione
690 996 725 1028 et
752 995 951 1039 praemissa
978 996 1149 1029 oratione.

222 1049 264 1083 D.
285 1048 325 1083 V.
346 1049 384 1083 P.

1104 1096 1269 1140 Jndegno
1296 1098 1329 1131 in
1358 1097 1500 1133 Christo
1527 1099 1661 1142 figliolo

981 1150 1159 1194 Georgius
1185 1150 1354 1186 Rotarius
1383 1152 1588 1187 Leodiensis
1615 1153 1792 1187 Minister.

222 1217 242 1257 †
268 1215 467 1250 Admodum
495 1214 704 1249 Reuerendo
737 1214 771 1248 in
801 1214 943 1249 Christo
972 1216 1071 1250 Patri
1099 1216 1200 1251 Doct.
1229 1216 1448 1262 Hieronymo
1474 1217 1595 1252 Natali
1623 1218 1872 1258 Vicegenerali

105 1269 294 1306 Societatis
320 1268 444 1303 JESV.
496 1268 550 1302 Ad
584 1280 711 1302 manus
744 1269 917 1313 proprias.
969 1268 1113 1304 Romae.
1167 1270 1238 1313 (Ex
1274 1271 1497 1315 autographo
1536 1271 1605 1314 [2⁰;
1641 1272 1708 1314 3¹52
1736 1284 1801 1314 pp;
1839 1272 1873 1305 in

106 1336 138 1369 p.
171 1323 194 1358 4
228 1323 334 1357 inser.
371 1326 407 1356 et
441 1321 615 1367 reliquiae
651 1320 734 1367 sig]
770 1322 984 1356 festinanter
1019 1326 1055 1357 et
1091 1325 1195 1367 quasi
1231 1324 1465 1359 tumultuarie
1500 1325 1653 1370 scripto;
1690 1325 1874 1370 inscriptio

105 1380 224 1412 tamen
258 1376 400 1420 integra
434 1387 541 1410 manu
569 1375 701 1410 Canisii
739 1376 854 1420 posita
882 1378 947 1410 est.
1000 1376 1119 1411 Germ.
1151 1377 1226 1419 134,
1255 1378 1278 1412 f.
1306 1378 1386 1412 248.
1414 1378 1482 1413 249
1510 1380 1546 1413 et
1573 1390 1625 1423 sq.
1653 1390 1723 1412 non
1750 1380 1872 1423 sign).

221 1435 362 1471 Natalis
390 1435 531 1470 Canisio
558 1436 742 1480 respondit
769 1435 823 1470 23.
854 1437 1008 1480 Augusti
1037 1437 1139 1471 1572.

107 1550 263 1588 1808.
362 1551 423 1587 P.
452 1550 858 1588 ALPHONSUS
890 1551 1185 1589 PISANUS
1222 1566 1314 1589 unus
1351 1567 1395 1589 ex
1432 1555 1697 1590 consultoribus
1735 1555 1872 1590 Hoffaei

292 1606 525 1652 provincialis
553 1605 766 1640 Germaniae
793 1607 989 1651 superioris
1017 1606 1206 1642 OANISIO

1158 1661 1251 1696 Hala
1278 1662 1344 1697 sub
1371 1662 1508 1696 exitum
1537 1675 1581 1697 m.
1610 1663 1690 1697 Iulii
1721 1663 1822 1698 1572.

222 1719 277 1754 Ex
304 1719 436 1754 Canisii
465 1718 630 1764 epistula,
658 1719 700 1753 de
728 1731 798 1763 qua
824 1719 927 1761 infra,
955 1732 987 1755 n.
1019 1720 1121 1755 1809.

228 1786 428 1828 canisius
464 1785 690 1841 Oeniponte
722 1788 791 1828 31.
827 1787 930 1829 Iulii
964 1789 1077 1829 1572
1140 1788 1189 1830 P.
1225 1788 1361 1830 Paulo
1393 1789 1573 1842 Hoffaeo
1615 1791 1875 1845 prouinciali

107 1853 294 1907 scripsit:
340 1852 545 1907 „Scripsit
587 1852 646 1893 ad
685 1867 747 1894 me
789 1852 843 1894 D.
868 1852 987 1905 Pisa,
1030 1859 1076 1894 ut
1116 1868 1250 1895 meam
1292 1855 1493 1896 mitterem
1535 1857 1782 1897 sententiam
1823 1856 1872 1897 (Ie

107 1918 308 1960 cathedra
341 1915 656 1959 ΙΙιΙαιινᾸίιὲἱαηαί

221 1998 260 2033 P.
296 1998 503 2044 Alphonsus
540 1998 692 2033 Pisanus
732 1998 766 2032 111
802 1998 954 2042 collegio
993 1998 1132 2033 halensi
1168 2011 1301 2044 paucos
1337 2000 1476 2044 aliquos
1512 2000 1704 2035 Societatis
1743 2001 1874 2036 fratres

105 2040 339 2087 scholasticos
370 2063 527 2094 „sacram
555 2052 772 2097 scripturam
798 2052 967 2097 privatim
994 2052 1164 2087 docebat“
1195 2053 1230 2097 (*
1248 2055 1438 2096 Cataloyus
1464 2054 1624 2088 1131011313
1650 2054 1685 2088 in
1713 2066 1743 2089 a.
1774 2055 1873 2096 1572,

107 2105 224 2140 Ger.m
254 2105 317 2140 131
356 2106 378 2139 f.
409 2105 529 2149 186).
582 2105 725 2140 Canisio
760 2108 881 2139 autem
919 2105 978 2140 ille
1013 2106 1160 2152 scripsit
1195 2108 1411 2141 auctoritate
1447 2107 1505 2141 vel
1531 2108 1703 2142 mandatu
1730 2110 1876 2152 Hoffaei

106 2159 345 2204 provincialis.
390 2158 457 2201 Qui
485 2158 527 2193 de
554 2159 726 2193 cathedra
751 2159 813 2193 illa
840 2159 1013 2194 ecclesiae
1041 2159 1239 2204 collegialis
1266 2164 1302 2194 et
1328 2160 1544 2205 parochialis
1571 2161 1604 2195 S.
1632 2161 1804 2201 Mauritii,
1831 2162 1875 2196 ad

110 2213 375 2258 „patronatum“
405 2213 483 2257 Fug
463 2224 651 2257 trgerorum
679 2213 893 2258 pertinentis
909 2213 971 2285 *(ν.
996 2214 1083 2248 Can.
1102 2213 1151 2247 VI
1179 2214 1275 2257 226),
1305 2215 1349 2248 ad
1370 2214 1408 2248 Ρ.
1430 2215 1687 2259 Hieronymum
1707 2215 1875 2249 Natalem

109 2265 298 2301 Societatis
334 2266 509 2300 vicarium
545 2266 748 2310 generelem
784 2266 873 2301 haec
909 2267 1085 2301 *rettulit
1117 2267 1284 2311 Augusta
1311 2269 1343 2302 6.
1370 2268 1526 2312 Augusti
1555 2270 1664 2303 15721
1706 2270 1878 2314 „Scripsit

106 2319 146 2354 D.
173 2320 316 2355 Marcus
342 2320 541 2363 Fuggerus,
577 2332 705 2365 meque
732 2320 922 2355 Monachio
957 2320 1028 2355 huc
1062 2321 1258 2362 reuocauit,
1294 2324 1329 2355 et
1355 2321 1469 2355 denuo
1505 2321 1636 2356 obtulit
1667 2323 1875 2357 cathedram

107 2372 140 2407 S.
165 2373 335 2419 Mauritij,
372 2373 463 2407 idem
491 2374 663 2418 probante
690 2374 855 2419 Capitulo
883 2373 916 2409 S.
945 2374 1116 2419 Mauritij.
1155 2386 1261 2419 quam
1290 2375 1332 2408 ad
1360 2378 1503 2420 tempus
1529 2376 1729 2421 acceptauj,
1764 2377 1876 2411 donec

222 2450 250 2481 a)
271 2450 536 2486 Sequitur-masi,
562 2451 650 2476 ohlitt.
760 2449 792 2482 b)
815 2451 878 2481 Sim
904 2452 954 2476 sed
980 2451 1164 2477 scribendum
1191 2452 1285 2483 fuisse
1312 2452 1429 2476 videtur
1456 2451 1548 2477 ι1111110
1580 2454 1620 2477 rel
1647 2451 1784 2485 Ghrgno:
1813 2454 1875 2478 ride

108 2500 198 2524 supra
214 2501 245 2524 p.
265 2494 308 2518 52.

106 2597 307 2633 huiusmodi
334 2611 402 2633 non
429 2599 646 2644 aperiantur,
673 2611 739 2633 nec
765 2611 828 2634 eae
855 2611 944 2644 quas
972 2599 1160 2634 Generalis
1188 2600 1276 2645 ipsis
1302 2600 1520 2635 rescribet“:
1557 2601 1785 2646 *Praecepta
1816 2603 1876 2644 „de

108 2653 246 2686 ratione
279 2653 456 2686 scribendi
491 2664 536 2686 ex
563 2652 715 2687 Decreto
750 2653 930 2687 secundae
961 2652 1260 2696 Congregationis
1288 2653 1476 2688 Generalis
1502 2653 1659 2698 [1565]“‚
1687 2666 1720 2689 n.
1744 2655 1786 2689 13
1815 2658 1874 2698 (ex

107 2715 228 2749 apogr.
247 2706 358 2740 eiusd.
377 2709 506 2751 temp.;
535 2705 619 2741 Cod.
643 2706 694 2749 „11
722 2706 786 2740 38²
817 2707 840 2741 f.
860 2707 933 2741 88¹³.
986 2707 1038 2742 Cf.
1058 2707 1166 2741 0113111
1193 2718 1302 2752 supra
1329 2719 1363 2752 p.
1382 2707 1481 2751 58⁴).

227 2759 237 2778 ¹
267 2758 421 2801 „Omnes
440 2787 447 2795 .
467 2786 474 2794 .
495 2786 502 2795 .
522 2761 683 2794 nitantur
700 2760 992 2803 resignationem,
1011 2763 1047 2795 et
1065 2761 1338 2805 abnegationem
1356 2773 1479 2795 veram
1500 2762 1664 2807 propriae
1679 2761 1876 2796 voluntatis

109 2812 145 2844 et
170 2811 289 2857 iudicij
316 2812 458 2855 habere,
485 2813 579 2848 uelle
606 2824 649 2847 ac
674 2813 808 2847 sentire
829 2825 933 2848 suum
953 2825 1031 2848 cum
1051 2826 1102 2856 eo,
1131 2815 1223 2858 quod
1243 2815 1406 2859 superior
1430 2815 1508 2849 uult
1536 2818 1571 2849 et
1588 2816 1708 2857 sentit,
1735 2816 1877 2849 omnino

111 2864 383 2900 conformantes.
436 2867 546 2901 Cuius
581 2865 724 2911 quidem
752 2864 952 2911 Superioris
985 2842 1208 2902 uolun'tatem
1245 2879 1287 2902 ac
1321 2868 1503 2910 iudicium,
1539 2880 1602 2914 pro
1637 2868 1764 2912 regula
1789 2880 1876 2903 suae

109 2917 303 2953 voluntatis
339 2921 374 2953 et
408 2919 542 2965 iudicij
578 2921 645 2955 sibi
681 2924 889 2967 proponent,
927 2924 962 2955 et
997 2922 1238 2966 sequentur‘:
1273 2923 1451 2964 Quaedam
1479 2933 1524 2956 ex
1552 2922 1876 2956 Constitutionibus

109 2968 296 3006 Societatis
321 2972 402 3007 Iesu
437 2977 618 3019 excerpta,
655 2975 790 3009 Romae
827 2974 929 3015 1567,
966 2974 990 3009 f.
1011 2975 1047 3009 7⁰
1081 2986 1149 3008 non
1187 2975 1278 3019 sign.
1331 2975 1447 3018 (Quae
1473 2975 1620 3019 r-egulae
1655 2975 1761 3021 paulo
1795 2979 1876 3020 post

108 3022 328 3067 aliquantum
354 3025 565 3061 immutatae
592 3029 627 3062 et
658 3028 917 3070 „Summarium
946 3028 1270 3063 Constitutionum“
1301 3028 1503 3073 appellatae
1529 3028 1640 3072 sunt.)
1685 3028 1875 3063 Caeterum

108 3074 206 3119 haec,
233 3078 263 3112 si
289 3089 376 3113 sane
412 3080 590 3125 probeque
616 3081 930 3124 intellegebantur,
966 3081 1059 3116 hanc
1085 3081 1222 3116 Rotarii
1257 3082 1488 3127 scriptionem
1515 3083 1710 3126 exigebant
1745 3082 1874 3127 potius,

110 3139 214 3173 quam
242 3131 497 3177 impediebant.
