2062 3443
630 139 724 174 Mon.
754 139 854 174 1269.
900 138 952 173 18.
975 138 1183 173 Decembris
1213 140 1314 174 1580.
1770 145 1854 185 863

86 256 130 290 ab
167 256 328 290 Ardreno
365 256 498 300 scripto
538 258 573 290 et
608 268 628 290 a
665 256 749 291 Can.
783 256 985 300 recognito;
1027 255 1111 289 Can.
1142 256 1185 290 36
1226 258 1247 290 f.
1280 257 1429 300 1³—7³).
1490 257 1598 292 Plura
1633 257 1713 292 vide
1752 258 1856 298 infra,

85 320 239 343 monum.
270 309 371 344 1269.

209 362 267 403 „in
304 362 360 397 die
387 362 520 397 Christi
547 362 731 397 natalitio*
761 362 839 397 sive
866 362 922 396 25.
943 361 1151 396 Decembris
1184 362 1282 396 1580.
1339 362 1488 404 „Differt
1515 363 1646 398 Christi
1684 364 1856 398 natiuitas

86 417 121 450 et
139 421 272 450 nostra.
293 444 300 450 .
322 443 328 450 .
348 442 356 450 .
383 415 449 458 Qui
470 416 662 461 participes
681 416 787 450 huius
806 415 966 459 gaudiosi
987 416 1081 449 sesti.
1099 443 1105 449 .
1122 443 1128 449 .
1147 442 1154 449 .
1182 414 1278 459 [Qui]
1297 420 1444 451 seruant
1462 418 1530 451 rite
1544 429 1647 451 suum
1663 417 1852 461 Christag“

88 469 151 512 (ex
178 471 434 503 commentario
461 470 505 503 ab
532 469 609 514 ipso
637 471 721 503 Can.
742 469 894 514 scripto;
923 469 943 502 l.
964 480 992 502 c.
1014 470 1035 502 f.
1057 470 1197 511 7b-9fl)

207 522 274 564 „Jn
302 523 395 556 festo
421 522 702 556 circumcisionis
733 522 841 557 1581‘·
871 522 949 556 sive
978 521 1147 555 Kalendis
1174 523 1356 556 danum-iis
1386 524 1486 557 1581.
1537 523 1588 557 De
1624 524 1760 558 ratione
1788 523 1856 557 diei

85 574 179 610 festi.
234 575 306 618 „De
342 575 610 610 circumcisione
637 577 755 610 carnis
781 575 989 610 exteriore.'‘
1048 574 1120 617 „De
1158 587 1248 608 nouo
1274 588 1365 609 anno
1392 588 1453 610 seu
1482 578 1587 610 xenio
1615 577 1852 619 elargiendo.“

89 627 261 672 „Reliqua
287 629 370 663 uide
396 629 430 663 in
457 629 527 663 alio
564 629 673 663 libro“
705 631 766 671 (ex
794 629 1049 663 commentario
1075 629 1119 662 ab
1147 628 1222 673 ipso
1250 629 1334 663 Can.
1354 629 1506 674 scripto;
1544 629 1565 664 l.
1585 642 1613 664 c.
1634 632 1657 664 f.
1677 630 1855 673 {ib—10¹³).

86 731 238 768 1269.
315 732 362 768 18.
387 732 593 769 Decembris
621 733 717 770 1580.

203 792 258 826 Ex
284 794 460 828 contionis
487 795 751 833 commentario,
779 795 871 838 quod
897 795 933 828 P.
957 795 1127 828 Robertas
1146 795 1338 828 Arm-enus
1364 794 1397 828 S.
1419 795 1463 834 J.‚
1492 794 1623 828 Canisii
1651 794 1769 828 socius
1797 794 1856 828 fri-

83 846 274 890 burgensis
293 847 453 889 (Canisio
472 848 641 888 dictante,
669 851 708 881 ut
726 848 897 891 videtur),
924 849 1068 892 scripsit
1089 849 1150 889 (cf.
1171 848 1253 882 eod.
1278 848 1305 881 11
1325 848 1370 882 42
1399 860 1428 892 p.
1451 847 1513 890 58)
1542 851 1578 882 et
1597 848 1671 892 ipse
1691 848 1856 882 Canisius

83 899 246 944 plurimis
272 901 360 935 locis
387 901 592 934 emendavit
618 906 654 935 vt
680 901 934 946 amplificavit;
972 902 1265 935 commentarium
1294 902 1337 935 ab
1365 902 1526 935 Ardreno
1561 902 1614 936 sic
1644 902 1856 946 inscriptum

84 956 157 988 est:
191 954 407 996 „Conciones
435 954 692 998 Friburgenses
719 967 810 988 anno
832 955 932 989 1580.
970 955 1155 989 Dominica
1172 957 1194 989 4
1213 956 1425 989 aduentus‘.
1463 955 1546 989 Cod.
1571 956 1676 997 „Cam
1697 956 1760 989 36“
1784 956 1808 989 f.
1826 956 1855 989 1.

205 1014 373 1048 Canisius
405 1016 575 1057 Frc'bnryi
610 1026 740 1048 munus
765 1016 998 1048 contionandi
1032 1026 1161 1057 massua
1189 1027 1264 1048 cum
1292 1017 1418 1057 pietate
1444 1016 1625 1058 animique
1650 1016 1858 1048 demissione

84 1069 296 1110 inqreditur.
341 1069 578 1111 Jlayistratus
605 1069 716 1111 officii
743 1070 914 1102 admonet.

206 1132 232 1166 l.
261 1133 421 1166 Primam
457 1136 650 1166 contionem
681 1134 849 1167 Canis—[11⁵-
876 1134 1051 1175 mmm-512·
1086 1134 1208 1166 habuit
1239 1134 1425 1166 Dominio-a
1454 1134 1511 1166 11⁷.
1542 1134 1731 1176 Adventus,
1767 1144 1857 1176 quae

82 1191 158 1219 erat
193 1187 226 1219 d.
260 1188 312 1220 18.
345 1187 544 1220 Decembris
584 1189 695 1230 1580,
733 1188 767 1220 ἱη
805 1187 929 1229 templo
967 1188 1001 1219 S.
1032 1187 1198 1227 Medus,-
1233 1187 1383 1220 (1derant
1426 1187 1640 1229 reipublicae
1678 1192 1858 1220 senatores

83 1241 133 1281 (υ,
160 1251 272 1282 supra
295 1252 332 1283 Ι).
363 1242 471 1281 596),·
510 1240 678 1273 Canis-ius
710 1242 762 1273 sic
797 1241 993 1273 orationem
1029 1251 1176 1273 exorsus
1208 1244 1276 1273 est:
1310 1238 1483 1279 Quoniam
1520 1240 1569 1272 ita
1596 1251 1662 1274 vsu
1690 1240 1790 1273 venit
1815 1244 1856 1272 vt

83 1304 148 1336 ego
176 1292 260 1326 licet
286 1293 465 1335 indignus,
494 1293 558 1327 hoc
586 1293 814 1337 praedicandi
842 1304 971 1326 munus
998 1293 1041 1326 ab
1068 1293 1134 1327 hac
1161 1293 1337 1326 dominica
1359 1293 1465 1326 ordiri
1494 1293 1661 1327 debeam:
1691 1293 1856 1337 Inprimis

83 1357 126 1380 ex
163 1346 280 1379 animo
315 1347 448 1379 fontem
486 1347 601 1380 omnis
636 1347 775 1389 gratiae
811 1350 1033 1391 perpetuum,
1073 1345 1183 1380 Deum
1220 1345 1498 1390 omnipotentem
1536 1346 1685 1390 imploro
1712 1351 1746 1380 et
1774 1350 1856 1391 peto

82 1402 123 1434 vt
148 1399 234 1433 mihi
261 1399 368 1433 talem
397 1399 563 1443 spiritum
589 1402 624 1433 et
650 1400 775 1439 zelum,
803 1399 910 1433 talem
944 1399 1114 1433 virtutem
1144 1402 1180 1433 et
1207 1399 1426 1438 facultatem,
1454 1399 1562 1433 talem
1591 1400 1792 1433 libertatem
1820 1402 1857 1433 et

83 1452 333 1492 constantiam,
370 1452 478 1486 talem
515 1452 753 1487 humilitatem
793 1456 828 1486 et
855 1453 1091 1487 reuerentiam
1128 1452 1280 1495 benigne
1309 1452 1492 1495 largiatur,
1529 1453 1669 1497 qualem
1698 1453 1855 1487 Joannes

85 1505 170 1550 Bap:
198 1505 232 1539 in
259 1505 429 1539 hodierno
448 1506 636 1549 euangelio
663 1506 787 1540 habuit
804 1507 822 1546 ¹,
850 1509 886 1539 et
904 1517 989 1549 erga
1008 1506 1136 1540 missos
1155 1505 1197 1539 ad
1217 1517 1256 1539 se
1280 1505 1417 1549 legatos
1436 1506 1576 1550 publice
1598 1504 1853 1550 [declar-auit]⁸.

83 1559 182 1603 Rogo
209 1559 317 1593 etiam
347 1562 386 1593 vt
413 1559 502 1593 idem
526 1559 619 1593 Deus
646 1571 666 1593 a
693 1571 761 1603 quo
789 1560 880 1594 bona
906 1563 1035 1593 cuncta
1062 1559 1269 1604 procedunt,
1299 1571 1352 1592 me
1380 1560 1488 1593 faciat
1508 1559 1660 1593 alterum
1681 1560 1854 1593 Joannem

82 1613 116 1646 id
143 1615 199 1646 est
225 1624 347 1647 uocem
375 1624 443 1646 non
471 1613 574 1646 modo
610 1616 861 1657 personantem
898 1612 1016 1655 longe,
1051 1613 1112 1646 sed
1141 1616 1173 1646 et
1205 1611 1323 1656 [quae]
1340 1612 1353 1631 ¹³
1380 1615 1544 1656 penetret
1570 1613 1675 1646 corda
1701 1617 1854 1652 terrena,

83 1665 242 1700 emolliat
268 1668 303 1700 et
329 1668 515 1700 conuertat
527 1667 548 1708 ²,
583 1669 623 1700 ut
649 1678 772 1700 omnes
808 1670 979 1711 parent
1005 1666 1122 1699 uiam
1161 1666 1395 1705 ‹101nini³·‚
1425 1670 1464 1699 vt
1491 1665 1672 1699 auditores
1699 1666 1766 1699 mei
1793 1665 1854 1709 qui

81 1730 176 1754 nunc
201 1724 285 1753 sunt
313 1723 347 1754 et
366 1723 471 1754 erunt
490 1720 720 1765 imposterum
739 1732 817 1754 cum
840 1732 923 1754 uera
942 1719 1160 1764 poenitentia
1189 1722 1314 1763 parent
1335 1719 1426 1752 viam
1447 1719 1597 1753 Domino
1616 1722 1652 1753 et
1669 1731 1713 1753 ex
1733 1719 1854 1753 audito

82 1773 191 1807 verbo
217 1773 372 1807 fructum
400 1774 567 1814 referant,
594 1774 713 1807 sicutd
740 1774 890 1807 ,Ioannis
917 1773 1097 1807 auditores
1109 1780 1130 1807 θ.
1183 1774 1269 1807 Cum
1298 1773 1390 1806 enim
1418 1773 1568 1807 loannes
1594 1772 1854 1807 clamasset

81 1826 125 1860 in
153 1826 378 1865 deserto‘,
406 1827 597 1860 commouit
623 1830 734 1861 totam
763 1827 976 1871 prouintiam
999 1828 1031 1860 in
1059 1827 1187 1870 quibus
1207 1826 1390 1870 impletum
1418 1827 1487 1860 fuit
1505 1826 1598 1870 quod
1626 1826 1854 1870 praedixerat

81 1879 231 1923 angelus
257 1880 414 1923 gabriel:
444 1880 620 1914 Multos
649 1881 863 1914 filiorum
892 1879 1054 1914 Jsrael
1081 1882 1341 1914 conuertet
1367 1879 1421 1913 ad
1451 1879 1692 1913 Dominum
1721 1879 1850 1913 deum

82 1933 313 1978 ipsorumf
345 1937 387 1967 et
424 1934 683 1978 praecedet
720 1934 851 1968 illum
890 1935 932 1967 in
959 1933 1138 1978 spiritu
1167 1936 1211 1967 et,
1239 1934 1424 1966 uirtute
1452 1932 1574 1966 Eliae
1602 1934 1651 1967 ad
1678 1944 1852 1967 conuer-

81 1987 268 2021 tendum
307 1987 588 2021 incredulos
622 1987 674 2021 ad
712 1988 1018 2032 prudentiam
1054 1987 1328 2020 iustorum⁵.

202 2040 301 2084 Rogo
336 2045 547 2084 praetereag
582 2041 676 2075 sicut
711 2042 921 2086 peregrinus
958 2044 993 2074 et
1029 2040 1172 2083 ignotus
1200 2039 1426 2082 'l’lwologush
1453 2038 1623 2073 Dominos
1659 2042 1694 2074 et
1719 2039 1853 2074 amicos

81 2093 266 2135 dilectosss,
313 2095 444 2128 fratres
484 2095 591 2128 etiam
629 2098 663 2128 et
703 2106 844 2128 sorores
882 2105 1004 2127 omnes
1043 2105 1139 2127 meos
1175 2093 1434 2136 Friburgenses
1468 2093 1503 2125 in
1539 2093 1680 2126 domino
1716 2094 1772 2126 uti
1808 2105 1853 2127 ex

82 2147 285 2182 Christiana
312 2148 472 2182 Caritate
504 2158 568 2181 sua
596 2144 708 2191 [ine]¹'*
735 2148 914 2192 patienter
943 2147 1053 2180 ferre¹
1081 2146 1194 2180 velint
1220 2150 1289 2180 et¹¹¹
1316 2145 1495 2179 insolitam
1524 2145 1699 2180 infirmam
1728 2157 1851 2180 uocem

80 2201 162 2235 boni
200 2200 386 2235 consulere
424 2203 458 2235 et
497 2201 613 2234 aliosu
652 2201 814 2235 defectus
849 2204 912 2234 aut
945 2200 1201 2245 ineptitudines
1238 2211 1283 2233 ex
1318 2203 1419 2243 parte
1454 2210 1628 2243 personae
1656 2200 1765 2239 vocis,
1802 2199 1851 2233 in-

80 2254 321 2289 sufficientiae
357 2254 413 2288 vel
450 2254 733 2299 indispositionis
768 2253 1002 2289 uliersehen0.
1066 2252 1154 2298 Eph.
1183 2253 1205 2286 4
1241 2254 1345 2286 Cum
1381 2252 1626 2297 patientia
1661 2264 1852 2298 suppor-

80 2310 243 2342 tantes
279 2308 483 2342 inuicem
522 2308 564 2341 in
601 2308 872 2342 charitate⁷
899 2326 906 2334 ·
937 2310 1104 2350 verti-age
1144 2307 1241 2340 einer
1280 2306 1346 2339 den
1383 2305 1538 2339 anderen
1577 2307 1609 2340 in
1646 2307 1733 2340 dei-¹³
1771 2307 1850 2341 lieb.

80 2361 320 2395 Memineritis
347 2373 480 2406 quaeso
507 2362 726 2406 apostolicae
753 2362 899 2405 regulae
927 2360 1053 2394 alter
1088 2359 1299 2394 alterius
1326 2370 1468 2393 onera
1494 2365 1686 2404 portate
1712 2364 1755 2394 et
1781 2361 1852 2394 sic

200 2445 228 2474 a)
251 2445 311 2469 Hoc
331 2444 376 2468 vel
395 2444 490 2468 simile
513 2451 535 2468 ι’.
549 2443 743 2474 supplendum
765 2450 825 2467 esse
846 2450 893 2467 res
914 2443 978 2473 ipsa
999 2442 1133 2465 ostendit.
1190 2439 1220 2472 b)
1238 2442 1296 2465 Ilm·
1314 2441 1508 2472 supplendum
1530 2448 1590 2466 esse
1611 2449 1658 2465 res
1679 2441 1742 2472 ipsa
1763 2441 1850 2466 docet.

80 2485 107 2517 c)
129 2486 176 2511 Sic
189 2486 258 2511 Can.
280 2486 341 2517 ipse
362 2486 489 2510 correxit
510 2494 546 2510 ρι-
568 2484 659 2510 faciat
678 2491 783 2510 vocem
804 2484 896 2509 tilem
918 2484 1099 2508 clamantem
1121 2482 1150 2507 in
1166 2481 1222 2507 hoc
1239 2482 1361 2507 deserto
1383 2484 1492 2507 etcum
1511 2481 1565 2507 tali
1584 2481 1702 2508 effectu.
1759 2481 1790 2513 d)
1806 2483 1852 2508 Sic

81 2529 150 2553 Can.
171 2528 299 2552 correxi!
319 2535 356 2551 ex
375 2528 407 2551 et
432 2526 511 2551 idem
539 2526 653 2551 faciant
679 2525 769 2559 quod.
861 2527 888 2555 e)
912 2526 1017 2550 Nor-em
1040 2532 1080 2549 rr.
1101 2533 1159 2556 sqq.
1181 2524 1216 2547 ab
1239 2524 1299 2555 ipso
1322 2531 1349 2548 ι.
1370 2525 1473 2548 (uldila
1494 2527 1570 2549 sunt.
1663 2524 1685 2555 s)
1709 2527 1850 2555 quatuor-

79 2569 170 2595 decim
191 2577 234 2594 vv.
253 2577 312 2600 sqq.
333 2577 349 2593 a
371 2570 400 2593 C.
420 2569 523 2593 addita
543 2571 629 2598 sunm·
650 2569 679 2592 in
702 2568 834 2598 maryine
856 2567 1010 2591 Ardrenus
1028 2566 1165 2597 sci-ipsil:
1187 2564 1253 2591 Luc.
1276 2565 1297 2590 l.
1372 2572 1399 2597 g*
1423 2569 1447 2590 A
1468 2568 1496 2591 C.
1517 2569 1674 2590 correctum
1695 2573 1731 2590 ex
1750 2564 1850 2592 etiam.

79 2609 111 2641 11)
132 2612 157 2636 Α
179 2611 208 2635 C.
228 2614 386 2635 correctum
408 2618 444 2635 ear
462 2609 643 2643 peregrinus
664 2610 694 2634 et
715 2609 811 2641 inops.
886 2608 906 2637 i)
929 2610 952 2633 Α
969 2610 996 2632 C.
1017 2615 1108 2638 supra
1132 2615 1244 2631 versum
1265 2607 1417 2638 scriptum.
1493 2606 1524 2634 k)
1546 2608 1607 2632 Iloc
1627 2610 1656 2631 ut
1676 2608 1851 2639 suppleatur

80 2653 170 2684 exiyit
191 2655 249 2677 {ota
270 2652 372 2676 oratio.
448 2651 465 2675 li
490 2653 559 2676 Can.
579 2659 670 2683 supet·
689 2652 739 2675 linc
761 2659 783 2675 r.
803 2650 939 2681 scripsit.-
963 2648 1105 2674 anheren.
1181 2649 1222 2677 m)
1247 2649 1316 2673 Tria
1339 2657 1380 2673 vc.
1400 2657 1457 2680 sqq.
1479 2657 1495 2672 a
1518 2650 1546 2674 C.
1569 2650 1630 2680 ipso
1649 2649 1753 2674 addita
1773 2653 1849 2675 sunt.

79 2695 111 2725 n)
132 2695 156 2719 A
180 2700 209 2719 τ.
228 2697 386 2719 correctum
406 2701 443 2718 ea:
462 2694 621 2718 consulere
641 2693 665 2717 si
688 2700 765 2725 quos
785 2692 814 2717 in
836 2699 892 2716 me.
967 2693 996 2721 ο)
1020 2691 1078 2715 Hoc
1101 2698 1121 2714 r.
1144 2699 1160 2713 ιι
1183 2692 1210 2714 ι’.
1231 2699 1323 2721 supra
1346 2698 1459 2715 versum
1479 2691 1620 2722 scriptum
1640 2694 1691 2716 est.
1721 2692 1849 2723 Sequun-

80 2739 130 2760 ειιν
151 2743 192 2760 vv.
213 2734 297 2760 Sicut
323 2733 451 2767 quilibet
476 2741 549 2759 suos
575 2733 712 2759 desectus
733 2740 765 2759 ac
786 2740 881 2758 nenos
908 2731 1020 2757 habere
1046 2731 1218 2761 consueuit,
1244 2739 1261 2755 α
1283 2732 1310 2756 C.
1331 2733 1507 2757 oblitterata.
1546 2733 1655 2757 Eurum
1675 2733 1734 2757 loco
1750 2734 1850 2764 posuit

81 2778 110 2802 C.
131 2785 173 2802 vv.
193 2775 268 2810 Eph.
287 2779 348 2808 etc,
375 2784 462 2808 usqne
481 2777 519 2801 ad
545 2775 605 2801 lieb
633 2777 697 2800 incl.
808 2775 838 2807 p)
861 2775 997 2805 sequitur
1017 2771 1209 2805 geduldigen,
1236 2773 1325 2798 obliti.

203 2871 213 2890 ²
252 2870 286 2904 lo
318 2871 345 2910 1,
385 2871 521 2904 19—28
559 2872 609 2912 (v.
646 2881 753 2913 supra
792 2881 822 2912 p.
851 2868 981 2910 8622);
1020 2866 1082 2900 hoc
1121 2866 1310 2908 evangelio
1346 2870 1511 2901 narratur
1551 2869 1792 2902 testimonium
1828 2880 1849 2902 a

81 2922 116 2957 S.
132 2923 262 2957 Ioanne
282 2923 446 2968 Baptista
465 2923 607 2957 Christo
627 2923 718 2967 apud
739 2922 945 2956 sacerdotes
963 2923 997 2954 et
1018 2920 1147 2954 levitas
1168 2919 1428 2964 Hierosolymis
1446 2921 1490 2955 ad
1509 2932 1548 2955 se
1567 2922 1695 2956 missos
1713 2922 1847 2956 datum.

201 2977 214 2997 Β
240 2977 348 3011 eills
366 2978 423 3017 40,
451 2976 562 3017 3—5;
591 2976 663 3010 Mal
692 2977 722 3013 3.
757 2977 791 3010 l:
819 2978 851 3015 4,
880 2975 920 3013 6;
948 2974 1001 3007 Mt
1019 2973 1050 3014 3,
1077 2973 1114 3011 3:
1144 2973 1199 3007 Mc
1230 2974 1258 3013 1,
1285 2973 1306 3006 2
1334 2975 1372 3013 33
1402 2974 1501 3015 Lol,
1523 2975 1565 3009 16
1593 2975 1656 3015 17;
1684 2975 1715 3016 3,
1736 2975 1844 3015 3—6;

81 3029 118 3064 Io
148 3030 175 3071 1,
203 3030 258 3064 23.
407 3028 923 3070 ³1s40,3;Mt3‚3;Me
953 3028 1048 3068 1‚3;
1079 3026 1184 3067 Les,
1211 3027 1244 3060 4.

201 3086 212 3103 ⁴
241 3083 274 3117 ls
299 3083 355 3124 40,
384 3084 424 3123 3;
453 3083 505 3117 Mt
533 3087 563 3123 3,
591 3084 633 3123 3;
661 3082 719 3116 Mo
748 3083 777 3121 l,
805 3084 844 3117 3:
874 3081 922 3114 Lo
949 3081 980 3120 3,
1006 3081 1046 3119 4;
1080 3079 1115 3113 Io
1146 3080 1173 3119 l,
1201 3080 1257 3114 23.
1379 3080 1392 3099 ⁵
1418 3079 1467 3114 Le
1497 3080 1597 3121 1,16
1627 3081 1677 3116 17.

201 3138 214 3156 ‘⁵
241 3136 432 3171 Senatores
457 3135 650 3179 significat.
773 3135 785 3155 7
812 3134 888 3179 pr
917 3136 949 3174 4,
976 3133 1007 3167 2.
