2051 3433
231 157 315 199 788
727 151 823 188 Mon.
848 151 951 186 1125.
993 151 1050 186 20.
1078 153 1114 185 et
1140 151 1196 185 24.
1219 150 1375 185 Ianuarii
1405 150 1506 184 1578.

230 272 394 307 Canisius
421 271 455 304 iu
482 269 669 304 scribendo
701 269 827 311 „nimis
854 268 1008 312 diligens
1036 269 1126 302 est“.
1182 267 1415 310 „Incredibile
1451 270 1517 308 est,
1553 270 1727 311 quantum
1758 267 1871 301 bonus
1897 267 2006 300 Pater

228 326 263 359 in
290 325 357 358 hoc
383 335 515 367 genere
533 334 571 356 se
598 324 634 356 et
651 333 771 356 secum
799 321 933 356 multos
959 321 1050 355 alios
1076 322 1208 364 fatiget
1229 324 1265 355 et
1283 322 1450 355 cruciet.“
1490 321 1544 354 Ita
1564 320 1633 354 ΡΡ.
1654 320 1804 355 Ioannes
1823 320 2007 354 Rastellus

229 381 266 413 et
291 377 531 411 Theodericus
559 376 736 415 Canisius,
772 375 841 408 viri
878 375 1085 418 gravissimi
1121 375 1245 419 (supra
1271 386 1304 419 p.
1334 374 1401 408 763
1430 374 1528 418 764).
1580 373 1697 415 Quare
1724 373 1894 408 Hoffaeus
1928 385 2006 418 pro—

230 431 396 466 vincialis
423 431 454 464 7.
476 429 555 463 Iulii
585 429 674 463 1577
702 428 968 462 Mercurianum
1006 428 1160 471 rogavit,
1201 439 1264 469 „ne
1301 427 1537 472 permitteret,
1573 430 1613 460 ut
1639 426 1699 460 ille
1734 427 1883 472 posthac
1910 427 2006 470 quic-

230 497 335 529 quam
364 486 506 529 praeter
540 482 680 516 libellos
716 481 942 525 germanicos
967 481 1161 515 scriberet“
1196 483 1321 525 (supra
1348 493 1380 525 p.
1411 481 1510 523 764).
1560 480 1687 514 Paullo
1713 483 1795 524 post
1820 480 1909 515 liber
1934 491 2006 514 ma-

230 539 352 572 rianus
378 537 564 572 absolutus
592 538 627 569 et
653 536 687 569 in
714 535 831 568 lucem
858 535 1013 568 emissus
1040 536 1114 575 est;
1141 545 1182 568 ac
1210 534 1385 572 Canisius,
1412 533 1532 568 labore
1562 534 1746 577 fatigatus,
1779 533 1832 568 13.
1852 533 2008 577 Augusti

232 591 321 626 1577
358 590 561 635 praeposito
596 587 756 632 generali
791 588 956 632 scripsit:
997 587 1095 629 „Non
1122 587 1266 621 decrevi
1294 587 1336 621 ad
1373 587 1476 631 plura
1512 586 1700 621 scribenda
1727 586 1904 631 progredi,
1940 586 2008 620 nisi

230 646 394 688 urgeant,
421 643 481 687 qui
508 642 596 676 mihi
621 643 773 686 possunt
798 641 975 684 quidlibet
1001 641 1199 684 iniungere.
1243 640 1282 674 In
1309 640 1377 674 hac
1402 642 1522 674 aetate
1548 640 1675 674 lubens
1693 640 1774 674 aliis
1792 639 2010 674 doctioribus

230 698 370 731 tradam
397 696 582 740 lampada“
616 696 741 739 (supra
767 706 800 738 p.
818 694 918 737 409).
961 693 1221 727 Verumtamen
1248 694 1348 727 brevi
1375 696 1457 738 post
1484 694 1639 727 mutavit
1664 693 1900 733 sententiatum
1926 704 2008 726 nam

230 750 343 785 teneri
364 750 431 784 sibi
450 749 640 783 videbatur
663 747 832 781 mandato
853 747 1052 791 pontificis;
1075 747 1167 790 quod
1189 747 1250 780 Pio
1270 747 1310 781 V.
1332 749 1472 780 mortuo
1494 759 1513 780 a
1530 746 1703 790 Gregorio
1718 746 1814 780 XIII.
1833 746 2009 780 instaura-

233 807 309 838 tum
331 815 411 838 esse
431 803 602 837 censebat
623 802 747 846 (supra
766 813 799 845 p.
818 801 886 834 427
914 801 999 843 430)
1016 813 1022 841 ;
1050 801 1092 834 de
1112 799 1145 833 S.
1166 800 1273 834 Petro
1292 801 1406 834 multa
1424 800 1631 843 collegerat,
1658 811 1750 844 quae
1769 801 1805 833 et
1823 798 2011 833 catholicis

233 860 268 891 et
293 856 580 902 protestantibus
607 855 709 889 utilia
738 856 815 888 fore
841 854 1030 899 sperabat3
1059 854 1216 887 animum
1250 854 1280 887 ei
1308 854 1487 888 addebant
1512 853 1636 887 laudes
1662 853 1706 887 ab
1733 853 1842 886 Hosio
1869 854 1905 886 et
1931 852 2011 886 aliis

232 910 330 956 operi
349 910 510 944 Mariano
529 909 688 943 tributae
709 908 833 952 (supra
859 920 892 952 p.
911 908 982 942 434
1002 907 1100 950 450).
1132 908 1257 941 Mense
1276 907 1399 950 itaque
1418 907 1564 941 Octobri
1584 918 1615 941 a.
1639 906 1726 940 1577
1746 918 1766 940 a
1785 906 2011 940 Mercuriano

232 963 346 1008 petiit,
374 964 414 996 ut
440 962 521 996 libri
549 962 592 996 de
619 961 653 996 S.
675 961 782 994 Petro
809 960 1045 1005 componendi
1072 961 1191 1004 gratia
1217 972 1262 993 ex
1289 960 1439 1003 collegio
1467 960 1704 1004 oenipontano
1735 959 1842 1003 (quod
1877 969 2011 1003 paucos

232 1018 341 1052 libros
368 1016 539 1059 habebat)
566 1016 601 1049 in
628 1015 852 1057 dilinganum
880 1014 939 1047 vel
965 1013 1248 1057 ingolstadiense
1274 1014 1534 1057 transmigrare
1560 1016 1682 1057 posset
1710 1013 1834 1056 (supra
1860 1024 1892 1056 p.
1912 1011 2010 1055 428)-

232 1070 482 1104 Mercurianus
508 1071 629 1102 autem
656 1068 751 1101 haud
779 1070 930 1110 gravate
956 1067 992 1101 id
1019 1068 1050 1101 ei
1079 1068 1244 1111 permisit
1270 1070 1304 1100 et
1331 1067 1438 1100 simul
1464 1066 1653 1100 Hoffaeum
1685 1065 1942 1110 provincialem
1971 1076 2013 1098 ea

232 1125 267 1158 in
302 1136 340 1157 re
368 1122 510 1157 Canisio
547 1122 674 1156 adesse
710 1121 817 1155 iussit
855 1120 981 1165 (supra
1016 1132 1050 1165 p.
1078 1120 1178 1163 428).
1230 1121 1277 1154 At
1305 1120 1454 1154 Hoffaeo
1489 1120 1524 1154 id
1552 1120 1784 1153 vehementer
1818 1118 2012 1163 displicuit.

233 1178 298 1220 Qui
320 1178 376 1219 (ut
393 1188 503 1221 supra
522 1178 704 1210 ostensum
725 1175 795 1217 est)
819 1175 875 1208 24.
891 1174 1049 1208 Ianuarii
1066 1174 1156 1208 1578
1172 1174 1437 1208 Mercurianum
1454 1174 1611 1207 monuit:
1630 1173 1763 1207 Canisii
1782 1172 2012 1217 scriptionem

232 1230 394 1274 collegiis
413 1229 520 1263 valde
538 1228 727 1262 molestam
749 1239 849 1268 esse;
877 1239 958 1261 eum
978 1227 1084 1268 enim,
1112 1227 1205 1270 quod
1223 1227 1300 1272 ipse
1318 1227 1385 1261 sibi
1403 1239 1474 1261 non
1492 1226 1628 1268 fideret,
1655 1233 1801 1271 operam
1820 1225 2013 1259 multorum

233 1284 428 1324 Sociorum,
465 1282 525 1326 qui
561 1282 632 1316 iam
669 1281 813 1316 aliunde
839 1281 1108 1325 occupatissimi
1146 1283 1278 1322 essent,
1315 1281 1524 1324 exquirere;
1560 1291 1602 1314 ac
1627 1280 1826 1314 timendum
1853 1290 1942 1319 esse,
1969 1289 2014 1312 110

232 1337 346 1372 labori
374 1336 646 1375 succumberem
675 1335 718 1369 de
745 1334 778 1368 S.
799 1335 906 1368 Petro
932 1337 1052 1368 autem
1081 1334 1150 1368 iam
1182 1337 1392 1376 „sexcentos
1418 1334 1685 1368 absolutissime
1710 1332 1918 1377 swipsisse‘
1948 1343 2014 1366 nec

234 1390 416 1425 Canisium
445 1389 641 1433 quidquam
669 1388 754 1422 novi
781 1388 910 1422 afferre
938 1399 1054 1432 posse.
1091 1388 1244 1421 Proinde
1270 1387 1302 1421 ei
1329 1387 1576 1432 imperandum
1594 1397 1684 1427 esse,
1710 1388 1751 1420 ut·
1777 1386 1812 1419 in
1830 1388 2014 1430 posterum

239 1443 457 1486 „tractandis
484 1442 710 1485 argumentis
736 1441 910 1484 gravibus
928 1443 965 1475 et
983 1440 1260 1475 doctrinalibus“
1284 1441 1503 1481 abstineret;
1532 1441 1582 1474 ita
1601 1439 1692 1473 alios
1710 1450 1849 1483 quoque
1868 1449 2014 1472 censere

237 1500 362 1542 (supra
396 1509 430 1541 p.
461 1497 558 1539 786).
610 1495 649 1528 In
685 1495 835 1537 eandem
872 1495 1090 1528 sententiam
1128 1494 1365 1537 (moderatius
1402 1494 1539 1535 tamen)
1581 1493 1703 1527 eodem
1743 1492 1817 1526 fere
1854 1494 2015 1536 tempore

234 1550 273 1585 P.
295 1549 491 1593 Gregorius
509 1548 712 1593 Rosephius
735 1549 941 1593 praeposito
959 1547 1118 1592 generali
1138 1549 1285 1592 scripsit
1306 1548 1430 1592 (supra
1450 1559 1482 1591 p.
1504 1547 1602 1589 787).
1635 1546 1839 1580 Notandum
1857 1547 2014 1590 praeter-

235 1616 277 1638 ea
302 1606 368 1643 est,
399 1602 538 1636 Hoffaei
564 1603 723 1636 animum
752 1601 796 1636 ab
825 1602 920 1636 omni
946 1601 1053 1635 huius
1079 1601 1223 1645 generis
1253 1601 1492 1646 scriptione„
1500 1599 1709 1634 doctrinali“
1741 1599 1832 1634 satis
1858 1598 2014 1632 alienum

235 1658 367 1695 fuisse:
408 1656 618 1699 „mundum‘
662 1655 782 1689 aiebat
816 1655 877 1688 ille
918 1655 1009 1697 „iam
1044 1666 1124 1689 esse
1163 1654 1308 1699 plenum
1344 1654 1518 1688 eiusmodi
1552 1653 1690 1688 libris“.
1750 1652 1826 1686 Hoc
1861 1651 2015 1695 denique

235 1712 468 1755 praecipuum
491 1710 526 1743 in
548 1721 589 1743 ea
607 1721 646 1743 re
672 1709 797 1768 habuit
825 1710 1044 1742 momentum
1071 1710 1260 1752 totumque
1286 1708 1468 1751 negotium
1490 1707 1533 1741 ad
1553 1707 1690 1741 exitum
1716 1705 1894 1751 perduxit,
1921 1704 2015 1749 quod

236 1764 407 1798 Hoflaeus
433 1762 501 1808 ipsi
529 1762 684 1804 Canisio,
711 1744 795 1806 quid
824 1762 867 1795 de
894 1761 971 1795 eius
997 1762 1192 1805 scriptione
1218 1762 1381 1802 sentiret,
1409 1761 1560 1806 aperuit.
1600 1760 1665 1794 Ille
1690 1762 1821 1800 autem,
1848 1770 1919 1803 qua
1937 1761 2016 1792 erat

237 1817 453 1851 demissione
472 1816 582 1850 animi
601 1818 636 1849 et
655 1815 902 1850 oboedientiae
920 1814 1212 1860 promptitudine,
1239 1814 1434 1859 plaepositi
1452 1813 1676 1848 voluntatem
1699 1813 1764 1847 Dei
1792 1812 2015 1846 voluntatem

238 1871 440 1905 habendam
468 1881 548 1904 esse
575 1881 737 1910 censens,
774 1869 1042 1903 Mercurianum
1069 1868 1274 1912 generalem
1301 1868 1454 1911 rogavit,
1481 1870 1521 1901 ut
1546 1867 1615 1902 sibi
1641 1866 1847 1910 quiescendi
1873 1866 2016 1899 veniam

236 1937 257 1958 a
284 1924 450 1969 pontifice
487 1924 698 1968 impetraret
736 1922 862 1967 (supra
888 1934 921 1967 p.
945 1922 1045 1965 430).
1096 1920 1174 1962 Qua
1200 1921 1307 1955 facile
1339 1922 1533 1966 impetrata
1558 1920 1806 1954 Mercurianus
1834 1919 2016 1953 Canisium

237 1989 377 2012 omnem
404 1977 583 2011 scribendi
611 1980 737 2010 contra
764 1975 955 2009 Centurias
982 1986 1104 2009 curam
1132 1975 1309 2019 deponere
1335 1975 1441 2009 iussit
1468 1974 1593 2018 (supra
1619 1985 1652 2018 p.
1679 1972 1779 2016 438).

359 2030 451 2064 Hinc
470 2031 580 2075 patet,
599 2041 708 2073 quam
726 2041 796 2063 non
816 2031 914 2063 recte
928 2029 1034 2062 Paul.
1050 2030 1174 2062 Drews
1193 2028 1232 2071 (l.
1248 2040 1278 2062 c.
1297 2027 1378 2071 133)
1399 2027 1505 2068 dicat,
1525 2027 1659 2061 Canisii
1674 2027 1716 2060 de
1731 2026 1837 2059 Petro
1855 2025 2016 2069 scriptio·

238 2096 319 2118 nem
338 2084 472 2118 Romae
493 2083 681 2117 disiectam
703 2094 794 2121 esse,
822 2083 907 2126 quia
930 2082 1006 2125 „die
1022 2081 1319 2125 Vergangenheit
1337 2081 1400 2116 des
1419 2080 1585 2115 Canisius
1604 2079 1705 2114 nicht
1723 2080 1779 2113 die
1798 2078 2019 2123 Burgschaft

238 2138 308 2179 bot,
344 2136 416 2171 dafz
452 2149 490 2171 er
526 2137 582 2171 die
610 2136 724 2170 Lehre
760 2147 843 2170 vom
870 2135 1063 2180 Papsttum
1099 2135 1164 2169 mit
1201 2135 1298 2169 einer
1325 2134 1644 2169 Entschiedenheit
1679 2135 1862 2167 vertreten
1888 2132 2016 2175 werde,

238 2190 305 2224 wie
324 2202 363 2224 es
381 2190 471 2224 doch
485 2190 577 2224 nach
593 2189 843 2234 jesuitischem
859 2188 1073 2233 Empfinden
1088 2188 1144 2222 die
1159 2188 1234 2222 Zeit
1253 2188 1445 2222 forderte“.
1475 2188 1653 2221 leeobalcl
1671 2197 1811 2230 quoque
1830 2185 2017 2227 coniectat,

240 2244 434 2284 Canisium,
470 2255 513 2277 ne
549 2244 592 2277 de
618 2243 726 2277 Petro
761 2242 947 2284 scriberet,
984 2242 1203 2287 prohibitum
1237 2253 1316 2276 esse
1354 2241 1448 2275 hanc
1474 2241 1517 2275 ob
1544 2252 1709 2275 causam:
1751 2238 1849 2282 „Dass
1877 2250 1915 2273 er
1941 2239 2018 2272 eine

239 2298 318 2332 dem
345 2296 548 2331 romischen
567 2296 673 2331 Stuhl
691 2296 975 2341 entsprechende
994 2295 1110 2329 Lehre
1128 2298 1325 2337 vortragen
1344 2295 1473 2335 werde,
1501 2294 1648 2337 glaubte
1675 2304 1757 2327 man
1776 2292 1877 2327 nicht
1894 2291 2014 2326 mehr“

242 2352 390 2388 (Petrus
409 2350 576 2384 Canisius
596 2351 665 2384 und
685 2350 741 2383 die
761 2349 1132 2393 Gegenreformation‚
1160 2349 1194 2382 in
1215 2349 1335 2393 „Neue
1352 2348 1544 2382 lce'rchllche
1561 2345 1788 2389 Zee'tschrt'st“
1808 2346 1864 2380 23.
1880 2345 2018 2389 Jahrg„

240 2404 387 2449 Leipzig
415 2404 517 2444 1912,
553 2402 770 2446 882—883).
819 2403 865 2437 Et
890 2403 1000 2436 Rides
1025 2403 1068 2436 de
1095 2402 1220 2436 eadem
1240 2402 1375 2436 Canisii
1401 2401 1595 2446 scriptione
1622 2402 1765 2434 narrat:
1809 2399 1894 2442 „Als
1920 2411 1958 2432 er
1983 2399 2018 2432 111

240 2459 376 2492 seinem
403 2457 540 2490 werke
567 2468 684 2500 gegen
712 2457 768 2490 die
794 2456 1062 2500 Magdeburger
1081 2455 1356 2490 Centuriatoren
1384 2455 1452 2488 den
1470 2454 1545 2488 Ton
1572 2452 1795 2498 papstlicher
1816 2452 2018 2497 Apotheose

242 2510 343 2545 nicht
369 2510 560 2554 geniigend
587 2510 672 2549 trafi
708 2510 832 2543 wurde
859 2508 932 2543 ihm
958 2509 1052 2543 nach
1078 2509 1250 2552 Ausgabe
1286 2509 1348 2542 des
1375 2508 1525 2541 zweiten
1552 2506 1694 2541 Bandes
1721 2506 1784 2539 der
1809 2505 1930 2540 Druck
1957 2505 2018 2539 des

243 2564 375 2597 dritten
395 2563 589 2597 verboten“
614 2562 729 2604 (Petri
749 2562 882 2597 Canisii
899 2562 1155 2596 Katechismen
1175 2562 1221 2595 im
1237 2561 1385 2596 Dienste
1403 2559 1703 2595 konfessioneller
1721 2558 1965 2601 Verhetzung,
1983 2557 2018 2592 in

244 2617 474 2661 „Kirchlc'clee
491 2617 754 2660 Monatsclzrift,
781 2616 904 2659 Organ
923 2617 981 2649 fiir
999 2616 1055 2649 die
1072 2615 1344 2658 Bestrebungen
1364 2614 1427 2648 der
1445 2614 1625 2659 positiven
1640 2612 1792 2653 Uni0n“,
1814 2612 1867 2646 17.
1881 2612 2018 2656 Jahrg..

245 2670 305 2704 Gr.
325 2669 709 2704 Lichterfelde-Berlin
731 2669 832 2711 1898,
862 2669 1078 2711 105—112).
1116 2668 1214 2702 Haec
1241 2668 1333 2702 ratio
1360 2667 1458 2701 nullo
1476 2667 1587 2701 verbo
1614 2667 1648 2700 in
1669 2665 1835 2710 epistulis
1854 2664 2019 2698 Romaiu

245 2722 473 2756 Germaniam
486 2723 607 2756 missis
622 2724 931 2756 commemoratur.
952 2721 1119 2756 Canisius
1131 2721 1165 2755 in
1181 2721 1401 2755 catechismo
1413 2721 1510 2754 Petri
1523 2722 1560 2754 et
1573 2719 1779 2765 pontificum
1795 2727 2018 2752 romanorum

244 2786 420 2809 summam
436 2777 652 2820 potestatem
666 2776 786 2809 verbis
801 2775 1035 2819 amplissimis
1048 2774 1205 2809 asseruit
1217 2774 1277 2816 (cf.
1290 2774 1571 2817 Braunsberyer,
1588 2771 1842 2806 Katechismen
1854 2771 1902 2816 [V.
1912 2780 2020 2815 supra

245 2840 276 2872 p.
291 2828 356 2861 331
371 2827 397 2872 ⁴]
413 2829 455 2861 37
472 2828 642 2871 85—88).
675 2828 902 2871 „Confessioe‘
918 2839 1060 2872 quoque
1076 2827 1220 2867 Canisii,
1233 2838 1264 2861 a.
1280 2828 1365 2861 1571
1382 2830 1418 2860 et
1430 2827 1519 2861 1577
1536 2827 1570 2859 111
1587 2824 1806 2859 catechismo
1821 2825 1905 2858 etin
1920 2822 2020 2857 libris

246 2881 288 2914 de
307 2881 437 2914 Ioanne
456 2881 620 2925 Baptista
648 2884 684 2915 et
701 2882 744 2915 de
763 2882 879 2915 Maria
898 2881 1040 2925 virgine
1059 2881 1211 2924 vulgata
1231 2880 1337 2923 (Can.
1360 2880 1407 2914 VI
1428 2879 1644 2921 745—746).
1672 2878 1778 2923 plena
1796 2879 1848 2911 est
1874 2875 2024 2922 pietatisv

247 2937 282 2966 et
308 2935 533 2968 reverentiae
560 2935 596 2968 in
623 2935 815 2969 ecclesiam
841 2946 1024 2968 romanam
1050 2933 1395 2977 significationibus;
1424 2944 1535 2976 quare
1562 2932 1596 2966 S.
1616 2931 1702 2965 Pius
1728 2931 1783 2971 V.‚
1810 2930 1866 2963 vir
1891 2930 2020 2964 iurium

246 2987 506 3031 pontificiorum
523 2988 787 3029 tenacissimus,
803 2999 880 3022 eam
897 2987 1002 3022 valde
1017 2987 1183 3032 probavit
1200 2987 1238 3027 (1.
1252 2998 1281 3020 c.
1294 2987 1392 3029 711).
1419 2987 1493 3020 lam
1509 2985 1694 3029 aliquanto
1708 2986 1791 3018 ante
1804 2982 1938 3017 Paulus
1950 2980 2019 3022 IV„

248 3040 474 3073 auctoritatis
502 3041 704 3084 pontificiae
731 3044 768 3075 et
793 3041 869 3086 ipse
896 3041 1064 3075 defensor
1090 3040 1296 3079 acerrimus,
1325 3039 1507 3073 Canisium
1535 3037 1710 3081 colloquio
1736 3036 1920 3080 religionis
1943 3045 2019 3069 vor-

249 3092 414 3126 matiensi
441 3094 615 3128 interesse
641 3094 766 3135 voluit,
802 3097 842 3128 ut
867 3096 973 3133 esset,
1001 3093 1061 3137 qui
1088 3093 1124 3126 iu
1150 3104 1190 3126 eo
1217 3092 1469 3126 auctoritatem
1496 3091 1592 3126 sedis
1618 3089 1834 3135 apostolicae
1861 3090 2020 3123 tueretur

251 3146 395 3187 (ΙΛιὶηἰί
427 3146 659 3181 Monumenta
687 3148 730 3189 ΙΙ,
769 3147 908 3181 Matriti
938 3147 1038 3187 1912,
1078 3146 1174 3188 173).
1226 3144 1363 3179 Deinde
1401 3156 1432 3179 a.
1462 3144 1551 3179 1563
1591 3143 1756 3178 Canisius
1794 3154 1815 3177 a
1849 3138 2019 3176 cardinali
2049 3168 2051 3185 Ε
