2062 3443
461 161 660 206 Oeniponte
687 161 781 195 inter
809 159 1014 195 Ianuarium
1041 161 1078 193 et
1104 158 1244 192 Iunium
1274 159 1377 193 1576.
1723 161 1807 202 329

35 283 198 331 rentur,
243 293 325 321 non
360 278 589 320 dissimiles
632 277 801 331 quidem
836 276 988 331 priscis
1026 276 1110 318 illis
1143 275 1407 330 gigantibus,
1452 290 1502 318 ac
1534 276 1631 330 alijs
1665 276 1810 330 Baby-

35 345 202 388 lonicae
234 343 368 387 turris
409 343 578 385 stolidis
620 342 983 392 aedificatoribus,
1027 355 1207 394 quorum
1251 344 1295 383 et
1337 341 1511 394 linguae
1545 340 1722 390 diuisae,
1767 344 1811 382 et

36 413 218 453 conatus
251 408 465 457 frustrati,
501 411 545 450 et
577 407 799 462 impensae
832 420 980 448 omnes
1012 406 1269 460 absumptae
1302 406 1381 447 hoc
1405 420 1534 447 vnum
1560 406 1809 456 effecerunt,

35 479 85 518 vt
117 477 294 528 optatus
336 473 518 527 aedificij
554 486 811 526 progressus
843 471 884 512 in
923 470 1168 525 pudendum
1211 485 1388 525 prorsus
1421 471 1584 513 exitum
1620 484 1811 512 commu-

36 541 247 582 taretur¹.
312 539 450 593 Igitur
483 552 566 579 non
601 538 714 579 male
747 536 878 579 cessit
910 536 1166 585 Theodosio,
1206 536 1318 588 quod
1351 535 1393 577 in
1428 535 1599 590 Sisinnij
1635 535 1810 577 consilio

35 604 317 658 acquieuerit‚
343 617 478 657 eoque
502 604 620 645 facto
639 602 962 644 memorandum
986 601 1069 644 toti
1092 601 1340 655 posteritati
1358 601 1532 654 reliquit
1551 601 1810 655 exemplum,

37 672 86 712 vt
127 670 239 722 quod
281 671 412 711 antea
445 668 739 710 Tertullianus
781 667 1010 717 docuerat,
1052 671 1190 707 nunc⁸
1229 680 1285 721 re,
1318 665 1412 720 ipsa
1453 666 1682 720 probatum
1716 679 1811 707 esse

37 748 282 777 cernamus.

155 800 368 842 Tractans
411 798 522 841 enim
565 799 638 840 ille
671 797 792 839 Pauli
826 796 1102 847 sententiam,
1151 796 1504 838 Haereticum
1544 796 1812 838 hominem

35 868 160 920 post
201 879 357 907 vnam
381 866 470 906 aut
499 864 734 906 alteram
759 862 1173 916 correptionem
1205 861 1432 911 deuita2,
1458 861 1570 903 serio
1594 861 1811 911 admonet,

34 944 88 972 ne
120 930 328 973 Catholici
360 944 455 971 cum
490 928 720 970 haereticis
753 929 805 969 de
837 927 973 969 sacris
1006 927 1144 969 literis
1177 926 1438 981 disputaturi
1472 926 1512 967 in
1538 940 1715 968 arenam
1740 927 1814 967 de-

34 996 257 1044 scendant,
292 996 366 1037 sed
393 995 535 1049 potius
566 998 615 1037 vt
648 994 701 1036 ad
735 993 944 1035 maiorum
978 991 1257 1035 traditionem
1292 994 1541 1046 prouocent,
1576 994 1620 1034 et
1652 1006 1707 1033 ex
1738 992 1814 1033 illa

35 1074 288 1114 germanam
331 1060 582 1114 scripturae
627 1058 983 1111 intelligentiam,
1030 1070 1287 1110 omnemque
1335 1057 1388 1098 de
1432 1056 1667 1111 propositis
1714 1056 1812 1098 fidei

37 1125 365 1179 quaestionibus
399 1125 631 1167 veritatem
665 1127 819 1178 petant
852 1126 983 1176 atque
1017 1123 1317 1165 confirment3.
1371 1122 1492 1164 Sicut
1525 1125 1569 1164 et
1603 1122 1814 1174 Origenes

35 1190 361 1245 pronunciauit:
396 1190 476 1232 Illa
510 1190 603 1232 sola
637 1189 852 1231 credenda
875 1192 943 1232 est
966 1188 1143 1239 veritas,
1179 1202 1290 1241 quae
1311 1187 1354 1229 in
1378 1187 1495 1229 nullo
1519 1187 1572 1230 ab
1596 1187 1814 1229 Ecclesia-

38 1255 149 1298 stica
181 1256 417 1298 traditione
450 1255 712 1297 discordat&

156 1321 340 1363 VISVM
375 1323 443 1363 est
476 1323 620 1362 autem
654 1320 765 1362 hanc
798 1322 997 1372 repetere
1028 1318 1338 1368 narrationem,
1374 1332 1502 1371 quam
1537 1317 1815 1360 Cassidorusb

37 1386 81 1428 in
113 1385 310 1436 historia,
355 1385 416 1429 vti
451 1389 622 1435 vocant,
666 1385 892 1439 tripartita
924 1388 1124 1427 recenset
1138 1385 1166 1435 5,
1201 1397 1382 1437 eamque
1416 1383 1562 1436 magni
1595 1397 1691 1425 esse
1724 1397 1816 1424 mo-

37 1451 193 1501 menti,
240 1455 285 1493 et
329 1454 478 1493 nostro
524 1454 615 1493 turn
658 1450 826 1499 seculo,
869 1453 961 1492 tum
1003 1449 1205 1491 instituto
1248 1449 1463 1502 quadrare
1505 1448 1645 1501 quiuis
1687 1448 1816 1489 facile

37 1515 375 1559 animaduertat.
426 1516 601 1568 Rogant
634 1515 758 1557 multi
791 1518 922 1568 atque
955 1513 1180 1564 mirantur,
1217 1528 1300 1567 qua
1334 1514 1386 1555 de
1420 1527 1550 1556 causa
1582 1516 1650 1556 tot
1683 1513 1816 1554 collo-

37 1581 150 1635 quia,
185 1581 502 1636 disputationes
535 1583 579 1623 et
612 1583 793 1622 conatus
827 1580 899 1633 qui
931 1580 986 1622 ad
1020 1580 1341 1623 controuersias
1379 1579 1421 1620 in
1455 1579 1664 1632 religione
1697 1592 1815 1619 com-

36 1647 258 1701 ponendas
292 1649 442 1688 nostra
475 1649 622 1689 aetate
654 1646 812 1700 partim
847 1645 888 1686 in
914 1645 1159 1695 Germania,
1195 1645 1354 1699 partim
1380 1644 1423 1686 in
1449 1644 1590 1686 Gallia
1622 1643 1813 1685 instituti

36 1711 225 1761 fuerunt,
260 1712 367 1754 adeo
390 1711 503 1753 male
526 1711 843 1764 infeliciterque
866 1710 1167 1759 successerint,
1202 1712 1251 1752 vt
1273 1709 1458 1751 maiores
1482 1709 1613 1751 etiam
1647 1709 1691 1750 in
1713 1708 1814 1750 reli-

37 1776 166 1831 gione
199 1777 506 1820 distractiones
539 1791 590 1818 ac
622 1776 774 1819 turbae
809 1778 1069 1818 consecutae
1105 1775 1346 1817 videantur.
1390 1775 1603 1816 Nimirum
1639 1789 1664 1816 a
1697 1774 1813 1816 dicto

36 1841 208 1896 Sisinnij
259 1842 435 1884 consilio
478 1842 714 1884 discessum
763 1845 851 1891 est,
902 1844 946 1884 et
993 1840 1135 1895 pietas
1176 1840 1317 1882 abfuit
1361 1839 1684 1889 Theodosiana,
1729 1852 1814 1892 qua

36 1907 160 1949 nouis
195 1907 443 1950 doctoribus
476 1910 648 1949 Veteres
682 1921 777 1948 cum
811 1906 1079 1949 authoritate
1112 1909 1447 1960 opponerentur.
1492 1906 1585 1947 Hoc
1618 1904 1699 1946 nisi
1721 1906 1812 1955 fiat,

35 1974 102 2015 tot
134 1972 360 2015 haeresum
395 1976 605 2022 monstra,
649 1976 754 2025 quot
796 1986 907 2014 nunc
951 1971 1112 2026 passim
1155 1972 1198 2013 in
1231 1971 1406 2025 Europa
1444 1974 1550 2012 nata
1583 1970 1812 2020 cernimus,

34 2037 163 2080 facile
196 2042 241 2081 et
272 2052 442 2080 summa
474 2052 568 2080 cum
603 2037 828 2079 Ecclesiae
862 2037 1051 2091 pernicie
1083 2036 1278 2089 grassari
1317 2040 1513 2091 pergent,
1557 2049 1814 2089 semperque

34 2103 283 2158 impedient,
325 2117 408 2156 quo
442 2104 583 2146 minus
616 2103 670 2145 ad
704 2103 934 2145 amabilem
968 2102 1193 2144 Ecclesiae
1226 2102 1500 2144 concordiam
1533 2101 1710 2143 tandem
1744 2114 1813 2142 re-

35 2168 202 2211 deatur.
249 2170 314 2211 Ac
337 2168 509 2211 interim
543 2183 720 2223 prorsus
754 2168 989 2210 verendum
1024 2172 1103 2219 est,
1138 2182 1191 2210 ne
1214 2170 1313 2222 post
1335 2167 1490 2220 longas
1513 2167 1814 2209 contentiones

34 2233 234 2276 funestus
267 2234 412 2276 exitus
453 2248 591 2288 aeque
624 2234 864 2276 Germanos
897 2248 947 2276 ac
983 2233 1174 2276 Graecos
1219 2232 1436 2287 opprimat
1477 2235 1521 2274 et
1552 2232 1720 2286 perdat,
1764 2234 1814 2274 vt

34 2301 256 2342 nostrates
299 2313 321 2341 e
363 2299 651 2342 schismaticis
690 2299 759 2340 vel
793 2299 1139 2349 MahumetanOS,
1183 2299 1277 2340 vel⁰
1309 2297 1462 2340 atheos
1504 2297 1698 2339 euasisse
1742 2297 1811 2338 vel

35 2377 131 2406 sero
165 2364 401 2408 doleamus.
465 2364 631 2407 Deinde
664 2364 775 2406 hanc
808 2367 1002 2407 veterem
1036 2363 1332 2405 narrationem
1365 2362 1490 2404 libuit
1521 2362 1727 2412 inserere,
1766 2364 1814 2405 vt

34 2430 169 2472 nostri
204 2429 337 2471 seculi
369 2430 572 2481 stultitia,
608 2430 736 2471 immo
770 2429 972 2484 impietas
1005 2429 1165 2471 rectius
1197 2427 1499 2482 perspiciatur,
1544 2427 1715 2480 quando
1747 2427 1813 2469 in·

33 2495 161 2536 fimae
193 2495 337 2546 sortis,
372 2510 422 2537 ac
456 2497 583 2550 plane
616 2495 751 2536 crassi
784 2495 1000 2548 rudesque
1033 2494 1228 2536 homines
1261 2493 1313 2535 de
1338 2493 1540 2535 Patribus
1564 2496 1611 2535 vt
1635 2506 1812 2546 prorsus

156 2587 184 2618 a)
206 2588 267 2612 Hoc
288 2595 311 2612 υ.
333 2596 387 2612 non
408 2590 448 2612 est
471 2588 499 2611 in
516 2588 550 2612 B.
625 2586 656 2617 b)
678 2588 725 2612 sic
744 2588 832 2613 etiam
850 2588 894 2618 B;
913 2587 1003 2611 scribi
1020 2587 1120 2618 potius
1140 2587 1237 2611 debuit
1260 2583 1482 2616 Cassiodorus;
1502 2586 1538 2616 cf.
1561 2586 1654 2617 infra,
1674 2586 1771 2611 adnot.
1787 2588 1811 2611 5.

36 2628 62 2660 c)
83 2627 289 2653 schismaticis
310 2627 552 2658 Mahumetanos,
573 2628 625 2653 aut
645 2630 680 2654 R.

157 2735 166 2755 ¹
194 2734 250 2769 Gn
277 2736 308 2775 6,
335 2736 376 2775 4;
411 2735 596 2776 11,1—9.

158 2788 171 2808 ²
201 2788 451 2829 „Haereticum
473 2788 650 2822 hominem
670 2789 751 2832 post
769 2798 874 2821 unam
896 2789 932 2821 et
950 2787 1143 2821 secundam
1164 2786 1426 2831 correptionem
1446 2786 1610 2821 devita“:
1631 2786 1737 2826 Tit.3,
1760 2787 1812 2822 10.

157 2841 170 2861 ³
200 2842 464 2885 Tertullianus,
507 2841 560 2876 De
598 2840 943 2885 praescriptionibus
982 2840 1157 2874 adversus
1199 2839 1401 2874 haereticos
1443 2851 1471 2874 c.
1506 2840 1643 2876 15—21
1683 2841 1728 2874 32
1767 2840 1811 2875 37

37 2892 186 2937 (Miqne,
216 2894 254 2929 P.
273 2894 335 2929 lat.
356 2895 387 2928 11
414 2895 554 2928 aes—323
581 2894 720 2928 44—45
748 2894 919 2937 50—51).

156 2949 168 2967 ⁴
199 2947 286 2989 „llla
320 2947 397 2983 sola
434 2947 612 2982 credenda
639 2951 695 2981 est
721 2948 866 2988 veritas,
905 2958 995 2991 quae
1022 2947 1056 2980 in
1084 2946 1182 2981 nullo
1209 2947 1252 2980 ab
1280 2946 1528 2982 ecclesiastica
1553 2949 1590 2981 et
1615 2947 1814 2992 apostolica

35 2999 216 3035 discordat
242 3000 480 3036 traditione¹⁴z
512 3002 688 3044 Ofiyenes,
718 2999 802 3045 Περὶ
822 3003 942 3046 sipla>
969 3000 1050 3035 libri
1071 3003 1235 3044 quatuor,
1254 3000 1451 3045 interprete
1471 3000 1610 3041 Rufino,
1637 3001 1659 3035 1.
1682 3001 1710 3042 1,
1738 3012 1771 3035 n.
1792 3001 1812 3034 2

38 3052 184 3097 (Miyne,
212 3054 250 3088 P.
270 3065 323 3097 gr.
344 3054 404 3093 XI,
433 3054 528 3097 116).

155 3106 168 3125 ⁵
194 3108 242 3141 M.
271 3109 444 3141 Aurelius
473 3107 720 3151 Cassiodorus,
757 3107 919 3142 Historia
944 3106 1128 3151 tripartita
1153 3106 1176 3141 l.
1196 3106 1227 3148 9,
1263 3117 1292 3141 c.
1314 3106 1357 3142 19
1386 3106 1534 3151 (mque,
1563 3106 1600 3141 P.
1620 3107 1671 3141 lat
1699 3106 1811 3141 LXIX

37 3157 301 3203 1136—1138).
