2062 3443
298 188 398 222 1859.
427 187 592 221 Canisius
619 188 773 231 Georgio
800 188 842 222 de
871 188 1003 231 Ilsung.
1047 188 1246 232 Oeniponte
1270 189 1322 223 16.
1343 189 1509 223 Octobris
1530 191 1631 224 1573.
1759 194 1840 235 147

75 302 166 347 ficijs
192 303 226 337 in
254 315 294 337 eo
330 304 449 348 potius
475 315 581 348 quam
611 305 743 338 Romae
771 304 1012 343 instituendis
1047 304 1150 338 nobis
1176 305 1226 338 ita
1253 306 1458 349 probantur,
1490 309 1529 339 ut
1554 309 1674 340 tamen
1701 307 1841 352 cupiam

75 356 371 401 quotiescumque
408 357 580 391 eiusmodi
619 358 690 392 alia
727 369 807 392 sese
843 358 944 392 uobis
979 358 1023 391 ad
1058 369 1122 391 nos
1157 357 1352 392 obtulerint
1390 359 1589 398 scribenda,
1627 371 1668 393 ea
1704 365 1843 394 mature

74 410 174 455 prius
201 421 281 445 cum
308 410 440 444 uestris
467 411 716 455 pertractetis⁴⁴
752 412 811 453 (ex
838 422 962 456 apogr.
982 411 1094 445 eiusd.
1113 413 1234 455 temp..
1262 411 1304 446 Gr.
1324 412 1407 456 Sup.
1431 413 1445 445 1
1476 413 1593 455 114⁰).

75 513 226 549 1859.
302 515 520 550 CANISIUS
540 514 853 551 GEORGIQ
875 515 967 550 ln«)
988 514 1238 551 ILSUNG-
1263 517 1414 560 patricio
1432 520 1647 560 augustano,
1675 531 1845 555 caesareo

263 568 415 603 Suebiae
441 570 625 614 praefecto
653 571 720 603 etc.
1191 569 1391 614 Oeniponte
1421 571 1474 604 16.
1495 570 1663 605 Octobris
1692 574 1793 608 1573.

191 633 246 667 Ex
282 635 403 668 Luem»
438 636 610 668 Osiandri
648 635 993 677 „Verantwortung,
1022 635 1148 668 Wider
1183 635 1240 668 die
1275 646 1349 668 zwo
1387 635 1639 681 Gifftspinnen,
1676 637 1841 681 Georgen

73 686 258 725 Schereru.
294 688 365 721 vnd
401 687 696 733 Christophorum
725 688 968 728 Rosenbusch,
1005 688 1107 721 beide
1133 689 1312 722 Jesuiter:
1351 688 1486 723 welche
1522 701 1607 724 auss
1643 690 1707 724 der
1737 695 1841 726 trew-

73 739 267 783 hertzigen‚
303 741 542 785 fridfertigen.
579 741 821 776 Christlichen
849 741 1050 784 NVarnung,
1093 742 1175 784 (vor
1201 742 1263 775 (ler
1290 742 1450 776 Jesuiter
1476 742 1744 788 blutdurstigen
1770 745 1841 779 An-

71 791 255 835 sehffigen,
292 795 363 828 vnd
392 795 500 828 bosen
532 794 767 837 Prakticken)
806 795 861 828 als
895 806 981 828 auss
1008 796 1106 828 einer
1134 794 1417 829 wolriechenden
1445 795 1573 837 Rosen,
1610 797 1727 832 lauter
1753 798 1841 833 Gifft

72 848 266 889 gesogen“,
291 847 478 891 Ttibingen
509 848 610 887 1586.
638 860 670 892 p.
691 849 747 883 60.
791 849 846 882 Ex
865 847 1033 882 Osiandri
1060 848 1149 882 libro
1177 849 1333 893 epistula
1360 852 1394 883 et
1420 849 1531 883 latine
1557 851 1676 894 posita
1702 855 1738 885 et
1763 864 1840 895 ger-

71 901 210 935 manice
238 913 343 936 versa
379 905 435 936 est
471 903 505 935 in
534 903 810 945 „Cleristophori
837 901 1080 935 Rosenbnschs
1116 902 1274 946 Replica.
1328 904 1415 936 Auff
1446 903 1529 937 (less
1565 904 1841 939 Calumnianton

72 953 190 989 Lucae
217 954 385 989 Osiandri
411 955 720 999 Verantwortung
747 955 857 989 wider
883 956 939 989 die
966 956 1161 997 Jesuiter“,
1188 956 1391 998 Ingelstadt
1420 956 1521 997 1586,
1548 969 1580 1001 p.
1601 957 1752 992 83—84.

192 1022 388 1063 Azeyusfam
417 1023 448 1053 ei
475 1022 678 1054 remensium
707 1032 776 1054 esse
802 1022 939 1063 collegfl'z’
964 1022 1149 1055 Socz'etatis
1174 1032 1294 1054 causa,

150 1131 153 1134 -
189 1127 314 1132 -——
335 1104 396 1145 De
407 1104 664 1156 Augustano
684 1103 857 1157 negotio
873 1104 1020 1146 multis
1044 1118 1218 1146 monere
1237 1118 1320 1146 non
1340 1105 1512 1155 attinet,
1536 1106 1649 1158 quod
1667 1105 1841 1160 sapien—

70 1168 158 1210 tiae
190 1171 379 1217 vestrae,
414 1169 448 1210 si
482 1170 710 1223 Augustae
742 1172 871 1218 esset,
907 1170 1153 1223 praesentia
1185 1170 1321 1212 multo
1354 1184 1459 1212 sane
1493 1171 1646 1212 melius
1678 1171 1840 1213 habere

71 1236 219 1286 posset
232 1235 255 1276 ¹.
285 1233 422 1276 Nam*
444 1248 499 1276 ex
517 1234 656 1276 literis
670 1237 915 1276 nostrorum
935 1235 1145 1288 intelligo,
1164 1249 1253 1276 rem
1274 1249 1357 1276 non
1377 1236 1538 1289 optimo
1557 1236 1650 1277 loco
1669 1250 1776 1286 esse,
1797 1238 1841 1278 et

69 1299 235 1341 incerta
247 1299 459 1341 fluctuare
477 1299 669 1349 consilia,
685 1300 786 1352 quia
804 1299 967 1341 difficili
984 1300 1252 1354 nauigationi
1269 1301 1381 1342 desit
1397 1301 1562 1355 peritus
1574 1301 1839 1343 Nauclerus:

70 1363 256 1418 Ideoque
288 1364 495 1407 maiorem
527 1365 568 1406 in
602 1366 776 1406 modum
808 1369 963 1419 petunt
995 1369 1038 1408 et
1061 1368 1232 1419 rogant,
1268 1369 1315 1407 vt
1347 1380 1471 1407 suum
1505 1366 1687 1409 reditum
1712 1381 1839 1421 prae-

73 1430 236 1472 stantia
268 1432 358 1476 tua,
392 1444 475 1483 quo
509 1431 561 1472 ad
596 1430 688 1472 eius
720 1430 811 1472 fieri
843 1433 1003 1485 potest,
1037 1433 1257 1473 maturare
1295 1431 1538 1485 dignetur2.
1601 1431 1696 1473 Nec
1728 1432 1841 1474 enim

72 1495 248 1549 expedit
280 1509 385 1537 sane
417 1496 531 1538 tanti
564 1495 727 1549 negotij
760 1495 1046 1539 fundamenta
1078 1497 1211 1550 probe
1240 1498 1360 1551 jacta
1393 1497 1546 1546 deseri,
1586 1500 1631 1538 et
1664 1511 1841 1539 causam

75 1561 232 1602 bonam
266 1561 379 1603 male
411 1561 670 1615 promoueri,
704 1562 799 1604 etcst'
846 1561 941 1603 Hoc
974 1575 1102 1603 vnum
1136 1575 1302 1616 precor,
1337 1564 1386 1605 vt
1417 1576 1464 1604 se
1497 1576 1625 1615 quam
1656 1563 1844 1617 primum

72 1625 166 1678 (tua
188 1627 501 1680 praestantia)c
532 1627 803 1680 Augustanis
832 1626 999 1677 reddat,
1034 1640 1085 1669 ac
1117 1628 1324 1669 bonorum
1359 1627 1585 1675 desiderio,
1619 1628 1692 1680 qui
1723 1627 1841 1670 rem‘³

72 1691 258 1734 feliciter
276 1694 474 1746 coeptam
497 1691 609 1733 finiri
632 1692 806 1734 tandem
832 1695 1058 1746 exoptant,
1083 1707 1160 1746 pro
1184 1707 1263 1734 sua
1285 1693 1450 1746 pietate
1468 1694 1726 1743 satisfaciat,
1747 1699 1816 1736 fite.

73 1756 303 1811 Oeniponti
340 1759 404 1800 16.
430 1757 582 1800 Octob.
608 1756 760 1799 Anno·
785 1756 965 1811 etc.¹‘[‘.>]
999 1759 1124 1800 1573.

190 1837 414 1882 Quamquam
441 1838 506 1872 has
533 1838 674 1872 litteras
700 1839 838 1883 primus
864 1838 962 1880 (cum
990 1838 1123 1873 Canisii
1149 1839 1306 1881 nomine)
1336 1839 1504 1882 vulgavit
1529 1839 1646 1873 Lucas
1666 1840 1843 1874 Osiander

72 1891 356 1926 Lutheranorum
384 1892 684 1935 stugartiensium
712 1892 934 1926 contionator
969 1895 1006 1926 et
1032 1892 1309 1933 catholicorum,
1345 1894 1501 1926 maxime
1528 1893 1753 1934 Iesuitaruin,
1791 1894 1842 1927 in-

72 1946 198 1980 imicus
232 1945 419 1990 hostisque
455 1946 720 1980 infensissimus
749 1946 799 1990 (V.
828 1947 915 1980 Can.
945 1945 994 1979 VI
1021 1947 1238 1989 675—676)‚
1275 1946 1493 1980 censendum
1530 1949 1650 1980 tamen
1677 1953 1743 1987 est,
1780 1958 1841 1980 eas

72 2010 178 2033 veras
204 2010 295 2040 esse,
321 2010 390 2033 non
417 1998 543 2040 fictas;
570 2000 604 2033 id
632 1999 726 2033 enim
752 2002 828 2033 tum
854 1999 1033 2034 scribendi
1064 2011 1178 2042 genus
1205 2000 1376 2044 ipsaeque
1403 2011 1469 2037 res.
1506 2011 1598 2043 quae
1624 2001 1842 2040 scribuntur,

70 2053 233 2092 suadent,
262 2055 338 2086 tum
366 2052 470 2097 plane
496 2053 634 2086 fatetur
661 2052 940 2098 Christophorus
966 2052 1200 2087 Rosenbusch
1228 2052 1395 2087 Osiaudri
1423 2053 1672 2088 adversarius:
1701 2053 1843 2087 nomine

71 2108 190 2140 autem
210 2105 470 2140 Rosenbuschii
490 2118 530 2140 se
555 2107 649 2149 tegit
666 2106 743 2151 ipse
766 2107 802 2141 P.
823 2106 1020 2150 Gregorius
1038 2106 1240 2151 Rosephius
1266 2106 1477 2150 (Roseffius)
1499 2105 1532 2140 S.
1553 2107 1585 2140 J.
1607 2108 1741 2149 (Dum,
1769 2108 1842 2142 Jes.

74 2160 85 2193 [
112 2160 205 2194 829¹
233 2159 332 2203 842),
367 2160 427 2204 qui
454 2160 643 2202 Augustae
678 2160 722 2194 ab
750 2171 780 2195 a.
806 2160 897 2195 1566
924 2161 968 2194 ad
1004 2160 1110 2194 finem
1139 2161 1236 2194 illius
1261 2160 1397 2194 saeculi
1424 2160 1644 2193 cathedralis
1671 2161 1843 2195 ecelesiae

70 2213 292 2247 contionator
319 2213 388 2247 fuit
413 2217 449 2247 et
475 2212 588 2247 Sociis
615 2215 830 2257 augustanis
856 2225 919 2259 per
945 2214 1077 2248 multos
1104 2226 1216 2248 annos
1242 2214 1411 2258 praefuit.

190 2265 371 2300 Canisium
406 2266 465 2300 uni
502 2278 547 2300 ex
583 2267 793 2311 proceribus
829 2267 1052 2311 augustanis,
1088 2267 1149 2311 qui
1184 2267 1448 2301 institutionem
1485 2266 1626 2311 collegii
1654 2267 1843 2302 Societatis

70 2319 318 2361 moliebantur,
342 2320 531 2365 scripsisse
557 2321 716 2354 affirmat
745 2322 922 2355 Osiander
949 2321 987 2363 (1.
1017 2333 1044 2355 c.
1075 2321 1253 2363 56-60);
1284 2321 1499 2363 Roesephins
1525 2325 1643 2354 autem
1674 2321 1711 2364 (l.
1731 2333 1760 2355 c.
1780 2321 1840 2364 98)

69 2372 262 2417 significat,
289 2385 370 2407 eum
396 2373 585 2418 scripsisse
607 2385 671 2414 „an
690 2374 794 2408 einen
812 2373 927 2415 edlen,
953 2377 1171 2418 gestrengen
1192 2374 1319 2414 Hem-n,
1346 2373 1503 2407 welcher
1528 2375 1581 2407 nit
1599 2373 1707 2408 allein
1727 2376 1844 2408 vierer

188 2456 218 2488 a)
241 2456 312 2481 Tria
334 2464 374 2481 νυ.
395 2464 453 2488 sqq.
474 2456 554 2488 apml
577 2457 622 2481 Os.
646 2457 809 2481 maioribus
835 2457 914 2488 typis
937 2456 1085 2487 desrrv‘ptct
1110 2459 1187 2481 sunt.
1298 2454 1327 2487 b)
1350 2457 1410 2480 Ilm·
1432 2464 1464 2483 r..
1484 2456 1538 2480 etsi
1558 2456 1638 2487 apud
1661 2456 1705 2481 0³.
1726 2459 1752 2480 e!
1773 2457 1840 2481 Ros.

69 2497 195 2522 rur-siris
213 2498 291 2529 typis
310 2498 487 2529 descriptum
505 2506 559 2522 mm
575 2502 626 2528 est,
645 2499 813 2529 siJjnificare
834 2499 960 2528 ridetur,
980 2499 1111 2529 aliquam
1131 2498 1276 2529 epistvlue
1293 2501 1410 2529 partem
1426 2498 1476 2521 Ιωι·
1489 2499 1548 2521 lum
1562 2498 1675 2527 amitti;
1694 2500 1711 2522 3
1727 2506 1767 2522 νυ.
1781 2506 1842 2529 sqq.

69 2540 149 2570 apud
171 2540 216 2565 Os.
235 2543 262 2564 et
282 2540 349 2564 Ros.
368 2540 496 2564 cursivis
522 2541 600 2571 typis
619 2540 768 2571 descripta
787 2543 864 2565 sunt.
973 2541 999 2569 c)
1023 2541 1078 2564 His
1100 2541 1181 2563 uncis
1201 2540 1263 2571 (qui
1283 2540 1363 2570 apud
1385 2540 1449 2563 Ros,
1473 2548 1527 2563 non
1547 2543 1627 2563 sune»
1648 2540 1841 2570 siynificatmu

66 2584 147 2612 puto,
173 2589 216 2606 vv.
236 2581 311 2612 ipsi-3
329 2581 444 2606 inclusa
463 2589 500 2606 ear
515 2584 604 2613 parte
630 2582 799 2606 litterarum
824 2583 914 2613 paulo
940 2585 1007 2606 ante
1033 2582 1140 2605 omissa
1161 2584 1211 2611 (cf.
1230 2589 1334 2612 supra,
1360 2582 1457 2605 adnot.
1479 2582 1508 2609 b)
1528 2582 1583 2605 huc
1603 2582 1751 2606 trans-lata
1771 2589 1840 2606 esse.

71 2621 100 2654 d)
123 2623 253 2654 Quinque
276 2630 316 2647 nv.
336 2630 395 2654 sqq.
416 2626 442 2647 et
462 2631 487 2647 v.
508 2622 680 2648 satisfaciat
700 2624 779 2654 [ΨΜ]
802 2625 847 2648 Os.
868 2627 893 2647 ec
914 2624 980 2648 Ros.
1003 2624 1165 2647 maioribus
1185 2624 1263 2654 typi-s·
1282 2623 1431 2653 exscripta
1451 2628 1528 2648 sunt.
1639 2624 1665 2654 e)
1686 2624 1718 2647 (Ἰ
1738 2631 1841 2654 supro.

69 2664 166 2689 adnot.
187 2665 211 2689 b.
322 2664 346 2695 f)
368 2666 428 2689 Hoc
448 2673 472 2689 r.
493 2665 580 2696 (qnod
602 2672 656 2689 omn
678 2669 720 2689 es!
740 2665 820 2696 apud
841 2666 921 2689 Ros.)
941 2665 992 2689 1101·
1012 2666 1070 2688 Ins-n
1088 2672 1245 2695 perpurum
1264 2664 1391 2695 positum
1413 2672 1473 2689 ‘’s-91⁶¹
1497 2665 1620 2689 ridetur.

191 2757 342 2792 ¹Amici
376 2759 518 2803 quidem
555 2758 746 2793 Societatis
781 2759 986 2802 augustani,
1022 2758 1197 2803 imprimis
1231 2757 1386 2801 Fuggeri
1422 2761 1458 2792 et
1484 2757 1634 2802 llwngi,
1671 2759 1842 2804 impetra-

70 2813 207 2852 verant,
234 2814 275 2845 ut
299 2811 496 2855 Gregorius
515 2812 610 2846 Xlll.
631 2814 888 2846 monasterium
913 2811 1159 2856 templumque
1178 2812 1213 2845 S.
1233 2811 1358 2845 Crucis
1385 2811 1554 2846 Societati
1582 2812 1676 2846 tradi
1701 2812 1840 2846 iuberet

73 2864 122 2908 (V.
157 2876 267 2909 supra
304 2877 337 2910 p.
376 2866 479 2907 125);
520 2877 644 2900 verum
683 2866 881 2910 capitulum
917 2865 1125 2900 cathedrale
1160 2865 1194 2898 id
1231 2865 1380 2909 exsequi
1417 2865 1638 2908 gravabatur
1679 2867 1836 2904 (Be-aun.

72 2917 164 2952 Koll.
190 2918 226 2951 in
254 2918 389 2962 Augsb.
419 2920 576 2959 14—17;
605 2919 814 2961 Schellhass,
849 2919 956 2952 Nunt.
979 2918 1038 2958 lV,
1074 2928 1402 2958 xxxlv—xxxv11;
1441 2919 1620 2962 Schwarz,
1647 2918 1754 2953 Nunt.
1782 2931 1838 2953 ΧΠ

70 2971 114 3004 ad
140 2974 237 3013 xm).
287 2971 339 3005 De
374 2971 441 3006 hoc
477 2983 620 3016 quoque
655 2972 813 3016 capitulo
849 2973 918 3006 dici
954 2971 1080 3016 potuit,
1119 2971 1213 3015 quod
1249 2972 1292 3005 de
1327 2971 1409 3006 aliis
1443 2972 1655 3015 quibusdam
1693 2973 1840 3016 scripsit

72 3025 291 3068 Siymcmdus
327 3026 488 3059 Riezler:
526 3025 618 3066 „Der
644 3024 766 3059 Grund
804 3025 865 3068 lag
901 3024 1175 3070 hauptsiiclnlich
1212 3024 1323 3065 (larin,
1360 3024 1431 3059 dass
1465 3025 1521 3059 die
1549 3025 1774 3070 Domkapitel
1803 3026 1838 3059 in

71 3078 133 3112 der
157 3082 328 3121 strengen
348 3079 594 3113 Gesellschal't
615 3078 703 3112 Jesu
730 3078 796 3112 mit
813 3079 1002 3122 rivhtigem
1023 3078 1155 3112 Gefiilil
1182 3077 1248 3111 den
1276 3078 1559 3122 gefahrlichsten
1580 3079 1723 3123 Gegner
1742 3079 1839 3113 ihres

71 3131 261 3175 religiosen
288 3130 542 3166 Sclilendrians
567 3131 792 3165 witterten“:
828 3132 1045 3166 Geschichte
1080 3130 1230 3165 Baierns
1257 3131 1318 3172 Vl,
1354 3131 1472 3165 (iotha
1501 3132 1601 3173 1903,
1637 3133 1837 3167 254—255.

190 3184 203 3204 ²
228 3185 331 3228 Apud
357 3184 646 3219 Maximiliauum
672 3185 715 3219 11.
735 3185 985 3230 imperatorem
1012 3184 1126 3218 fuisse
1151 3184 1294 3218 videtur
1321 3184 1561 3228 (Rosenbusch
1586 3186 1608 3219 1.
1628 3197 1657 3220 c.
1679 3186 1776 3229 195).

1476 3244 1549 3279 10*
