2062 3443
320 140 421 176 1788.
449 139 614 174 Canisius
641 140 679 174 P.
700 139 918 185 Hieronymo
943 137 1076 174 Natali.
1121 138 1320 183 Oeniponte
1349 139 1403 173 19.
1424 138 1558 183 Aprilis
1587 138 1688 173 1572.
1831 143 1882 183 27

123 256 276 295 1788.
375 256 590 292 CANISIUS
621 255 682 291 P.
703 253 1117 291 HIERONl'MO
1137 253 1397 290 NATALI
1426 254 1561 288 vicario
1587 254 1745 297 generali
1773 254 1887 289 Socie-

308 311 395 345 tatis
422 310 513 345 lesu.
1267 308 1468 353 Oeniponte
1497 309 1550 342 19.
1574 308 1708 353 Aprilis
1738 309 1839 342 1572.

239 382 293 416 Ex
319 381 528 426 archetype,
556 392 662 415 manu
684 381 722 415 P.
743 380 925 415 Guilielmi
955 379 1108 413 Eldcren
1129 379 1162 414 S.
1182 379 1215 413 J.
1237 379 1372 423 scripto
1403 379 1474 421 (2⁰;
1505 380 1521 412 1
1550 390 1598 423 p.;
1628 379 1660 412 iu
1682 391 1713 423 p.
1733 381 1754 413 4
1782 379 1887 413 inser.

121 439 157 472 et
169 435 341 480 reliquiae
352 435 449 478 sig).
478 434 645 469 Canisius
659 446 724 468 sua
740 446 846 468 manu
864 433 1054 478 epistulam
1071 433 1278 466 emendavit
1290 436 1324 466 et
1340 433 1555 477 subscripsit
1582 433 1773 475 („Seruus“
1790 434 1887 476 ‹·tc.).

121 489 238 525 Germ.
260 489 324 524 183
352 489 376 522 f.
399 488 630 523 2101-21112.

236 560 400 604 Boryt'as.
432 560 681 600 Confessam'us
697 560 944 600 ferrariensls.
981 560 1162 592 Vis-[tator.
1196 559 1361 591 Alberlus
1380 559 1416 591 V.
1449 558 1654 600 Ilnllqmnr.
1685 558 1886 592 Archiam:

236 643 264 696 †
297 643 389 685 Pax
423 643 581 685 Christi
614 642 834 684 nobiscum
868 644 1048 684 aeterna
1082 641 1325 683 Admodum
1358 641 1612 682 Reuerende
1646 641 1790 684 Pater.

238 720 520 763 Commendat
553 722 597 762 ct
629 719 718 762 suis
750 719 889 763 literis
923 719 1034 773 [etc.,
1070 724 1112 760 ut
1143 733 1275 773 supra
1306 733 1348 773 ρ.
1373 716 1470 769 22].

236 797 439 840 Nondum
463 797 708 852 accepimus
732 797 958 851 quicquam
984 797 1036 838 de
1059 796 1200 838 reditu
1226 795 1271 838 P.
1295 795 1432 837 nostri
1459 794 1684 837 Generalis
1702 796 1726 846 ¹,
1763 809 1886 848 quem

119 864 160 906 in
204 863 341 906 Jtalia
384 877 497 905 nunc
548 862 713 905 uersari
758 876 1004 917 speramus,
1055 861 1242 915 negotijs
1290 861 1486 902 omnibus
1535 861 1618 902 rite
1664 860 1885 910 confectis,

119 931 297 984 propter
338 942 448 982 quae
489 931 580 971 tam
613 928 787 980 longam
822 931 866 970 et
899 927 1116 969 difficilem
1150 926 1283 979 subijt
1315 925 1726 980 peregrinationem.
1791 925 1889 967 Misi

118 1007 254 1048 nuper
286 993 478 1047 Reginae
512 993 663 1036 literas
696 993 749 1035 ad
783 1007 974 1035 sororem
1009 991 1344 1033 Ferrariensem'
1366 991 1564 1045 scriptas,
1608 993 1657 1033 ut
1689 990 1805 1033 sinat
1838 1005 1889 1033 ea

119 1058 435 1101 Confessarium
478 1072 601 1100 suum
645 1057 805 1102 abire2.
870 1059 963 1100 Has
996 1057 1160 1099 Romae
1193 1056 1387 1098 redditas
1421 1070 1516 1098 esse
1550 1055 1729 1098 confido.
1795 1057 1889 1098 Hoc

119 1139 247 1166 unum
293 1123 522 1177 adiungam
570 1123 621 1165 de
664 1123 710 1167 P.
743 1123 977 1166 Laurentio
1023 1121 1259 1171 liberando,
1306 1121 1348 1163 in
1395 1135 1444 1163 eo
1486 1122 1579 1175 ipso
1622 1120 1751 1164 situm
1795 1135 1889 1163 esse

121 1190 362 1245 plurimum,
397 1193 445 1230 ut.
478 1202 684 1243 praesens
718 1188 915 1232 excutiat
946 1189 1118 1242 iugum:
1152 1186 1234 1228 nisi
1268 1186 1381 1228 enim
1413 1200 1617 1239 maguam
1651 1186 1692 1227 in
1728 1186 1808 1229 hac
1841 1200 1888 1229 re

121 1255 390 1298 uoluntatem
424 1255 635 1297 Ducissae
674 1255 880 1306 declaret,
924 1269 1009 1297 non
1051 1250 1296 1308 putandus]
1339 1252 1565 1306 quicquam
1603 1252 1803 1294 effectum
1836 1252 1887 1293 iri

123 1321 260 1363 literis
294 1320 487 1374 Reginae
519 1321 820 1374 Magdalenae.

237 1386 495 1428 Commendo
538 1400 606 1428 me
648 1386 879 1440 plurimum
912 1383 1136 1439 sacrificijs
1170 1387 1214 1426 et
1246 1383 1446 1438 precibus
1480 1383 1528 1425 R.
1555 1383 1601 1425 T.
1638 1385 1681 1425 et
1714 1385 1886 1437 patrum

122 1451 406 1505 reliquorum,
463 1466 569 1505 quos
618 1452 687 1494 diu
741 1450 863 1493 nobis
909 1450 1104 1493 Christus
1151 1448 1361 1492 Dominus
1413 1448 1650 1490 incolumes
1697 1450 1886 1491 tueatur.

121 1518 352 1572 Speramus
380 1520 424 1560 et
446 1517 729 1560 visitatorem
765 1517 949 1570 aliquem
984 1518 1083 1571 post
1114 1518 1182 1558 tot
1214 1528 1363 1565 annos,
1397 1514 1440 1555 in
1473 1513 1584 1556 hanc
1618 1513 1888 1555 Prouinciam

123 1596 216 1625 esse
247 1584 489 1634 uenturum,
532 1582 605 1636 qui
642 1582 913 1625 laborantem
949 1581 993 1625 P.
1028 1583 1225 1623 nostrum
1260 1578 1608 1621 Prouincialem3
1638 1578 1682 1620 in
1715 1578 1888 1631 quibus—

122 1648 220 1690 dam
253 1647 582 1691 difficultatibus
622 1647 702 1690 hoc
739 1651 936 1702 tempore
968 1646 1168 1689 subleuet
1200 1648 1331 1699 atque
1364 1645 1623 1687 consoletur.
1689 1644 1890 1687 Metuunt

123 1713 293 1767 quidam
317 1713 434 1756 uitae
458 1712 628 1756 Alberti
648 1712 889 1768 Principis4
912 1712 1107 1766 grauiter
1130 1709 1439 1753 decumbentis
1474 1710 1620 1751 Bonus
1644 1709 1686 1752 P.
1706 1709 1889 1751 Hermes

120 1778 163 1820 in
206 1781 359 1822 sancta
409 1792 516 1833 pace
563 1778 852 1832 requiescat?
933 1777 1139 1831 Princeps
1193 1778 1340 1818 noster
1389 1777 1489 1829 post
1540 1775 1886 1825 Penthecostem,

120 1843 216 1886 hinc
248 1844 445 1887 abiturus
476 1843 648 1886 uidetur
661 1844 690 1895 6,
726 1846 770 1886 et
802 1844 857 1885 ad
889 1857 1043 1885 munus
1070 1840 1360 1884 Concionandi
1393 1854 1534 1882 meam
1567 1853 1741 1894 operam
1776 1839 1886 1881 desi·

121 1908 363 1961 deraturus,
398 1923 579 1963 eamque
611 1908 672 1951 illi
707 1909 1016 1963 praestandam
1049 1921 1145 1950 esse
1177 1908 1305 1962 putat
1337 1906 1383 1949 P.
1410 1904 1703 1947 Prouincialis.
1766 1904 1888 1946 AEui-

120 1974 240 2029 ponti
277 1977 328 2017 19
364 1975 538 2029 Aprilis.
578 1976 703 2018 1572.

1015 2033 1174 2075 Seruus
1207 2030 1250 2073 in
1283 2030 1454 2073 Christo
1487 2029 1533 2073 P.
1559 2028 1765 2072 CanisiuS.

238 2115 266 2167 †
298 2115 541 2159 Admodum
583 2116 839 2159 Reuerendo
881 2116 924 2157 in
966 2115 1135 2158 Christo
1169 2114 1303 2165 Patri,
1347 2114 1398 2157 D.
1424 2113 1691 2166 Hieronymo
1724 2111 1887 2162 Natali,

122 2180 295 2223 Vicario
330 2182 531 2225 Generali
567 2180 840 2237 [Societatis]
875 2182 1017 2224 JESv.
1141 2180 1320 2222 Romae.

238 2281 436 2316 Postremis
462 2281 569 2316 huius
595 2281 771 2326 epistulae
790 2280 910 2315 verbis
937 2279 1058 2324 aliqua
1085 2279 1167 2314 addi
1195 2280 1344 2324 oportet,
1372 2289 1464 2322 quae
1483 2277 1626 2312 aliunde
1644 2278 1729 2311 sunt
1747 2275 1889 2311 hausta.

121 2334 275 2370 Putabat
295 2335 470 2376 Canisius,
496 2334 758 2369 Ferdinandum
787 2334 830 2369 Il.
850 2334 1077 2368 archiducem
1105 2335 1185 2378 post
1212 2333 1451 2367 Pentecosten
1482 2331 1575 2374 (sive
1601 2333 1684 2376 post
1710 2330 1764 2364 25.
1786 2329 1886 2369 Maii)

121 2388 155 2423 in
174 2389 357 2423 Austriam
386 2389 542 2423 anticam
571 2388 632 2431 (cf.
652 2399 760 2433 supra
788 2400 819 2433 p.
842 2388 878 2431 7)
903 2387 1082 2422 abiturum
1111 2389 1145 2420 et
1173 2386 1215 2420 ad
1244 2385 1427 2420 contiones
1446 2385 1493 2419 ibi
1513 2396 1632 2419 coram
1650 2396 1689 2418 se
1707 2383 1890 2417 habendas

122 2442 253 2477 Canisii
288 2453 432 2487 operam
467 2441 664 2487 petiturum
701 2452 792 2476 esse.
842 2441 1048 2476 Verisimile
1084 2441 1203 2474 autem
1235 2442 1300 2480 est,
1338 2438 1600 2473 Ferdinandum
1627 2437 1693 2471 hac
1720 2437 1891 2482 petitione

121 2495 247 2540 hisque
283 2495 507 2530 contionibus
534 2495 631 2529 aliud
659 2495 836 2539 quoddam
864 2495 1063 2534 consilium,
1101 2495 1192 2538 quod
1225 2493 1295 2527 iam
1322 2495 1477 2537 ceperat,
1514 2491 1694 2526 occultare
1721 2490 1890 2525 voluisse.

122 2548 179 2584 Sic
204 2549 298 2584 enim
322 2549 359 2584 P.
380 2551 611 2583 Hermannns
633 2549 819 2593 Thyraeus
846 2547 879 2582 S.
898 2549 931 2583 J.
951 2547 1183 2593 provincialis
1209 2547 1390 2581 rhenanus
1410 2545 1595 2590 Herbipoli
1617 2545 1667 2578 13.
1690 2544 1779 2578 Iunii
1801 2545 1890 2578 1572

122 2602 160 2638 Ρ.
181 2602 362 2637 Leonardo
380 2603 509 2636 Kessel
526 2603 655 2636 rectori
675 2601 869 2636 coloniensi
887 2601 1052 2647 scripsit:
1083 2629 1096 2643 „
1109 2601 1158 2634 Ad
1179 2600 1219 2634 R.
1238 2600 1383 2634 Patrem
1403 2599 1444 2634 D.
1465 2599 1708 2633 Christianum
1728 2600 1890 2631 nostrum

123 2654 360 2700 [Halverium]
388 2655 515 2690 scribit
541 2655 644 2689 Prior
669 2655 922 2699 Friburgensis
949 2666 993 2689 ex
1020 2666 1085 2689 sua
1114 2653 1305 2688 Carthusia
1331 2654 1352 2686 4
1380 2652 1478 2697 Junij
1506 2652 1595 2686 haec
1621 2651 1731 2686 verba
1758 2651 1890 2696 Accepi

122 2720 253 2754 paucos
288 2713 370 2745 ante
407 2710 482 2744 dies
515 2709 639 2744 literas
666 2709 709 2743 de
735 2709 894 2743 aduentu
919 2708 1120 2743 Reuerendi
1148 2708 1186 2741 P.
1208 2706 1343 2752 Canisij
1371 2706 1415 2740 ad
1441 2718 1507 2740 nos
1533 2706 1593 2750 qui
1619 2717 1676 2740 me
1702 2705 1891 2739 conueniet

246 2822 255 2841 ¹
282 2821 316 2856 S.
335 2821 518 2856 Francisci
546 2822 711 2866 Borgiae.

240 2875 252 2896 ⁹
279 2875 434 2909 Litteras
452 2886 473 2909 a
491 2875 706 2919 Magdalena
723 2875 849 2919 regina
867 2874 912 2909 ad
932 2874 1127 2908 Barbaram
1146 2884 1305 2907 sororem
1323 2872 1366 2906 de
1385 2872 1424 2907 P.
1443 2871 1636 2906 Laurentio
1656 2869 1890 2905 Hermanutio

125 2926 245 2970 datas3
273 2941 307 2963 v.
326 2940 435 2974 supra
460 2941 494 2974 p.
512 2930 566 2964 19.

242 2983 255 3002 ³
280 2982 433 3016 Paulum
460 2982 660 3016 Hoffaeum.
807 2984 819 3003 ⁴
847 2982 985 3015 Alberti
1014 2993 1046 3015 V.
1068 2980 1244 3014 Bavariae
1271 2979 1384 3014 ducis.

242 3036 255 3056 ⁶
281 3036 432 3070 Hermes
458 3035 643 3081 Halbpaur
678 3036 713 3071 S.
742 3036 775 3071 J.
807 3036 866 3078 (de
892 3047 961 3079 quo
1001 3036 1087 3069 Can.
1117 3034 1149 3068 ΙΙ
1176 3033 1289 3077 390⁹)
1316 3032 1451 3067 Fuldae
1486 3032 1580 3066 inter
1615 3029 1890 3066 contionandum

126 3087 312 3133 apoplexia
335 3089 430 3124 ictus
456 3090 532 3124 vita
559 3090 669 3124 cessit
696 3089 749 3124 13.
770 3089 892 3123 Martii
922 3089 1012 3123 1572
1041 3087 1254 3130 (Sacehinus
1281 3086 1445 3122 Hist.111
1471 3085 1494 3121 l.
1515 3086 1545 3128 7,
1573 3097 1605 3119 n.
1626 3085 1699 3129 70).

243 3142 256 3162 ⁶
281 3142 373 3178 Vide
398 3154 489 3187 quae
515 3143 581 3177 sub
606 3143 706 3188 ipsas
731 3142 797 3177 has
823 3142 965 3176 litteras
992 3142 1167 3176 dicentur.
