2062 3443
812 175 867 209 25.
890 173 980 208 Iunii
1012 174 1110 207 1573.
1760 176 1844 218 675

73 296 386 338 edificationem
431 295 671 337 animarum
715 294 756 336 in
790 294 940 349 ijsdem
979 293 1176 348 partibus
1217 294 1427 348 applicari
1469 295 1649 348 possint,
1692 298 1736 338 et
1769 309 1845 337 ex-

72 362 223 403 erceri

76 434 95 473 1
193 431 414 473 Concessit
447 434 495 474 ut
527 431 767 486 dispensari
794 431 933 486 possit
955 430 1070 471 circa
1094 429 1277 471 indicem
1302 430 1506 471 librorum
1531 430 1844 484 prohibitorum

71 500 115 539 et
147 497 238 539 eius
271 497 446 550 regulas
490 511 585 538 cum
619 496 779 538 nostris
812 496 882 549 qui
925 498 1026 537 sunt
1059 495 1305 545 SocietatiS,
1350 498 1395 537 et
1428 509 1523 537 cum
1564 496 1758 537 externis
1791 497 1845 538 ad

71 576 150 604 nos
183 562 225 603 in
267 561 347 603 hoc
381 575 483 603 casu
518 561 853 611 recurrentibus,
889 561 959 614 qui
992 560 1157 608 iuditio,
1202 563 1246 601 et
1287 560 1451 614 pietate
1495 560 1679 614 praediti
1713 561 1846 603 detri-

70 628 263 669 mentum
296 626 394 668 inde
428 626 596 680 capturi
630 641 713 668 non
746 629 860 674 sunt.
896 628 940 668 et
972 639 1023 667 ea
1056 625 1227 667 ratione
1260 626 1389 666 rebus
1412 625 1633 678 religionis
1657 640 1847 668 commo-

70 692 173 734 dare
207 694 402 745 possunt,
436 691 477 732 in
513 705 614 733 casu
649 691 939 741 necessitatis,
974 693 1018 732 et
1050 691 1103 732 ad
1138 690 1474 744 oppugnandum
1507 694 1693 733 tantum.

71 758 95 798 2
189 757 410 798 Concessit
434 760 481 798 ut
503 757 575 798 ubi
597 756 829 798 Concilium
856 770 939 797 non
963 755 1220 809 publicatur,
1256 756 1325 797 uel
1348 770 1431 796 non
1455 759 1669 806 seruatur,
1701 755 1846 798 Socie-

68 825 138 864 tas
163 820 284 875 [ad]²
317 821 605 863 obedientiam
637 835 742 874 erga
765 821 1008 863 ordinarios
1031 821 1354 875 praestandam,
1390 820 1470 861 nisi
1495 821 1728 864 accedente
1751 835 1845 875 spe-

69 887 165 929 ciali
190 887 378 940 ipsorum
402 889 650 940 praecepto,
675 901 758 928 non
783 887 999 940 obligetur
1017 890 1047 935 ¹;
1071 886 1146 928 sed
1170 886 1296 928 iuxta
1318 888 1510 927 ueterem
1535 901 1658 928 suum
1682 900 1846 928 morem

68 952 288 1006 procedat.
331 952 444 994 sicut
486 952 616 994 etiam
651 952 822 1005 quando
866 952 920 994 ad
954 951 1196 993 ordinarios
1230 951 1443 993 difficilisb
1476 954 1544 994 est
1576 951 1732 1001 aditus,
1775 953 1847 994 uel

68 1017 305 1071 periculum
349 1020 417 1059 est
450 1031 503 1058 ne
536 1017 597 1058 illi
631 1032 708 1059 nos
740 1017 979 1071 impediant
1019 1017 1062 1058 in
1095 1016 1295 1058 iuuandis
1327 1016 1452 1058 iuxta
1491 1019 1687 1059 nostrum
1720 1017 1846 1060 insti-

71 1086 238 1125 tutumc
269 1082 508 1126 animabus,
604 1129 607 1132 ,

69 1150 94 1190 3
190 1148 412 1190 Concessit
444 1147 700 1190 facultatem
736 1147 988 1189 absoluendi
1021 1147 1249 1200 quoslibet,
1284 1161 1310 1189 3
1332 1146 1554 1200 quibusuis
1583 1147 1766 1197 casibus,
1802 1150 1847 1191 et

71 1213 280 1263 censuris,
321 1216 365 1255 et
398 1214 635 1255 reseruatis
667 1213 709 1254 in
744 1213 860 1255 bulla
893 1213 1062 1255 Coenae
1095 1212 1280 1263 Domini,
1321 1216 1365 1254 et
1398 1212 1675 1267 dispensandi
1717 1227 1847 1268 super

66 1278 467 1332 irregularitatibus
512 1279 654 1321 dictae
697 1279 841 1320 bullae
886 1278 1037 1320 casusd
1083 1278 1467 1331 consequentibus,
1511 1279 1604 1321 sine
1646 1279 1734 1321 ulla
1775 1293 1845 1321 re·

68 1343 296 1386 strictione
310 1345 338 1388 2.

67 1411 93 1450 4
186 1408 409 1452 Concessit
441 1408 496 1450 ad
529 1408 881 1463 pmmouendam,
917 1411 962 1451 et
990 1408 1235 1461 augendam
1269 1408 1542 1451 deuotionem
1577 1423 1738 1460 eorum,
1773 1410 1845 1463 qui

66 1473 251 1525 scholas,
286 1477 331 1517 et
352 1474 517 1527 templa
539 1477 689 1516 nostra
712 1474 1006 1527 frequentant,
1039 1476 1087 1515 ut
1109 1488 1233 1516 sacro
1256 1477 1454 1528 tempore
1477 1474 1846 1529 Quadragesimae

67 1542 113 1582 et
146 1540 189 1581 in
223 1539 427 1582 Aduentu
460 1539 631 1581 Domini
674 1539 857 1594 alijsque
889 1539 1038 1581 festis⁶
1070 1539 1242 1581 Domini
1282 1539 1432 1590 nostri,
1478 1540 1526 1582 B.
1551 1540 1758 1594 Virginis,
1802 1543 1846 1583 et

68 1604 391 1659 Apostolorum,
415 1607 506 1646 tum
530 1604 682 1654 nostri,
716 1608 807 1647 tum
833 1607 1080 1647 nostrarum
1104 1604 1349 1646 scholarum
1377 1605 1573 1656 studiosi,
1608 1606 1845 1649 recitantes

69 1669 296 1723 quinquies
328 1670 461 1712 Pater
494 1673 538 1712 et
571 1670 665 1712 Aue
697 1670 740 1711 in
773 1670 953 1724 Templo
986 1669 1178 1723 Collegij,
1214 1670 1255 1711 in
1289 1670 1495 1712 honorem
1529 1670 1717 1724 quinque
1750 1671 1845 1712 uul-

68 1749 217 1777 nerum
268 1735 532 1785 Saluatoris‚
576 1739 620 1778 et
666 1749 744 1789 pro
788 1736 984 1777 Ecclesia
1028 1734 1247 1777 Romanaf
1291 1736 1567 1790 omniumque
1615 1736 1844 1779 haeresum

69 1800 376 1855 extimatione,
410 1800 719 1853 Jndulgentias
741 1801 979 1844 stationum
998 1801 1129 1842 Vrbis
1159 1803 1479 1854 consequantur
1492 1802 1520 1852 3,
1555 1804 1599 1844 et
1622 1805 1670 1844 ut
1692 1802 1844 1844 eadem

67 1866 213 1919 gratia
255 1865 310 1908 ad
350 1866 500 1908 fideles
532 1865 759 1919 utriusque
791 1880 936 1917 sexus,
980 1865 1052 1919 qui
1085 1866 1129 1907 in
1160 1866 1335 1920 templis
1368 1867 1530 1909 nostris
1568 1869 1845 1910 sacramenta

68 1930 352 1984 frequentant
393 1931 699 1982 extendatur&
744 1931 817 1984 qui
858 1931 989 1974 etiam
1031 1932 1073 1973 in
1117 1931 1224 1973 hora
1263 1929 1487 1986 [mortis]¹¹
1528 1946 1605 1986 per
1647 1946 1712 1983 se,
1757 1931 1846 1974 ueli

65 2009 143 2051 per
176 1996 307 2038 alium
340 1999 409 2039 ter
441 2010 597 2038 nomen
629 1997 734 2039 Jesu
766 1997 1024 2047 inuocando,
1058 1996 1128 2039 uel
1160 1999 1229 2039 ter
1250 1999 1402 2050 pectus
1424 1997 1659 2049 tundendo,
1694 1998 1844 2052 plena-

66 2061 176 2103 riam
208 2061 536 2114 Jndulgentiam
570 2062 941 2115 promereanturk.
987 2061 1238 2115 Quicunque
1271 2061 1401 2103 etiam
1437 2062 1479 2104 in
1513 2062 1639 2105 festis
1672 2062 1844 2105 Domini

66 2126 219 2168 Nostri
261 2130 305 2169 et
337 2127 385 2168 B.
410 2126 604 2180 Virginis
641 2140 692 2168 ac
743 2126 919 2181 insuper
951 2126 1178 2169 Dominica
1218 2126 1359 2181 prima
1402 2127 1631 2170 cuiuslibet
1668 2128 1842 2179 mensis,

67 2194 168 2246 post
209 2191 537 2242 confessionem,
581 2194 625 2234 et
657 2193 1001 2234 communionem
1034 2206 1219 2243 sacram,
1262 2192 1484 2234 Psalmum
1516 2192 1739 2244 Miserere,
1773 2193 1844 2235 uel

66 2256 158 2298 eius
190 2257 284 2299 1060
323 2261 391 2299 ter
422 2257 568 2306 Pater,
603 2259 648 2299 et
679 2259 787 2309 Aue,
821 2272 900 2312 pro
924 2258 1134 2300 Pontifice
1166 2257 1343 2300 Summo
1366 2258 1522 2300 ibidem
1558 2258 1732 2308 dixerit,
1765 2259 1844 2301 Jn-

66 2321 335 2375 dulgentiam
359 2322 598 2376 plenariam
622 2326 925 2376 consequatur.
960 2323 1197 2365 Praeterea
1220 2323 1462 2376 quicunque
1486 2323 1629 2376 aliquo
1648 2326 1844 2378 tempore

185 2416 214 2446 a)
236 2416 296 2440 Hoc
316 2423 340 2440 v.
360 2414 497 2447 supplevi
524 2424 560 2441 ex
580 2416 606 2440 B
622 2417 650 2441 C.
725 2414 755 2446 b)
777 2414 898 2441 dificilis
919 2417 953 2441 A.
1028 2416 1055 2447 6)
1076 2413 1217 2440 institum
1238 2416 1273 2439 A.
1349 2415 1380 2446 d)
1402 2416 1526 2440 Correxi
1545 2424 1582 2440 ex
1600 2417 1627 2441 B
1642 2417 1680 2447 C;
1700 2418 1743 2441 A:
1767 2415 1843 2442 casi-

65 2453 130 2481 bus.
199 2459 227 2481 ei
248 2456 320 2482 festi
342 2459 376 2481 A.
432 2456 456 2488 f)
478 2456 574 2482 Roma
595 2459 628 2482 A.
697 2458 727 2489 g)
755 2457 963 2482 extendantur
982 2458 1016 2482 A.
1086 2455 1117 2488 h)
1138 2456 1278 2488 Suppleci
1297 2465 1334 2481 ex
1353 2458 1379 2482 B
1395 2458 1423 2482 C.
1497 2457 1518 2489 i)
1539 2458 1599 2482 Hoc
1620 2466 1643 2483 v.
1664 2458 1742 2483 deest
1762 2459 1793 2483 in
1814 2459 1843 2484 C.

65 2495 97 2529 k)
117 2499 333 2529 promereatur
353 2501 387 2523 Α.

190 2585 200 2605 ¹
226 2584 363 2626 Quibus
397 2586 433 2620 in
469 2587 577 2621 rebus
611 2590 646 2621 et
673 2599 744 2632 qua
770 2587 908 2622 ratione
940 2600 985 2622 ex
1012 2588 1162 2623 Concilii
1189 2588 1390 2623 Tridentini
1417 2587 1559 2631 legibus
1585 2587 1746 2631 religiosi
1772 2589 1843 2633 epi-

65 2638 185 2683 scopis
222 2650 367 2673 suarum
405 2640 622 2675 dioecesium
657 2641 736 2675 sive
766 2641 996 2684 „ordinariis“
1036 2653 1162 2687 parere
1198 2642 1361 2682 debeant,
1398 2642 1480 2676 vide
1506 2641 1542 2675 in
1571 2642 1659 2676 Can.
1684 2641 1710 2675 V
1737 2642 1844 2677 417¹.

66 2691 106 2727 P.
125 2693 345 2726 Franciscus
363 2695 521 2728 Antonio
540 2693 575 2728 S.
595 2694 638 2734 J.‚
658 2694 796 2728 Mariae
814 2695 1055 2740 imperatricis
1074 2696 1309 2734 contionator,
1337 2694 1548 2729 Vindobona
1567 2695 1622 2730 29.
1643 2695 1723 2729 Iulii
1752 2695 1843 2729 1572

65 2744 243 2790 *scripsit
278 2746 318 2781 P.
348 2746 566 2792 Hieronymo
592 2747 714 2782 Natali
745 2748 880 2782 vicario
915 2749 1075 2792 generali
1102 2748 1136 2783 S.
1165 2749 1218 2783 J.:
1259 2748 1415 2791 „Desseo
1441 2748 1547 2783 saber
1571 2749 1601 2783 si
1636 2749 1752 2794 puedo
1778 2761 1844 2794 oyr

66 2797 322 2833 Confessiones
347 2801 490 2844 quando
517 2812 590 2846 voy
615 2801 766 2842 camino,
793 2802 848 2835 sin
877 2802 1001 2836 acudir
1027 2802 1061 2836 al
1089 2801 1286 2836 ordinario:
1315 2813 1379 2846 por
1405 2813 1474 2846 que
1500 2801 1546 2836 he
1563 2802 1658 2837 visto
1685 2814 1786 2837 como
1804 2814 1843 2837 es

65 2852 271 2886 necessario
309 2864 378 2897 que
413 2865 476 2888 sea
511 2865 577 2888 con
603 2855 843 2899 approbacion
870 2855 927 2889 del
954 2855 1135 2889 ordinario
1155 2883 1162 2889 .
1183 2883 1190 2889 .
1211 2882 1218 2890 .
1255 2866 1333 2889 mas
1369 2866 1469 2889 como
1496 2856 1707 2890 caminando
1732 2868 1778 2890 no
1804 2867 1844 2890 se

65 2905 179 2950 puede
215 2905 296 2939 bien
328 2906 436 2940 hazer
462 2909 550 2948 esto,
584 2919 608 2952 y
636 2907 670 2941 la
696 2910 794 2942 corte
820 2920 868 2953 ya
893 2920 941 2942 va
966 2920 988 2943 a
1013 2920 1086 2942 vna
1113 2908 1264 2949 diocese,
1298 2919 1347 2954 ya
1376 2920 1397 2942 a
1423 2911 1511 2949 otra,
1547 2920 1648 2943 como
1673 2921 1712 2943 36
1737 2920 1844 2954 spera

65 2969 134 3002 que
161 2969 243 2992 sera
269 2960 346 2992 este
368 2958 546 3004 jniuerno,
582 2960 707 2995 desseo
734 2961 840 2995 saber
865 2961 899 2995 10
925 2972 995 3005 que
1020 2961 1136 3006 puedo
1161 2973 1186 3006 y
1213 2961 1304 2995 deuo
1331 2961 1439 2995 hazer
1457 2987 1465 2995 .
1481 2987 1489 2995 .
1509 2974 1539 3003 .;
1566 2973 1695 3007 parece
1721 2973 1843 2997 neces-

67 3011 162 3045 sario
191 3011 223 3045 el
251 3011 390 3046 allanar
416 3012 449 3046 el
476 3013 637 3048 camino“
668 3013 731 3057 (ex
758 3017 918 3058 autogr.;
951 3013 1071 3049 Germ.
1095 3014 1162 3049 134
1189 3015 1213 3048 f.
1233 3014 1324 3058 59¹²).

186 3064 199 3085 ²
227 3063 280 3099 Cf.
304 3066 390 3100 Can.
409 3064 460 3100 VI
487 3066 555 3101 205
570 3067 592 3100 Β.

186 3118 199 3138 ⁸
225 3117 304 3151 Hae
329 3117 498 3153 fidelibus
524 3119 733 3163 offeruntur,
761 3120 821 3165 qui
849 3121 893 3154 ad
920 3120 1094 3155 ecclesias
1120 3120 1294 3165 quasdam
1321 3120 1421 3156 urbis
1447 3132 1615 3156 romanae
1633 3122 1741 3157 statis
1759 3121 1842 3156 anni

67 3170 192 3205 diebus
218 3170 373 3205 adierint
398 3171 517 3216 ibique
544 3173 770 3217 precationes
795 3174 971 3218 quasdam
998 3174 1152 3208 fecerint
1177 3176 1245 3208 616.

1478 3233 1553 3268 43*
