2062 3443
667 162 866 207 Oeniponte
893 162 925 196 6.
948 161 1082 205 Aprilis
1112 161 1213 195 1575.
1743 162 1826 203 289

179 284 312 326 Binas
354 283 400 325 P.
425 283 472 324 T.
508 282 692 324 alteram
737 281 759 322 7
795 279 1032 332 Februarii,
1076 279 1240 320 alteras
1285 281 1310 320 4
1352 277 1497 331 Martij
1544 277 1742 330 scriptas,
1786 279 1830 318 et

57 349 320 405 posteriores
362 347 560 401 quidem*
593 349 723 388 antea
763 345 970 394 redditas,
1014 347 1265 386 reuerenter
1311 343 1470 397 accepi.
1535 342 1655 391 Quod
1697 342 1831 395 igitur

56 415 113 458 ad
150 413 371 468 negotium
415 427 511 454 cum
555 411 764 454 Sereniss.
807 409 1006 463 Principe
1048 411 1198 451 nostro
1241 410 1483 451 confectum
1526 410 1711 462 spectat,
1753 420 1830 448 suo

56 480 129 522 ille
173 479 336 533 scripto
380 477 653 527 testabitur¹’,
700 476 813 518 sicut
858 477 902 517 et
950 474 1053 516 mihi
1101 474 1274 528 copiose
1322 477 1513 516 testatus
1560 475 1627 515 est
1670 486 1830 521 coram,

57 545 104 588 P.
138 545 186 586 T.
221 543 463 598 epistolam,
504 544 549 584 et
593 541 851 596 promissum
894 541 935 581 in
979 539 1054 581 illa
1096 539 1320 582 societatis
1362 543 1538 582 nostrae
1577 537 1830 590 obsequium

56 610 137 652 sibi
170 609 298 652 ualde
330 608 558 663 placuisse,
594 620 733 660 neque
756 620 864 660 opus
888 605 1020 647 fuisse
1044 605 1124 647 hac
1147 605 1450 655 sollicitudine,
1484 607 1533 646 ut
1554 603 1674 645 uelut
1697 604 1832 644 offen-

55 689 151 718 sum
183 674 318 729 ipsius
350 687 457 727 erga
488 687 567 714 nos
600 673 790 714 animum
823 685 935 713 nouo
969 670 1112 713 studio
1146 670 1514 712 conciliaremus1.
1562 668 1669 710 Vult
1699 668 1834 720 igitur

56 754 108 783 ac
140 740 260 782 iubet
292 753 318 781 a
350 752 396 780 se
428 752 597 780 summa
630 737 811 791 sperari,
845 749 1102 789 omnemque
1125 749 1150 777 a
1171 735 1295 777 nobis
1321 737 1484 777 metum
1508 733 1649 787 abijci,
1683 747 1832 775 uerum

56 820 141 848 non
174 804 355 854 timoris,
388 803 465 846 sed
498 803 658 845 amoris
691 804 895 844 affectum
929 801 1123 855 exigens.
1174 801 1303 843 Mitto
1337 803 1526 850 coetera,
1561 798 1715 852 quibus
1748 812 1833 840 non

56 871 239 914 obscure
280 883 402 911 suam
445 882 551 921 erga
589 882 667 910 nos
709 866 1056 910 beneuolentiam
1099 866 1352 917 declarauit,
1396 869 1439 908 et
1480 867 1676 907 nostram
1710 863 1833 917 quasi

56 934 357 986 diffidentiam,
392 934 506 987 quod
538 939 643 975 non⁰
675 932 959 975 confidentius
991 934 1123 985 atque
1156 931 1412 973 familiarius
1436 945 1530 973 cum
1564 930 1657 984 ipso
1681 942 1834 982 agere-

57 1015 166 1051 mus,
209 1000 328 1042 uisus
366 1003 434 1041 est
466 1011 718 1052 coarguere.
781 997 935 1051 Neque
979 1010 1091 1038 nunc
1132 999 1459 1051 praeceptorem
1502 995 1602 1049 filijs
1643 994 1777 1036 ullum
1811 1008 1834 1035 e

57 1065 218 1109 nostris
267 1065 359 1107 dari
406 1064 531 1119 petit,
584 1065 826 1118 expectans
879 1065 1109 1105 externum
1157 1062 1345 1115 aliquem
1394 1060 1491 1102 huic
1537 1057 1833 1113 obeundo⁰[?]

56 1131 279 1174 subeundo
321 1144 486 1185 parem,
528 1132 578 1172 ut
617 1128 841 1183 probabile
881 1128 940 1171 sit
978 1142 1056 1170 nos
1088 1127 1168 1169 hoc
1201 1141 1331 1169 onere
1364 1140 1541 1180 prorsus
1574 1125 1834 1175 liberandos,

58 1197 172 1251 quod
195 1196 382 1239 Rector2
413 1198 563 1238 noster
585 1209 610 1237 a
634 1195 679 1237 P.
696 1193 963 1237 Prouintiale
977 1194 993 1221 3
1015 1193 1285 1235 submonitus
1307 1205 1571 1246 magnopere
1592 1193 1834 1234 recusarat.

57 1262 200 1312 Quare
233 1261 405 1303 diuinae
442 1260 628 1303 bonitati
661 1262 704 1302 et
737 1259 783 1302 P.
807 1259 857 1302 T.
890 1258 1059 1313 gratias
1099 1258 1301 1312 ingentes
1339 1257 1521 1310 agimus,
1565 1255 1679 1299 tanti
1712 1255 1835 1298 Prin-

59 1327 166 1382 cipis
199 1326 389 1369 animum
421 1329 513 1368 tam
546 1325 742 1367 suauiter
774 1338 904 1378 quam
936 1324 1173 1379 prudenter
1204 1322 1328 1365 nobis
1361 1322 1623 1375 aequiorem,
1666 1321 1835 1375 totique

59 1391 260 1435 societati
292 1391 586 1445 benigniorem
621 1390 785 1433 factum
819 1403 928 1432 esse.
973 1389 1093 1432 Nihil
1117 1388 1229 1431 enim
1258 1391 1326 1430 est
1349 1388 1537 1439 dubium,
1572 1386 1836 1441 permoleste

59 1457 121 1500 illi
155 1457 390 1511 contigisse
431 1456 665 1510 repulsam,
709 1469 837 1509 quam
871 1469 927 1497 ex
958 1468 1166 1508 responso
1199 1453 1399 1495 Rectoris
1431 1452 1611 1507 accepit,
1654 1452 1837 1505 ideoque

60 1522 224 1565 multad
258 1522 310 1564 de
343 1524 494 1564 nostra
526 1524 618 1564 tum
651 1520 979 1573 ingratitudine,
1013 1522 1104 1562 turn
1128 1518 1369 1573 asperitate
1392 1520 1572 1571 questus
1594 1519 1674 1568 est,
1708 1530 1838 1571 prae-

59 1587 209 1630 sertim
244 1601 374 1641 quum
408 1587 494 1629 alia
526 1586 739 1640 quaedam
763 1585 1034 1636 accederent,
1068 1585 1113 1627 in
1145 1584 1300 1638 quibus
1322 1584 1485 1626 Rector
1516 1585 1666 1625 noster
1698 1596 1745 1624 se
1776 1582 1837 1624 illi

60 1653 264 1708 opposuit
295 1653 338 1694 in
372 1652 546 1694 scholae
579 1654 624 1694 et
656 1651 860 1694 classium
891 1650 1147 1694 mutatione.
1211 1650 1364 1692 Dicam
1397 1652 1544 1691 autem
1587 1649 1684 1698 duo,
1728 1661 1838 1701 quae

62 1718 167 1761 mihi
200 1718 371 1772 quidem
401 1717 570 1760 utiliter
592 1717 864 1759 obseruanda
885 1716 1100 1767 uidentur,
1135 1730 1190 1758 ne
1216 1715 1261 1757 in
1283 1717 1529 1769 posterume
1561 1713 1692 1756 hosce
1715 1713 1838 1755 Prin-

62 1784 180 1838 cipes
213 1783 446 1833 offendere,
480 1785 525 1825 et
556 1785 790 1835 utcumque
822 1796 848 1824 a
879 1782 1003 1824 nobis
1036 1781 1286 1824 abalienare
1317 1779 1584 1835 pergamus‘.
1638 1779 1838 1822 Alterum

61 1854 142 1900 est,
176 1852 224 1892 ut
256 1849 302 1892 P.
327 1848 608 1891 Prouintialis
640 1847 747 1889 nulli
769 1847 1016 1902 Principum
1049 1849 1125 1889 aut
1147 1845 1342 1899 Reginae
1375 1845 1603 1899 quicquam
1637 1845 1837 1898 deneget,

61 1918 139 1958 aut
171 1928 198 1957 a
228 1914 486 1956 Rectoribus
519 1912 727 1967 denegari
758 1912 885 1963 sinat,
919 1912 1000 1954 nisi
1032 1926 1080 1954 re
1112 1911 1231 1966 prius
1254 1911 1414 1953 collata
1446 1925 1542 1952 cum
1575 1910 1622 1952 P.
1646 1910 1694 1952 T.
1729 1923 1840 1963 quae

61 1979 170 2023 satis
202 1979 414 2033 agnoscit,
449 1979 599 2032 quanti
621 1978 800 2028 referat,
834 1977 1120 2032 paucissimos
1145 1976 1404 2018 Germaniae
1436 1975 1651 2029 principes
1680 1975 1840 2017 Catho-

62 2045 168 2088 licos
210 2059 295 2086 non
334 2044 513 2094 duriter,
558 2044 634 2085 sed
675 2043 871 2086 suauiter
903 2043 1134 2085 admodum
1177 2056 1202 2084 a
1235 2041 1387 2083 nobius
1427 2040 1626 2091 tractari,
1669 2039 1839 2082 etiamsi

63 2109 255 2152 nonnihil
295 2110 522 2152 molestiae
561 2111 606 2151 et
638 2109 782 2151 oneris
815 2108 1045 2150 accederet
1076 2107 1292 2150 societati.
1358 2107 1420 2148 Ac
1453 2105 1633 2148 subinde
1668 2105 1840 2159 quidem

64 2175 261 2229 Regina4
304 2175 521 2229 queritur,
556 2175 669 2227 quod
712 2174 820 2216 adeo
863 2173 1060 2216 difficiles
1106 2187 1156 2214 ac
1200 2172 1360 2214 morosi
1406 2185 1501 2213 esse
1543 2171 1746 2220 uelimus,
1793 2173 1842 2213 ut

63 2241 269 2283 maiorem
295 2239 539 2294 Principum
565 2240 877 2282 Germanorum
901 2238 1115 2281 rationem
1148 2251 1233 2279 non
1260 2237 1517 2279 habeamus:
1552 2250 1631 2278 nos
1663 2235 1841 2278 nimium

65 2320 142 2360 pro
183 2309 334 2348 nostra
375 2305 580 2347 libertate
612 2318 822 2359 pugnare,
864 2303 1003 2346 lenius
1046 2302 1260 2357 agendum
1294 2316 1402 2352 esse,
1446 2301 1483 2343 si
1516 2301 1841 2343 benefactorum

64 2371 233 2413 animos
276 2371 357 2412 hoc
399 2373 595 2425 tempore
639 2370 764 2411 nobis
809 2372 853 2412 et
884 2369 1107 2411 Ecclesiae
1153 2368 1406 2411 conciliatos
1447 2370 1579 2420 atque
1618 2367 1842 2409 deuinctos

66 2435 304 2490 cupiamus.
367 2435 568 2478 Alterum
603 2439 683 2486 est,
717 2438 766 2478 ut
798 2435 1008 2477 Rectores
1040 2434 1083 2475 in
1115 2434 1244 2475 rebus
1276 2433 1484 2486 grauibus
1516 2432 1607 2474 siue
1641 2431 1842 2485 Principi,

66 2502 159 2543 siue
211 2501 308 2555 alijs
360 2500 633 2555 responsuri,
687 2514 787 2542 suos
839 2499 1024 2554 primum
1073 2498 1342 2541 consiliarios
1395 2497 1545 2539 audire
1597 2497 1840 2547 iubeantur,

67 2579 244 2619 remque
286 2566 517 2620 diligenter
557 2566 845 2615 considerent,
889 2568 966 2607 aut
1007 2565 1060 2606 ad
1103 2564 1240 2618 ipsum
1284 2563 1479 2605 referant
1516 2562 1841 2612 Prouintialem,

67 2631 318 2686 priusquam
359 2632 430 2673 uel
472 2631 573 2673 uiua
605 2644 724 2681 uoce,
768 2630 836 2672 uel
870 2630 1032 2684 scripto
1066 2629 1325 2671 concludant
1364 2632 1409 2670 et
1441 2627 1689 2682 expediant,
1733 2641 1843 2681 quae

69 2696 249 2738 alicuius
281 2710 377 2738 esse
409 2696 617 2738 momenti
650 2696 924 2738 uidebuntur.
972 2695 1028 2736 Jd
1062 2694 1097 2736 si
1130 2694 1293 2736 factum
1327 2696 1444 2736 esset
1472 2693 1515 2734 in
1541 2693 1622 2735 hoc
1645 2692 1842 2746 collegio,

69 2761 233 2803 minusg
266 2761 496 2804 Rectorem
531 2760 737 2815 Princeps
769 2760 1025 2810 incusasset‚
1069 2760 1120 2801 dc
1154 2773 1236 2812 quo
1270 2773 1401 2813 saepe
1443 2761 1623 2811 questus
1668 2761 1735 2800 est
1778 2757 1844 2800 his

190 2849 216 2878 a)
239 2848 378 2879 Sequitur
397 2853 458 2877 rec,
485 2848 573 2872 omitt.
679 2847 710 2879 b)
730 2849 765 2872 In
786 2848 927 2879 mnryine,
955 2855 1042 2871 mann
1065 2854 1186 2870 romana
1208 2846 1299 2870 effusa.
1321 2849 1423 2877 temp„-
1449 2844 1649 2870 Conciliatum
1669 2844 1757 2870 nobis
1777 2851 1845 2869 esse

74 2887 256 2922 Principem.
350 2890 377 2920 c)
399 2890 538 2921 sequitur
559 2888 746 2919 diffidenter,
766 2890 857 2913 oblitt.
950 2888 980 2919 (1)
1002 2889 1067 2919 Sic;
1089 2888 1234 2912 vnlelmtne
1254 2888 1381 2912 scribere
1402 2886 1470 2912 huie
1490 2886 1630 2911 muneri?
1650 2888 1691 2911 vel
1711 2886 1780 2911 huic
1800 2885 1846 2912 os-

71 2928 160 2955 ficio?
232 2932 260 2962 e)
283 2931 422 2962 Sequitur
442 2929 502 2961 ille,
523 2931 613 2955 oblitt.
688 2931 712 2961 f)
734 2931 873 2962 Sequitur
893 2937 970 2961 cum,
989 2930 1078 2954 omitt.
1155 2930 1185 2960 g)
1207 2930 1242 2953 Ιη
1263 2929 1404 2960 margine,
1431 2936 1518 2953 manu
1540 2936 1609 2953 rom.
1630 2929 1722 2953 eiusd.
1744 2931 1847 2959 Iemp.:

73 2970 148 3002 Quid
170 2970 228 2997 sibi
248 2971 390 2997 uideatur
409 2971 439 2997 in
461 2972 621 3005 posterum
641 2970 867 2997 obseruandum
889 2978 956 2996 cum
978 2970 1062 2996 hisce
1081 2969 1239 3003 principib:

194 3060 203 3079 ¹
230 3059 283 3093 De
308 3059 376 3094 hac
402 3059 597 3094 offensione
615 3071 650 3094 ν.
669 3071 779 3104 supra
805 3071 838 3104 p.
858 3059 938 3094 283.
983 3058 1197 3092 Ferdinandi
1223 3058 1267 3091 Il.
1287 3057 1491 3091 archiducis
1516 3057 1559 3091 ad
1579 3057 1845 3091 Mercurianum

75 3112 232 3156 epistula
258 3112 324 3146 sub
351 3113 450 3157 ipsas
476 3112 543 3147 has
569 3112 710 3147 litteras
737 3115 901 3157 ponetur.
1047 3111 1060 3132 ²
1086 3112 1125 3145 P.
1144 3110 1382 3145 Wendelinus
1408 3110 1535 3145 Volck.

194 3165 208 3186 ³
232 3165 347 3200 Paulo
374 3166 534 3200 Hoffaeo.
679 3168 692 3186 ⁴
718 3165 946 3209 Magdalena.

145 3227 170 3254 B
179 3236 194 3254 r
203 3235 245 3254 au
253 3236 271 3254 n
282 3237 296 3255 s
304 3229 322 3255 b
333 3237 348 3255 e
358 3237 373 3256 r
381 3237 423 3262 ge
433 3237 448 3255 r
456 3249 462 3260 ‚
484 3229 596 3255 Cauisii
616 3228 772 3263 Epistulae
792 3230 824 3255 et
844 3229 930 3255 Aeta.
960 3228 1025 3254 vn.
1517 3223 1559 3257 19
