2062 3443
603 191 698 226 Mon.
727 190 828 225 1152.
863 190 970 224 -Inter
996 200 1027 223 a.
1051 188 1142 223 1573
1169 191 1206 222 et
1233 189 1334 224 1578.
1770 190 1856 232 689

82 309 223 346 1152.
299 307 401 344 Inter
427 318 460 344 a.
489 307 568 343 1573
595 309 633 343 et
660 306 754 342 1578.

204 369 255 402 Ex
282 368 371 402 libro
396 370 568 410 „Antonii
587 369 777 411 Passerim‘,
797 366 831 400 S.
851 367 896 406 J.,
922 364 1105 399 Moscovia
1131 367 1168 398 et
1193 364 1264 398 alia
1291 376 1411 409 opera,
1438 375 1533 398 nunc
1559 364 1673 408 primo
1692 364 1726 397 in
1746 375 1856 397 vnum

82 422 249 457 volumen
276 422 438 462 collecta,
466 425 574 465 atque
601 422 645 455 ab
673 421 826 466 ipsomet
851 422 997 454 auctore
1024 418 1214 452 emendata
1242 420 1276 451 et
1303 418 1443 458 aucta“,
1472 417 1638 452 Coloniae
1662 417 1761 457 1587,
1789 417 1855 450 377

82 475 280 514 380—381,
308 478 343 508 et
369 486 414 509 ex
442 475 698 508 commentario
725 485 832 507 manu
859 472 992 506 saeculi
1012 470 1107 505 XVI.
1129 483 1240 516 paene
1268 470 1435 504 exeuntis
1464 470 1546 513 (sub
1572 482 1604 504 a.
1626 470 1726 510 1577,
1753 469 1855 514 puto)

81 529 225 574 scripto,
263 529 355 572 quod
393 531 515 562 exstat
548 527 785 562 Carolsruhae
822 527 856 560 in
892 525 1040 560 archivo
1075 524 1234 568 generali
1270 524 1488 568 reipublicae
1522 524 1709 564 badensis,
1744 522 1858 557 tabul.

81 581 245 627 Episcop.
275 582 472 621 Constant„
505 582 615 622 ,Acta
643 580 748 615 Cone.
776 579 935 613 Trident.
962 577 1198 623 spectantia“‚
1227 578 1314 611 fasc.
1338 577 1410 619 „De
1437 576 1686 611 catechismis“
1717 579 1795 616 etc,
1822 578 1858 610 et

81 646 125 669 ex
153 635 390 680 epistularum
414 635 598 669 possevini
627 633 845 679 apographis
873 632 996 666 eodem
1016 632 1090 666 fere
1111 634 1272 676 tempore
1291 631 1446 675 scriptis,
1474 642 1566 675 quae
1584 632 1670 664 sunt
1689 630 1722 663 in
1745 628 1857 674 „Opp.

80 688 157 723 NN.
178 689 265 723 328⁸
290 701 322 733 p.
342 690 361 723 6
389 689 412 722 f.
439 692 480 723 1¹¹.
518 689 649 722 Locum
680 686 866 721 Possevini
886 698 931 720 ex
954 685 1180 727 „Moscovia“
1211 685 1432 729 exscriptum
1461 696 1506 718 ex
1525 683 1685 718 eiusdem
1710 683 1857 725 „Biblio-

81 741 187 776 theca
221 742 376 776 selecta“
419 742 569 785 (Romae
603 741 733 784 1593),
770 740 829 774 ubi
864 738 1024 774 nonnihil
1059 740 1267 772 contractus
1303 742 1377 781 est,
1413 737 1617 781 germanice
1645 737 1755 771 vertit
1780 737 1860 770 Fell

81 794 104 830 l.
132 807 160 829 c.
189 795 270 830 546.

200 856 408 888 Possesinus
431 857 590 897 gyrat-iter
617 855 833 888 commendat
856 854 995 887 Canisli
1020 852 1277 886 catechismum.
1313 852 1384 885 Hic
1412 852 1569 885 omnium
1589 851 1696 884 huius
1719 852 1859 894 yeneris

81 908 278 942 libellorum
309 910 560 941 usitatissimus
585 913 641 941 est.

205 982 240 1022 1.
266 980 314 1022 Ρ.
339 981 553 1021 Antonius
576 980 828 1021 Possevinus
851 980 895 1021 S.
915 978 956 1020 J.
983 977 1036 1019 ad
1066 977 1266 1028 „Ivonem
1300 976 1546 1018 Tarterium
1580 973 1641 1030 [le
1663 973 1855 1029 Tartier]

83 1044 259 1087 maioris
302 1044 513 1086 ecclesiae
546 1045 776 1086 Trecensis
808 1042 1011 1097 (Troyes)
1044 1042 1088 1084 in
1121 1042 1262 1084 Gallia
1295 1042 1559 1091 Decanum“,
1600 1040 1672 1094 qui
1706 1044 1858 1095 postea

83 1123 110 1152 a
142 1109 407 1152 Calvinianis
450 1109 617 1151 occisus
650 1112 738 1160 est,
772 1109 911 1151 Roma
944 1110 1012 1152 29.
1038 1107 1305 1162 Septembris
1345 1108 1455 1148 1576
1498 1106 1616 1148 dedit
1656 1105 1857 1159 longissi-

85 1189 198 1217 mam
233 1174 465 1229 epistulam
504 1175 593 1224 „De
625 1174 900 1225 necessitate,
935 1173 1127 1216 vtilitate
1160 1187 1211 1215 ac
1242 1172 1411 1215 ratione
1445 1171 1625 1213 docendi
1648 1171 1859 1214 Catholici

84 1240 368 1290 Catechismi,
412 1254 507 1281 cum
551 1253 577 1281 a
619 1239 875 1292 quibusdam
916 1253 968 1281 ea
1011 1239 1063 1280 de
1104 1252 1151 1280 re
1191 1238 1306 1280 idem
1339 1238 1538 1279 Decanus
1576 1237 1860 1279 vehementer

84 1307 452 1359 oppugnaretur“.
495 1305 542 1346 In
568 1305 693 1347 huius
717 1304 943 1359 epistulae,
977 1304 1162 1358 primum
1186 1304 1253 1354 (ut
1275 1303 1466 1354 videtur)
1498 1317 1537 1344 a.
1566 1303 1677 1344 1583
1701 1302 1858 1344 Craco-

83 1371 181 1413 viae
223 1374 267 1413 et
300 1370 570 1423 Ingolstadii,
614 1369 768 1411 deinde
810 1369 906 1411 aliis
947 1369 1053 1411 locis
1094 1368 1212 1423 typis
1255 1368 1502 1421 exscriptae
1534 1367 1858 1423 (Sommervoyel

82 1436 110 1478 l.
135 1450 169 1479 e.
193 1435 255 1477 VI
291 1436 435 1489 1068),
479 1435 621 1489 capite
663 1435 852 1477 secundo
885 1436 1136 1477 Possevinus
1175 1435 1485 1475 commemorat
1522 1433 1666 1484 „Petri
1699 1432 1857 1486 Canisij

83 1500 414 1551 catechismum,
449 1514 575 1554 quem
609 1500 837 1542 Vniuersus
870 1514 979 1555 pene
1012 1499 1127 1541 orbis
1160 1498 1431 1541 Christianus
1464 1498 1748 1541 libentissime
1781 1512 1857 1540 ex-

84 1566 246 1620 cepit“;
280 1566 322 1607 in
357 1566 500 1620 capite
532 1569 677 1608 autem
711 1565 809 1608 IIL:
842 1566 1012 1616 „Cum“,
1052 1564 1204 1618 inquit,
1245 1565 1414 1618 „plures
1447 1578 1473 1605 a
1504 1564 1698 1618 pluribus
1731 1564 1858 1606 Cate-

85 1631 238 1674 chismi
269 1631 312 1673 in
344 1631 484 1673 lucem
518 1631 623 1673 editi
655 1631 755 1681 sint,
789 1630 832 1672 hi
865 1630 1036 1683 quidem
1070 1633 1184 1679 sunt,
1219 1630 1291 1683 qui
1323 1629 1409 1671 iam
1441 1629 1534 1671 fere
1567 1630 1621 1672 ab
1644 1629 1856 1680 omnibus,

84 1700 133 1739 vt
175 1697 362 1739 diximus
403 1699 626 1739 teruntur:
671 1696 886 1738 Edmundi
927 1696 1106 1751 Augerij
1153 1696 1290 1737 maior
1334 1698 1379 1737 et
1422 1695 1562 1736 minor
1604 1695 1647 1736 in
1691 1695 1855 1749 Gallijs.

84 1762 204 1805 Petri
236 1762 338 1804 item
374 1762 531 1816 Canisij
566 1761 704 1803 maior
737 1765 781 1804 et
814 1761 953 1803 minor
984 1762 1028 1803 in
1069 1761 1274 1803 Vniuersa
1305 1758 1481 1814 Europa
1518 1763 1563 1802 et
1595 1760 1741 1815 Indijs,
1785 1760 1858 1814 qui

85 1842 179 1869 cum
213 1831 389 1882 praeter
421 1841 486 1877 ea,
531 1841 641 1881 quae
684 1827 737 1869 ad
779 1827 876 1869 fidei
916 1827 1123 1880 dogmata
1153 1826 1388 1880 pertinent,
1431 1825 1594 1880 optimo
1637 1826 1860 1869 contineat

85 1893 247 1944 ordine,
291 1907 355 1943 ea,
396 1907 506 1946 quae
547 1893 599 1934 de
641 1892 761 1947 vitijs
803 1907 854 1934 ac
886 1892 1120 1934 virtutibus
1152 1892 1385 1934 tractanda
1417 1894 1554 1942 sunt³‚
1598 1891 1757 1933 efficax
1790 1895 1859 1935 est

84 1958 139 2001 ad
171 1959 474 2000 insinuandam
516 1958 558 1999 in
597 1958 765 2000 animos
807 1971 902 2000 cum
943 1957 1041 1999 fidei
1075 1957 1273 2000 doctrina
1306 1956 1603 2010 pietatem,
1646 1970 1758 2010 quae
1790 1956 1860 2008 (vt

83 2024 146 2066 ait
178 2024 435 2077 Apostolus)
468 2023 532 2065 ad
565 2023 744 2065 omnia
778 2022 982 2065 valet¹:
1024 2022 1237 2065 minorum
1279 2025 1426 2065 autem
1468 2022 1654 2064 maiores
1685 2022 1859 2064 illorum

83 2089 343 2131 Catechismi
377 2092 584 2142 tanquam
620 2088 924 2142 paraphrases,
959 2102 1009 2130 ac
1042 2088 1165 2141 quasi
1193 2088 1456 2142 interpretes
1486 2090 1600 2130 sunt.
1625 2086 1859 2141 Vtrisque¹’

83 2159 230 2197 tamen
274 2154 526 2196 Pontificius
567 2153 864 2196 Catechismus
906 2154 1127 2195 Romanus
1174 2167 1387 2195 summam
1429 2153 1556 2195 affert
1587 2153 1741 2203 lucem,
1785 2152 1860 2206 qui

83 2219 306 2262 Ecclesiae
339 2234 550 2262 consensu
580 2219 734 2269 editus,
768 2233 854 2260 non
886 2219 1024 2260 solum
1059 2219 1252 2268 docendi,
1285 2232 1438 2259 verum
1471 2217 1603 2259 etiam
1637 2218 1761 2272 plura
1792 2219 1858 2259 in-

83 2285 281 2329 ueniendi
314 2285 528 2327 rationem
562 2284 715 2338 aperit.
766 2284 1001 2337 Frequenti
1033 2286 1181 2326 autem
1213 2283 1365 2325 horum
1397 2283 1584 2325 lectione
1608 2283 1858 2326 Catechista

83 2351 142 2392 nil
174 2351 258 2392 nisi
290 2351 488 2401 solidum,
523 2353 655 2403 atque
689 2347 743 2391 ad
776 2362 867 2390 rem
900 2349 1139 2402 loquetur.“

203 2417 241 2458 2.
278 2416 439 2459 Exstat
480 2419 710 2470 praeterea
743 2415 1098 2457 commentarium
1140 2414 1194 2456 ab
1227 2414 1378 2456 eodem
1410 2415 1635 2456 Possevmo
1668 2414 1734 2466 (ut
1767 2428 1857 2456 orn-

81 2480 182 2522 nino
215 2480 407 2534 videtur)
441 2481 557 2522 circa
588 2480 701 2522 idem
735 2483 907 2534 tempus
930 2480 1096 2522 Rornae
1120 2479 1171 2521 de
1194 2479 1352 2534 populo
1376 2479 1627 2530 christiano,
1661 2479 1859 2534 inprimis

83 2548 227 2587 autem
251 2546 396 2599 pueris
417 2546 664 2588 litterarum
687 2546 905 2595 studiosis,
926 2545 980 2587 ad
1003 2544 1243 2587 doctrinam
1262 2544 1543 2587 christianam
1562 2544 1858 2598 pietatemque

81 2610 361 2653 instituendis
402 2611 718 2666 conscriptum3
761 2610 802 2652 in
846 2623 930 2663 quo
963 2609 1313 2652 commendatur:
1353 2609 1438 2659 „Ut
1472 2609 1515 2650 in
1547 2609 1706 2651 scholis
1739 2612 1858 2652 cate·

83 2675 271 2719 chismus
314 2690 475 2730 parvus
508 2676 628 2718 Petri
660 2676 818 2730 Canisij
860 2676 1067 2717 doceatur
1108 2675 1264 2717 saltem
1305 2674 1433 2716 biduo
1475 2674 1656 2728 singulis
1697 2674 1859 2717 hebdo-

83 2740 234 2792 madis,
259 2754 443 2795 eumque
466 2741 665 2795 discipuli
689 2741 859 2784 discant
882 2741 1145 2783 memoriter.
1191 2740 1326 2781 Porro
1351 2739 1405 2782 ad
1428 2754 1525 2781 eum
1550 2740 1858 2782 declarandum

83 2808 290 2860 poterunt
312 2806 624 2860 praeceptores
656 2807 720 2848 uti
753 2806 916 2848 maiore
940 2805 1202 2849 catechismo
1237 2805 1356 2846 Petri
1388 2805 1559 2859 Canisij,
1594 2805 1665 2858 qui
1698 2819 1724 2847 a
1756 2806 1859 2848 sede

82 2871 338 2925 Apostolica
359 2871 520 2913 iamdiu
543 2872 823 2925 approbatus,
848 2871 1013 2913 Romae
1037 2873 1081 2912 et
1102 2870 1259 2923 ubique
1282 2870 1593 2924 propemodum
1617 2870 1659 2911 in
1683 2871 1859 2925 Europa

83 2936 328 2990 exponitur.
355 2972 360 2976 .
389 2971 396 2978 .
423 2970 433 2979 .
470 2936 601 2978 Porro
634 2939 846 2990 praestat,
879 2939 928 2977 ut
954 2936 1098 2989 potius
1121 2935 1190 2977 hic
1223 2935 1525 2985 catechismus,
1560 2935 1632 2988 qui
1655 2935 1857 2991 (excepto

84 3000 346 3044 catechismo
380 3001 554 3055 Concilij
589 3001 830 3044 Tridentini
868 3002 922 3043 ad
958 3000 1174 3043 Parochos
1212 3000 1394 3054 scripto)
1436 3000 1625 3042 omnium
1667 3004 1736 3043 est
1769 3002 1859 3043 usi-

203 3092 232 3123 a)
254 3093 288 3117 In
303 3092 483 3123 „Moscovia”
500 3093 634 3124 sequitur
653 3091 736 3123 tum,·
755 3093 830 3125 quod
850 3093 1026 3125 typoyraphi
1048 3093 1115 3117 vitio
1131 3092 1258 3123 positum
1274 3099 1334 3116 esse
1356 3091 1480 3117 ridetur.
1536 3090 1566 3123 b)
1588 3091 1754 3125 Vtriusque
1769 3094 1858 3119 Mose.

206 3187 216 3207 ¹
245 3183 273 3220 1'
290 3186 369 3219 Tim
397 3187 429 3227 4,
457 3186 488 3220 8.

154 3248 465 3283 Braunsberger,
486 3249 598 3275 Canisii
618 3249 774 3284 Epistulae
794 3251 826 3276 et
846 3251 931 3277 Acta.
961 3249 1024 3275 VII.
1526 3245 1572 3279 44
