2062 3443
749 129 795 164 M.
815 128 1008 163 Novembri
1035 139 1066 162 a.
1091 128 1190 162 1580.
1765 133 1846 173 841

87 248 339 302 dispersum,
382 251 426 290 et
468 251 642 302 praeter
677 262 806 289 vnum
840 245 1140 288 Coadiutorem
1184 246 1437 296 extinctum,
1481 247 1533 289 de
1575 261 1657 300 quo
1700 261 1848 302 nuper,

85 312 215 356 etiam
258 313 544 355 Concionator
586 315 734 355 noster
776 314 896 366 peste
939 313 1166 365 correptus
1207 311 1282 362 sit,
1327 312 1397 364 qui
1440 326 1539 354 num
1583 313 1852 356 conualuerit

85 378 322 420 autetiam
357 379 576 420 extinctus
608 378 665 420 sit
706 377 900 431 ignoro¹,
945 380 1162 429 vtcunque
1195 376 1265 426 sit,
1308 377 1392 418 alio
1434 391 1545 419 nunc
1589 377 1676 419 illic
1718 378 1848 419 etiam

86 442 390 485 concionatore
431 458 538 498 opus
583 443 666 486 erit
708 456 757 484 ac
802 443 843 484 P.
871 441 920 484 V.
956 455 1061 494 rogo
1104 444 1152 483 ut
1184 442 1456 484 Lucernense
1489 442 1725 496 Collegium
1758 444 1851 484 Deo

85 508 376 551 commendari
401 511 522 550 curet
544 508 785 561 diligenter.
832 507 980 560 Jgitur
1002 506 1125 548 finita
1143 507 1395 549 visitatione
1414 508 1591 561 Collegij
1618 508 1849 561 Dilinganj,

85 573 308 626 accingam
351 587 418 615 me
458 574 511 616 ad
554 573 637 615 iter
668 572 971 625 Friburgense,
1008 572 1079 613 vbi
1113 572 1394 614 considerabo
1428 573 1571 614 omnia
1605 572 1850 625 diligenter,

85 640 133 680 vt
155 638 471 681 Paternitatem
497 639 549 681 V.
575 638 734 681 rectius
757 638 809 679 de
833 637 1030 679 omnibus
1063 637 1160 679 istic
1184 651 1338 690 queam
1372 637 1619 680 informare.
1667 638 1852 691 Cuperet

86 703 487 745 Reuerendissimus
511 703 802 745 Vercellensis
834 703 932 744 inde
965 702 1054 744 suis
1087 702 1329 756 sumptibus
1357 717 1424 744 me
1448 716 1650 755 meosque
1674 703 1852 745 comites

84 782 162 822 per
184 768 407 810 Vercellas
440 769 730 811 Mediolanum
765 781 899 821 vsque
940 767 1152 809 deducere
1191 770 1236 810 et
1275 768 1319 809 in
1360 768 1444 809 iter
1478 768 1716 810 Romanum
1751 781 1852 810 con-

84 833 279 884 stituere,
321 834 398 875 sed
439 837 610 888 tempus
653 837 696 876 et
738 834 850 876 ratio
884 832 1088 874 sanitatis
1122 832 1344 874 consilium
1378 833 1578 886 Friburgi
1620 833 1753 883 dabit,
1797 848 1852 875 an

84 901 206 941 recta
237 899 340 940 mihi
374 899 654 953 pergendum,
690 914 743 953 an
777 912 879 940 vero
904 898 1190 952 Oenipontum
1225 899 1487 940 redeundum
1523 898 1577 941 ad
1610 899 1749 940 socios
1782 899 1851 942 sit.

85 963 299 1006 Existimo
345 967 490 1006 autem
537 965 590 1006 ad
629 967 736 1007 12.¹¹¹¹'
770 963 1030 1005 Nouembris
1074 963 1247 1017 Dilinga
1289 978 1442 1006 versus
1483 964 1742 1017 Friburgum
1784 979 1852 1007 me

84 1029 398 1071 discessurum:
443 1029 569 1071 citius
610 1044 694 1071 non
737 1029 926 1083 expedit,
970 1029 1082 1081 quod
1125 1029 1528 1071 Reuerendissimus
1567 1030 1720 1071 Curiae
1762 1029 1852 1072 dics

84 1094 250 1148 aliquot
282 1109 512 1136 mansurus
544 1095 613 1144 sit,
645 1098 693 1138 vt
726 1097 828 1137 ante
866 1098 930 1135 16.
955 1094 1023 1135 vel
1064 1096 1113 1135 19
1147 1094 1346 1147 Friburgi
1380 1095 1453 1136 vix
1487 1095 1638 1137 adesse
1672 1095 1845 1148 possit.“

83 1160 174 1202 Iam
210 1163 355 1202 autem
390 1160 610 1214 Ηοῇὶιθιιε,
655 1160 723 1213 qui
768 1174 805 1202 a.
842 1161 951 1201 1577
987 1159 1027 1200 in
1065 1160 1268 1202 Helvetia
1309 1174 1489 1213 gravem
1523 1161 1716 1202 morbum
1751 1175 1853 1203 con-

83 1227 284 1269 traxerat
325 1226 485 1277 (Dulzr,
529 1226 618 1268 des.
663 1226 679 1266 Ι
725 1227 839 1277 795),
883 1225 1040 1267 iterum
1083 1228 1313 1278 aegrotare
1355 1229 1581 1280 coeperat;
1625 1226 1853 1280 epistulam

84 1291 210 1341 enim,
252 1306 380 1344 quam
415 1291 516 1340 dixi,
557 1291 622 1333 his
655 1291 798 1333 verbis
831 1290 1104 1333 terminavit:
1155 1290 1260 1341 „Hic
1292 1305 1404 1333 nunc
1438 1305 1614 1345 operam
1647 1292 1700 1333 do
1736 1292 1853 1333 vale-

83 1356 258 1400 tudini.“
310 1355 391 1398 Die
409 1370 512 1398 vero
543 1359 606 1398 14.
627 1356 888 1398 Novembris
917 1357 1026 1397 1580
1045 1356 1244 1409 Augusta
1268 1356 1322 1397 ad
1345 1357 1599 1398 Manareum
1623 1356 1852 1410 *scripsitt

91 1422 212 1473 ,Jam
250 1422 445 1464 instabat
485 1425 656 1475 tempus
690 1436 784 1464 cum
818 1421 1077 1475 Friburgum
1111 1421 1354 1463 abeundum
1388 1427 1505 1463 erat:
1549 1421 1623 1463 sed
1667 1421 1724 1463 fui
1767 1421 1850 1464 iam

83 1487 278 1542 pluribus
302 1487 452 1529 diebus
476 1501 654 1541 corpore
678 1487 738 1529 sic
762 1488 944 1530 affectus
968 1490 1015 1529 vt
1038 1487 1119 1528 mei
1144 1487 1384 1539 Consiliarij
1414 1487 1658 1529 iudicarent
1680 1486 1854 1528 minime

85 1553 329 1595 consultum
354 1566 450 1594 esse
472 1556 521 1595 vt
545 1567 612 1594 me
633 1555 758 1595 tanto
782 1552 927 1595 itineri
951 1552 1280 1602 committerem,
1305 1552 1412 1594 satis
1435 1566 1530 1594 esse
1553 1552 1589 1594 si
1613 1553 1853 1594 Romanum

83 1619 168 1662 iter
200 1620 419 1661 sufferam.
483 1618 632 1671 Jgitur
664 1618 854 1673 consilijs
896 1621 940 1660 et
981 1617 1159 1659 iussioni
1201 1632 1348 1660 eorum
1382 1618 1675 1671 acquiescens,
1720 1618 1848 1660 alium

84 1698 178 1726 meo
220 1684 314 1726 loco
349 1684 605 1736 Friburgum
639 1683 810 1726 mittam
845 1683 916 1736 qui
949 1683 1099 1725 eadem
1140 1686 1336 1737 praestet
1369 1697 1478 1736 quae
1511 1697 1591 1736 ego
1623 1686 1852 1737 praestare

84 1750 336 1804 potuissem.
379 1750 634 1802 Aegerrime
657 1749 737 1791 hoc
759 1750 872 1791 feret
889 1748 1293 1791 Reuerendissimus
1306 1748 1595 1790 Vercellensis
1619 1762 1669 1791 ac
1687 1749 1852 1791 Romae

85 1815 137 1856 de
178 1829 246 1856 me
289 1817 596 1867 conqueretur:
642 1815 716 1856 sed
759 1814 821 1857 ita
854 1828 923 1855 res
965 1814 1096 1855 habet
1136 1813 1248 1856 sicut
1289 1814 1479 1867 narrauj.
1544 1814 1638 1867 Ego
1679 1813 1851 1856 interim

83 1879 292 1934 paulatim
327 1879 615 1933 Oenipontum
660 1880 892 1929 discedam,
928 1879 1000 1920 vbi
1033 1893 1151 1920 meos
1185 1879 1364 1921 comites
1405 1879 1621 1933 tantisper
1653 1879 1854 1921 morabor

84 1945 220 1987 donec
246 1947 418 1999 tempus
440 1945 497 1988 sit
521 1945 705 1999 abeundj
730 1945 934 1987 Romam“
965 1944 1038 1996 (ex
1061 1947 1252 1997 autogr.;
1289 1944 1430 1986 Germ.
1457 1946 1536 1986 158
1561 1944 1588 1987 f.
1610 1946 1694 1986 302
1719 1946 1850 1998 310⁹).

83 2011 182 2053 Jam
205 2010 441 2064 scripserat
464 2011 672 2064 Hoffaeus
694 2012 739 2053 P.
766 2011 962 2064 Gasparo
987 2010 1185 2051 Haivodo
1209 2009 1426 2051 Monachii
1449 2009 1639 2063 degenti,
1674 2012 1721 2052 ut
1749 2024 1850 2060 „suo

83 2076 177 2118 loco
200 2075 457 2128 Friburgum
481 2075 566 2118 iret
588 2079 631 2118 et
654 2076 891 2129 Collegium
915 2075 1018 2117 illud
1043 2075 1169 2128 quale
1202 2074 1394 2117 futurum
1418 2078 1534 2118 esset
1557 2075 1854 2118 consideraret

85 2143 130 2184 et
170 2143 468 2196 accepta1·et“;
512 2155 663 2183 verum
706 2141 742 2183 is
783 2142 877 2195 ipso
919 2140 993 2182 illo
1036 2140 1103 2182 die
1141 2142 1204 2182 14.
1241 2140 1502 2182 Novembris
1543 2140 1771 2182 Monachio
1813 2141 1852 2182 ei

84 2206 329 2261 respondit:
364 2206 418 2248 Se
451 2207 493 2248 in
528 2207 826 2249 controversia
860 2207 911 2248 de
945 2204 1039 2259 5⁰lo
1073 2209 1170 2248 orta
1203 2220 1228 2248 a
1261 2205 1522 2260 praepositis
1545 2205 1776 2248 Societatis
1798 2207 1853 2248 ad

84 2271 331 2326 pontificem
380 2273 648 2326 appellasse3
697 2272 817 2315 cuius
864 2272 1082 2314 sententia
1130 2286 1225 2313 cum
1273 2270 1545 2312 Monachium
1593 2270 1855 2325 perferenda

85 2339 214 2388 esset,
249 2350 295 2379 se
328 2337 427 2379 inde
460 2337 680 2379 discedere
713 2352 797 2379 non
830 2351 957 2391 posse
991 2336 1049 2388 (v,
1084 2351 1215 2391 supra
1248 2351 1287 2390 p.
1314 2338 1430 2387 584).

205 2402 368 2444 Eodem
402 2402 494 2445 fere
527 2406 723 2457 tempore
748 2404 929 2444 Hoffaeo
962 2403 1125 2444 allatae
1148 2404 1250 2444 sunt
1282 2402 1492 2444 *litterae
1515 2402 1653 2444 Roma
1677 2403 1745 2444 24.
1771 2402 1854 2444 Oc-

85 2467 222 2510 tobris
267 2469 380 2510 1580
422 2482 448 2510 a
486 2469 695 2511 Manareo
728 2468 891 2510 vicario
933 2467 1127 2521 generali
1169 2467 1320 2516 datae;
1364 2467 1458 2520 qui:
1499 2467 1743 2517 „Gaudeo“,
1777 2468 1852 2517 ait,

93 2533 228 2586 „quod
261 2533 526 2576 Reuerentia
552 2533 601 2576 V.
636 2534 677 2575 in
712 2533 988 2586 Friburgensi
1027 2533 1204 2586 negotio
1237 2532 1424 2574 animum
1459 2547 1661 2586 magnum
1695 2537 1852 2583 sumat,

88 2600 132 2640 et
163 2600 283 2641 certe
323 2598 387 2641 ita
427 2599 673 2641 faciendum
707 2601 786 2641 est.
814 2633 821 2640 .
848 2633 855 2640 .
884 2633 892 2641 .
945 2598 1086 2647 Quare
1127 2601 1217 2639 tum
1244 2632 1250 2640 .
1278 2632 1286 2640 .
1313 2632 1321 2639 .
1346 2599 1395 2640 ut
1426 2611 1494 2639 res
1528 2611 1675 2639 omnes
1709 2612 1855 2640 coram

86 2662 384 2717 inspiciantur,
428 2664 587 2718 partim
629 2664 760 2706 etiam
805 2663 906 2716 quia
937 2677 1088 2705 recens
1122 2663 1162 2705 S.
1194 2662 1414 2705 Sanctitas
1456 2663 1518 2705 ita
1552 2663 1775 2706 mandauit
1806 2669 1855 2706 ut

88 2728 221 2781 aliqui
253 2743 275 2771 e
308 2730 470 2772 nostris
511 2730 612 2771 illuc
653 2729 868 2771 missionis
909 2729 1082 2770 nomine
1125 2728 1397 2771 destinentur
1437 2728 1610 2770 uidetur
1643 2729 1765 2770 nobis
1806 2733 1856 2772 ut

90 2793 350 2838 Reuerentia
372 2794 424 2837 V.
458 2809 589 2836 unum
622 2795 777 2837 saltem
811 2794 1080 2837 sacerdotem
1115 2793 1190 2835 sed
1223 2793 1491 2847 prudentem,
1525 2796 1569 2836 et
1601 2794 1730 2848 plane
1761 2793 1854 2836 ido-

88 2872 215 2900 neum
257 2862 301 2901 et
341 2860 598 2914 praesertim
640 2860 910 2902 moderatum
946 2873 1039 2900 cum
1075 2858 1218 2911 aliquo
1252 2858 1366 2900 socio
1400 2858 1657 2912 Friburgum
1691 2858 1853 2909 mittat,

89 2937 214 2976 quem
255 2923 444 2967 instruet
475 2925 527 2966 de
560 2925 756 2967 omnibus
789 2939 899 2978 quae
933 2925 986 2966 ab
1019 2923 1196 2977 ilict-agi
1230 2925 1274 2965 et
1307 2923 1449 2964 curari
1483 2923 1635 2966 uelit..
1662 2958 1669 2965 .
1697 2959 1704 2967 .
1760 2924 1854 2966 Hoc

211 3027 221 3048 ¹
248 3028 286 3062 Ρ.
313 3029 463 3063 loannes
488 3029 674 3063 Bredanus
702 3028 883 3062 Lucernae
909 3027 953 3061 ab
980 3038 1071 3061 anno
1100 3027 1188 3061 1577
1216 3026 1258 3060 ad
1290 3027 1379 3061 1584
1410 3027 1666 3061 contionatoris
1696 3026 1854 3061 officium

88 3081 204 3115 tenuit
232 3081 323 3125 (Seb.
353 3083 498 3126 Grt'itet·‚
533 3081 608 3117 Das
634 3082 831 3125 Collegium
859 3093 902 3114 zu
929 3081 1065 3115 Luzern
1101 3083 1205 3114 unter
1231 3079 1309 3114 dem
1346 3082 1465 3114 ersten
1491 3079 1628 3115 Rektor
1654 3079 1692 3114 P.
1721 3079 1854 3114 Martin

90 3134 328 3170 Leubenstein
357 3136 601 3176 1574—1596‚
632 3134 897 3175 Luzern'1905,
925 3134 999 3176 33).
