2062 3443
778 122 824 156 M.
846 121 1038 156 Novembri
1066 133 1096 156 a.
1121 122 1221 157 1580.
1793 128 1876 170 839

113 238 361 281 necessaria
393 253 488 282 esse
520 239 925 286 demonstrauimus,
959 238 1142 292 primum
1177 242 1223 281 ut
1256 240 1344 283 sint
1376 241 1569 284 redditus
1598 242 1876 294 sufficientes,

114 305 266 346 deinde
296 304 447 346 domus
469 304 631 347 nostris
653 305 800 346 usibus
831 305 998 353 idonea,
1032 304 1162 346 tertio
1186 306 1467 359 supellectilis
1490 321 1575 348 una
1598 321 1692 349 cum
1726 308 1878 350 biblio-

113 369 254 419 theca,
298 372 342 412 et
374 369 564 411 sacrario
597 369 832 411 instructo:
877 382 987 421 quae
1019 368 1150 410 etiam
1184 370 1337 412 melius
1370 371 1509 412 iudico
1543 371 1579 413 si
1614 373 1880 425 generaliter

113 435 372 483 tractentur,
407 448 457 476 ac
490 437 642 488 postea
675 435 715 475 in
741 433 992 487 exequendo
1027 433 1315 477 descendatur
1347 436 1401 477 ad
1437 437 1717 490 particularia
1750 452 1877 490 quam

113 499 234 542 initio
258 498 510 552 singillatim
534 499 678 541 omnia
710 501 1006 553 proponantur
1031 520 1038 529 ·
1064 502 1286 542 terrentur
1308 501 1419 542 enim
1445 501 1653 543 eiusmodi
1686 502 1880 544 homines

112 568 202 607 tam
236 563 377 617 longis
411 564 623 617 catalogis
656 578 800 606 rerum
835 563 1236 617 comparandarum.
1294 566 1488 619 Denique
1521 566 1626 608 illud
1659 567 1880 608 Reueren-

112 630 200 673 tiae
223 629 274 671 V.
312 629 498 670 maxime
541 629 805 680 commendo,
849 629 962 682 quod
1006 643 1084 670 nos
1124 629 1215 683 ipse
1258 644 1449 672 summus
1483 632 1606 674 Pont.
1643 631 1878 682 admonuit,

113 698 161 738 ut
194 694 482 736 Reuerentiae
506 695 554 735 V.
592 694 946 748 significaremus,
981 696 1029 736 ut
1060 694 1103 735 in
1137 694 1362 737 scribendo
1396 696 1464 738 uel
1496 696 1578 750 ipsi
1609 696 1777 738 Nuncio
1813 697 1879 738 uel

113 759 486 812 Friburgensibus,
522 760 588 801 uel
623 760 679 801 in*
698 759 928 802 tractando
953 774 1048 801 cum
1081 760 1198 813 ipsis,
1232 760 1337 802 nihil
1362 761 1478 803 dicat
1500 765 1577 804 aut
1608 761 1745 804 faciat
1768 762 1879 814 quod

111 825 338 879 negocium
373 826 451 867 lioc
474 825 683 866 remorari
719 825 867 878 possit.
918 824 1029 866 Nam
1055 827 1098 867 et
1121 828 1295 868 constat
1327 827 1579 868 daemonem
1603 827 1692 868 suis
1715 827 1881 869 artibus

111 890 314 933 insistere
355 890 409 932 ad
452 904 540 932 rem
586 890 925 941 disturbandam,
969 892 1013 932 et
1045 904 1212 932 summo
1245 891 1370 934 Pont.
1405 892 1440 933 si
1473 906 1558 945 qua
1591 906 1778 945 unquam
1811 906 1881 933 res

113 956 198 998 alia
231 955 452 1004 eiusmodi,
487 956 566 997 hoc
590 959 708 998 certe
731 956 918 997 maxime
942 955 1058 997 cordi
1092 959 1171 1005 est,
1207 959 1250 998 et
1283 971 1485 1010 magnam
1520 957 1736 1010 quandam
1760 971 1881 1012 spem

113 1020 361 1075 concepisse
403 1021 521 1061 uisus
554 1023 622 1062 est
663 1023 711 1063 ut
752 1021 794 1062 in
836 1020 910 1062 illo
953 1021 1046 1062 loco
1080 1023 1124 1063 et
1164 1021 1357 1064 finitimis
1390 1022 1526 1064 multa
1559 1025 1604 1065 et
1635 1036 1795 1076 magna
1827 1023 1881 1065 ad

112 1086 192 1129 Dei
238 1085 420 1140 gloriam
466 1099 543 1140 per
585 1099 663 1127 nos
704 1086 892 1139 gerenda
935 1085 1035 1128 sint.
1099 1085 1227 1127 Cuius
1268 1087 1374 1129 haec
1415 1090 1506 1129 tam
1549 1090 1669 1130 certa
1711 1087 1879 1139 fiducia,

111 1153 322 1204 firmaque
345 1151 562 1193 sententia
585 1165 664 1193 nos
696 1165 865 1204 quoque
887 1154 936 1193 ut
967 1151 1096 1205 plane
1119 1151 1263 1204 coegit
1295 1152 1492 1194 nolentes
1515 1167 1622 1195 onus
1648 1153 1880 1207 suscipere,

112 1217 174 1259 sic
206 1217 335 1259 etiam
371 1217 484 1258 bona
516 1230 591 1270 spe
624 1216 805 1270 implere
838 1216 978 1267 debet,
1020 1219 1064 1258 et
1094 1216 1401 1260 Reuerentiam
1439 1218 1571 1261 etiam
1605 1219 1655 1261 V.
1690 1218 1881 1261 animare

112 1287 161 1326 ut
195 1282 419 1335 negocium
453 1282 658 1324 alacriter
680 1281 900 1335 suscipiat,
935 1284 979 1324 et
1010 1284 1186 1324 tractet.
1236 1283 1445 1325 Dominus
1468 1284 1579 1325 enim
1605 1284 1675 1337 qui
1699 1298 1880 1326 messem

114 1347 244 1399 dedit,
269 1347 400 1390 etiam
424 1347 647 1401 operarios
670 1347 1017 1390 subministrabit
1033 1349 1058 1397 ¹,
1087 1352 1131 1389 et
1153 1361 1279 1402 spero
1304 1348 1560 1391 Generalem
1585 1363 1882 1403 quemcunque

112 1413 235 1455 nobis
268 1412 463 1455 Christus
494 1413 622 1455 Jesus
657 1413 836 1463 dederit,
877 1413 913 1454 si
947 1427 1041 1454 cum
1076 1426 1126 1454 eo
1159 1412 1425 1456 Reuerentia
1451 1415 1499 1458 V.
1534 1415 1685 1468 egerit,
1727 1429 1810 1456 non
1844 1415 1880 1457 ei

113 1479 376 1522 defuturum.
410 1513 418 1522 .
451 1512 459 1521 .
491 1513 499 1521 .
559 1478 639 1520 His
682 1479 856 1532 scriptis
897 1478 1141 1532 accepimus
1183 1478 1291 1520 alias
1333 1480 1623 1523 Reuerentiae
1647 1480 1700 1524 V.
1733 1480 1882 1523 literas

113 1545 240 1587 datas
271 1546 323 1585 14
342 1545 453 1597 Aug.
481 1546 524 1586 et
549 1558 644 1585 cum
667 1543 719 1598 ijs
743 1544 892 1586 literas
910 1543 1275 1585 Reuerendissimi
1295 1545 1583 1587 Vercellensis
1601 1546 1654 1587 ad
1674 1547 1881 1588 Senatum

113 1610 445 1663 Friburgensem
479 1608 521 1650 in
555 1608 709 1661 quibus
737 1623 820 1650 non
843 1609 951 1651 satis
974 1608 1120 1650 mirari
1153 1610 1371 1662 potuimus
1404 1610 1730 1664 promissionem
1764 1611 1881 1652 illam

114 1675 166 1717 de
199 1679 347 1717 nostro
380 1678 470 1717 tarn
513 1674 754 1717 liberaliter
792 1674 954 1716 factam
980 1697 987 1704 -
1014 1688 1147 1727 quare
1180 1675 1406 1728 loquemur
1438 1677 1752 1730 quamprimum
1787 1691 1880 1718 cum

114 1740 420 1783 ‹Jllustrissimo
448 1740 646 1782 Comensi
680 1742 809 1791 (nunc
843 1740 955 1781 enim
989 1740 1043 1782 ad
1076 1740 1166 1782 dies
1199 1754 1360 1794 paucos
1392 1742 1518 1783 abest
1549 1742 1705 1796 Roma)
1739 1744 1783 1784 et
1814 1756 1882 1784 re-

114 1806 301 1848 medium
326 1805 499 1859 aliquod
532 1805 814 1855 inueniemus‚
849 1806 961 1858 quod
985 1805 1145 1848 attinet
1168 1806 1219 1846 ad
1255 1805 1365 1848 hanc
1399 1806 1725 1860 promissionem
1750 1829 1759 1838 ·
1783 1821 1882 1849 nam

115 1872 167 1913 de
190 1870 381 1924 Collegio
415 1875 462 1913 ut
495 1873 626 1912 antea
658 1871 825 1925 scripsi,
860 1870 944 1912 iam
979 1884 1048 1912 res
1082 1873 1182 1913 acta
1205 1874 1294 1913 est“
1324 1871 1397 1923 (ex
1421 1886 1597 1917 comm:
1633 1872 1710 1915 Rh.
1737 1873 1816 1916 Ins.
1846 1875 1881 1923 l,

113 1937 155 1978 II
188 1936 216 1979 f.
241 1936 329 1989 47).
379 1936 446 1978 Ad
470 1936 576 1977 haec
600 1937 808 1990 Hoffaeus
832 1936 1060 1978 Monachio
1085 1937 1152 1978 23.
1177 1935 1443 1990 Septembris
1472 1939 1582 1980 1580
1604 1937 1881 1991 *rescripsitz

114 2002 306 2044 Conatus
338 2015 431 2043 sum
472 2001 740 2053 „deterrere“
780 2006 823 2044 et
857 2001 1051 2043 nuntium
1086 2002 1371 2055 apostolicum
1405 2006 1449 2045 et
1482 2006 1682 2045 senatum
1723 2002 1882 2044 fribur-

113 2081 289 2121 gensem
321 2067 398 2118 „ab
431 2067 510 2109 hoc
533 2066 675 2108 studio
709 2067 883 2121 petendi
906 2067 1090 2121 collegij‚
1125 2081 1219 2108 cum
1244 2081 1421 2121 prorsus
1443 2082 1528 2109 non
1551 2068 1734 2110 habeam
1756 2068 1882 2110 modo

113 2133 308 2177 homines
350 2135 545 2174 maturos
586 2134 631 2174 et
669 2136 795 2187 aptos
835 2146 942 2185 quos
983 2132 1124 2174 isthuc
1157 2133 1340 2175 mittam.
1404 2133 1531 2175 Nunc
1564 2147 1666 2175 vero
1700 2148 1795 2176 cum
1829 2148 1883 2176 ex

114 2200 241 2254 parte
262 2211 360 2240 mea
381 2199 669 2252 repugnatum
695 2197 752 2240 sit
774 2198 894 2247 satis,
927 2201 972 2240 et
994 2197 1165 2251 quidem
1198 2197 1376 2249 frustra,
1411 2199 1490 2241 hoc
1513 2212 1580 2240 me
1603 2198 1885 2241 vehementer

115 2264 380 2315 consolatur,
423 2263 536 2316 quod
577 2264 706 2316 plane
746 2263 988 2316 intelligam
1032 2263 1111 2304 Dei
1152 2263 1424 2306 voluntatem
1466 2278 1562 2306 esse
1603 2264 1804 2318 Friburgi
1835 2266 1884 2307 vt

116 2329 353 2383 Collegium
387 2328 466 2370 sit:
501 2328 648 2370 desino
682 2328 817 2382 igitur
849 2342 1095 2383 repugnare
1128 2341 1182 2369 ne
1214 2330 1305 2371 Deo
1339 2332 1383 2371 et
1416 2330 1456 2372 S.
1481 2329 1581 2371 Sedi
1606 2329 1884 2384 Apostolicae

116 2398 248 2448 atque
289 2393 420 2436 etiam
463 2393 735 2436 obedientiae
776 2407 1021 2448 repugnare
1061 2393 1221 2445 videar,
1264 2394 1550 2448 incipiamque
1592 2395 1700 2437 bene
1741 2395 1884 2449 potius

115 2473 294 2515 sperare
327 2459 379 2501 de
411 2473 618 2513 prospero
651 2473 853 2501 successu
887 2459 989 2501 dicti
1020 2458 1205 2512 collegij,
1240 2460 1495 2513 praesertim
1521 2474 1616 2502 cum
1645 2461 1683 2502 Ρ.
1706 2461 1756 2503 V.
1782 2461 1884 2502 mihi

116 2525 374 2580 polliceatur
406 2524 579 2577 aliquod
621 2524 847 2567 honestum
892 2538 1174 2579 personarum
1213 2524 1496 2568 subsidium..
1523 2560 1564 2570 ..
1620 2526 1714 2567 Hoc
1753 2526 1884 2568 etiam

116 2590 244 2633 isthic
275 2589 375 2632 sciri
399 2590 527 2631 velim
560 2604 628 2631 me
652 2590 931 2631 vehementer
954 2589 1209 2631 addubitare
1241 2604 1296 2631 an
1329 2603 1384 2632 ex
1406 2590 1596 2633 Abbatia
1627 2590 1703 2632 illa
1735 2593 1885 2634 tantus

117 2655 255 2710 possit
287 2657 524 2709 prouentus
558 2669 726 2697 annuus
758 2654 916 2708 colligi,
957 2655 1069 2697 sicut
1102 2654 1242 2697 isthuc
1275 2655 1450 2709 scripsit
1482 2656 1885 2698 Reuerendissimus

117 2720 359 2762 Vercellen.
382 2719 584 2761 nimirum
621 2722 732 2762 1200
756 2720 1024 2763 ducatorum.
1074 2719 1217 2762 Facile
1251 2721 1361 2762 enim
1397 2723 1464 2764 est
1496 2735 1586 2763 rem
1621 2721 1885 2775 amplificare

117 2785 217 2828 dum
260 2785 403 2827 feruet
443 2785 613 2827 animus
653 2786 796 2827 studio
831 2785 1030 2839 Collegij:
1075 2785 1239 2827 Deinde
1272 2799 1426 2828 vereor
1466 2800 1649 2840 magnas
1690 2800 1885 2829 annexas

116 2865 212 2893 esse
246 2850 527 2893 difficultates
559 2850 602 2892 in
635 2850 888 2905 colligendis
921 2851 1018 2892 hinc
1050 2850 1148 2892 inde
1182 2851 1413 2903 quotannis
1445 2851 1572 2894 dictis
1604 2852 1885 2906 prouentibus

117 2930 173 2958 ex
213 2918 359 2958 terrae
400 2915 598 2969 frugibus
631 2916 699 2958 vel
733 2916 829 2958 vuis
865 2920 947 2960 etc.
982 2929 1111 2969 quam
1154 2916 1208 2957 ad
1249 2929 1340 2957 rem
1382 2916 1617 2970 requiritur
1657 2932 1741 2959 non
1777 2931 1885 2959 vnus

116 2981 235 3023 solus
275 2981 415 3030 bomo,
459 2984 504 3023 et
544 2982 676 3023 talem
718 2995 798 3035 ego
833 2982 907 3023 vix
949 2981 1161 3035 reperiam
1204 2981 1274 3034 qui
1318 2981 1557 3037 huiusmodj
1601 2982 1886 3025 oeconomicis

241 3121 250 3140 ¹
277 3119 330 3154 Cf.
360 3120 411 3154 Mt
438 3121 468 3161 9,
497 3120 655 3161 37—38;
683 3121 739 3160 20,
771 3121 878 3160 1—9;
908 3120 955 3154 Lc
985 3119 1037 3160 10,
1067 3119 1167 3153 1-2.
