2051 3433
206 177 291 217 496
335 173 438 207 2035.
467 172 632 207 Canisius
658 172 841 206 Everardo
868 172 1106 206 Mercuriano.
1147 170 1336 205 Monachio
1364 171 1458 206 circa
1484 171 1575 205 med.
1596 183 1641 206 m.
1661 171 1763 206 Febr.
1785 173 1886 207 1579.

206 292 396 324 reuocatus
423 292 460 323 et
487 289 669 333 deceptus,
696 289 807 333 pudet
832 301 889 323 me
916 290 1071 323 dicei-0¹.
1121 288 1175 321 Ad
1202 288 1367 329 reditum,
1396 288 1482 322 mihi
1510 289 1651 332 quidem
1670 289 1784 323 multa
1803 288 1983 333 pollicitus

205 346 262 378 est
289 344 327 378 P.
348 343 525 384 Canisius,
565 344 605 375 ut
643 342 756 376 veluti
797 345 963 387 apostata
990 342 1033 376 ad
1070 342 1246 384 gremium
1281 343 1445 383 redirem,
1481 343 1542 376 sed
1578 345 1618 376 ut,
1644 342 1733 387 uarij
1764 345 1849 376 sunt
1875 342 1983 376 animi

205 398 401 441 conceptus
428 399 464 430 et
491 395 778 441 amphibologice.
804 396 993 430 uerborum
1015 395 1274 439 interpretatiO,
1300 395 1444 429 tandem
1463 399 1571 430 natus
1590 398 1646 430 est
1671 395 1844 430 ridiculus
1862 395 1983 439 m[us].

206 450 284 484 Non
313 450 428 483 dicam
456 460 564 493 quam
590 450 719 484 misere
746 449 781 482 in
809 449 960 492 collegio
997 461 1053 482 me
1085 451 1299 490 tractarunt,
1337 452 1372 482 et
1398 453 1532 493 quanta
1559 449 1633 483 sint
1667 449 1720 483 usi
1748 460 1884 483 mecum
1914 449 1982 483 dis-

205 503 449 537 simulatione.
501 504 547 537 ι10
574 514 714 537 summa
740 502 830 536 nihil
866 503 968 536 uideo
1005 505 1148 546 praeter
1174 502 1305 536 Orcum
1343 506 1467 536 contra
1493 514 1548 536 me
1576 505 1760 547 apertum,
1794 505 1982 547 propterea

205 568 261 591 me
289 557 432 590 beatum
470 555 760 600 existima[rem]‚
795 557 826 590 si
864 555 965 600 breuj
1002 567 1047 589 ex
1083 555 1150 589 hac
1187 556 1261 589 uita
1288 556 1519 595 discederem,
1554 567 1598 589 ne
1634 556 1811 590 deteriora
1841 567 1984 600 semper

205 612 415 653 sequantur.
451 609 605 643 Jnterim
632 621 756 643 uerum
784 610 900 643 fateor
926 608 967 642 R.
991 608 1151 649 Vestrae,
1179 608 1270 652 quod
1298 609 1454 652 optimae
1481 608 1547 642 sim
1577 608 1783 649 uoluntatis,
1815 608 1982 653 desiderij

205 666 242 697 et
271 663 508 703 constantiae,
534 674 664 706 meque
690 663 724 696 in
745 663 820 696 vita
839 663 980 705 integra
999 674 1040 696 ac
1058 662 1227 705 religiosa
1253 664 1393 695 tantum
1413 662 1540 695 studeo
1559 673 1783 702 conseruare,
1809 665 1983 705 quantum

205 719 313 751 antea
340 728 511 760 vnquam,
539 720 575 750 et
600 716 658 750 hic
686 716 830 750 inuenio
856 716 990 750 multas
1017 715 1291 750 consolationes.
1343 715 1396 749 De
1422 716 1546 749 multis
1581 715 1860 760 particularibus
1895 727 1983 760 opus

205 783 273 805 non
301 773 357 804 est
384 772 423 804 ut
450 770 617 805 scribam.
669 770 832 803 Prudens
858 772 914 803 est
940 769 982 803 R.
1001 769 1144 808 Vestra,
1173 772 1209 802 et
1236 780 1327 812 quae
1361 769 1403 803 ob
1442 769 1476 802 id
1503 769 1654 802 multum
1691 769 1774 803 mali
1811 769 1982 813 impedire

207 826 339 869 potest,
366 824 498 857 bonum
525 826 646 857 autem
665 835 884 867 promouere,
913 826 1104 868 propterea
1123 834 1201 856 eam
1228 834 1314 865 rogo
1340 822 1561 867 suppliciter,
1589 826 1795 856 reuerenter
1821 825 1856 856 et
1882 822 1981 856 filiali

204 888 431 922 synceroque
459 877 574 914 corde,
602 880 642 910 ut
661 877 818 920 aliquam
838 876 971 910 habeat
989 878 1163 910 rationem
1192 876 1226 909 111
1246 875 1344 910 111500
1362 877 1475 910 tantis
1495 876 1610 917 malis,
1637 877 1767 919 quibus
1793 876 1983 910 offenditur

207 931 305 965 Deus
331 932 367 964 et
393 931 561 964 societas.
614 930 651 964 P.
673 930 839 964 Canisius
874 941 942 964 non
971 932 1026 963 est
1052 942 1115 975 pro
1148 929 1216 963 hac
1251 929 1495 974 dispositione,
1531 941 1636 972 quem
1663 932 1703 962 ut
1729 929 1832 963 uideo
1858 929 1981 962 statim

205 985 356 1027 rigesco.
408 984 595 1028 Principes
630 984 680 1017 ita
707 983 831 1017 offensi
867 986 961 1024 sunt,
998 986 1037 1017 ut
1073 984 1135 1017 vix
1173 983 1327 1027 amplius
1360 984 1396 1016 in
1428 994 1493 1016 nos
1528 983 1632 1016 fidem
1669 982 1836 1016 habeant.
1893 982 1981 1016 Mihi

205 1041 326 1071 tamen
363 1048 486 1071 omnes
523 1037 801 1082 compatiuntur,
838 1040 984 1081 propter
1018 1036 1227 1070 iniuriosam
1264 1036 1434 1070 inuidiam
1472 1039 1597 1070 contra
1623 1047 1689 1077 me,
1726 1047 1832 1080 quam
1869 1036 1935 1080 ipsi
1962 1047 1981 1069 a

205 1091 339 1124 nostris
365 1090 625 1124 intellexerunt
650 1092 759 1134 atque
786 1090 944 1134 quotidie
972 1090 1192 1134 intelligunt.
1228 1090 1273 1123 Et
1298 1090 1383 1134 quid
1410 1089 1491 1133 bonj
1513 1091 1626 1123 bonus
1644 1088 1983 1123 Ρ5101(31000101152

206 1145 248 1178 de
274 1155 331 1178 me
358 1144 493 1178 sentire
520 1146 649 1188 potest,
677 1144 721 1177 ad
749 1155 854 1188 quem
874 1143 1065 1187 peruolant
1090 1155 1153 1177 eae
1172 1143 1286 1177 falsae
1313 1146 1349 1177 et
1366 1146 1510 1177 astutae
1528 1144 1829 1178 informationes?
1856 1142 1982 1176 Adhuc

205 1198 314 1231 miror
350 1198 443 1241 quod
474 1200 547 1231 tam
574 1198 738 1232 suauiter
764 1197 809 1231 ad
836 1197 1131 1231 ι11111511155111111111
1160 1197 1365 1241 Principem
1391 1197 1595 1242 scripserit:
1632 1198 1694 1231 sed
1731 1197 1791 1230 ille
1825 1196 1982 1241 prudens

205 1254 271 1292 est,
299 1251 475 1294 benignus
504 1251 613 1285 Pater
639 1254 675 1285 et
702 1251 815 1285 bonae
841 1251 1094 1292 conscientiae,
1131 1262 1223 1294 quae
1255 1262 1439 1294 nunquam
1477 1251 1691 1285 maledicere
1717 1250 1809 1285 solet
1830 1266 1838 1273 ·
1866 1250 1925 1294 qui
1951 1250 1981 1283 si

205 1316 263 1339 res
290 1316 388 1338 meas
415 1307 512 1338 recte
540 1307 785 1348 cognosceret,
822 1306 897 1338 toto
932 1307 1077 1349 pectore
1104 1316 1160 1338 me
1198 1315 1342 1348 semper
1376 1304 1666 1348 amplecteretur,
1700 1307 1736 1338 et
1771 1303 1982 1338 Canisianas

206 1359 361 1392 astutias
387 1357 611 1402 reprimeret.
663 1357 816 1392 ι1111011111
843 1369 918 1391 rem
946 1359 1058 1391 totam
1086 1357 1308 1391 committam
1327 1357 1477 1391 Domino
1505 1358 1588 1398 Deo,
1615 1357 1712 1391 aliud
1738 1356 1919 1399 refugium
1947 1357 1981 1389 in

206 1412 273 1445 hac
299 1411 374 1445 uita
400 1423 470 1445 non
496 1411 628 1445 habeo:
656 1411 748 1455 quod
768 1412 798 1445 si
825 1411 908 1445 olim
935 1411 994 1444 uel
1014 1411 1158 1445 vnicum
1179 1410 1454 1455 paternum³[‘?]
1475 1411 1693 1452 habuissem,
1720 1404 1826 1444 facile
1852 1410 1982 1443 fuisset

208 1465 268 1499 illa.
294 1464 389 1498 mala
416 1465 564 1499 cerebra
589 1465 795 1509 reprimere,
824 1468 859 1498 et
890 1464 1067 1509 promissa
1094 1467 1308 1509 paupertate
1335 1476 1376 1499 ac
1411 1476 1478 1498 sua
1505 1465 1680 1499 felicitate
1707 1466 1875 1499 contenta
1902 1475 1982 1497 esse

207 1517 466 1562 [iubere]¹³[‘?]:
494 1519 557 1552 sed
583 1519 754 1553 iudicium
781 1519 937 1552 nondum
965 1522 1021 1552 est
1047 1518 1262 1559 absolutum,
1289 1519 1326 1552 et
1351 1519 1394 1552 ad
1422 1518 1571 1552 meliora
1596 1520 1703 1552 natus
1730 1529 1838 1552 eram.
1881 1517 1981 1561 Rogo

207 1572 247 1606 R.
267 1572 434 1616 Vestram
472 1576 511 1605 ut
544 1572 634 1606 haec
669 1572 823 1616 paucula
859 1573 894 1606 10
930 1573 1058 1606 bonam
1096 1574 1234 1616 partem
1270 1572 1432 1617 accipere
1459 1572 1638 1616 dignetur.
1689 1571 1804 1606 Multa
1837 1571 1979 1616 quidem

206 1625 320 1659 habeo
347 1626 466 1659 dicere
492 1626 555 1659 sed
582 1626 719 1660 dixisse
754 1638 823 1659 non
852 1626 1000 1666 iuuabit,
1036 1630 1139 1660 tanta
1165 1628 1221 1660 est
1256 1638 1349 1660 nunc
1376 1626 1566 1660 calamitas
1591 1626 1776 1671 temporis.
1827 1625 1981 1659 Jnterim

206 1681 336 1713 iterum
364 1679 576 1723 suppliciter
601 1691 688 1722 rogo
715 1679 756 1714 R.
779 1679 945 1713 Vestram
965 1682 1003 1713 ut
1031 1679 1161 1713 saltem
1179 1680 1321 1713 omnino
1347 1691 1417 1713 non
1436 1691 1492 1713 me
1511 1679 1664 1716 deserat,
1692 1681 1728 1713 et
1753 1679 1784 1713 si
1810 1678 1980 1712 bonorum

206 1734 482 1778 praeteritorum
518 1745 655 1767 memor
680 1744 749 1766 non
786 1733 844 1774 sit,
879 1733 1009 1767 saltem
1045 1733 1220 1766 malorum
1256 1745 1325 1767 non
1359 1733 1577 1768 recordetur.
1641 1732 1769 1766 Plures
1801 1731 1911 1766 habet
1945 1735 1981 1766 et

206 1787 338 1821 habere
376 1789 498 1832 potest
529 1787 816 1822 benedictiones:
854 1787 1010 1821 nondum
1049 1787 1156 1831 perij,
1192 1798 1309 1831 neque
1341 1787 1450 1820 etiam
1482 1787 1691 1821 societatem
1730 1785 1836 1825 laesi,
1873 1797 1979 1829 quam

207 1840 367 1884 quotidie
395 1841 632 1884 uagabundus
659 1843 696 1874 et
729 1853 820 1885 pene
847 1844 952 1874 extra
985 1852 1053 1882 me,
1088 1852 1299 1885 promouere
1334 1852 1376 1874 ac
1403 1840 1593 1874 aedificare
1628 1852 1734 1874 conor
1768 1851 1980 1884 semperque

206 1894 257 1927 vti
286 1906 390 1939 spero
419 1894 584 1936 conabor,
614 1894 712 1928 Jilud
739 1895 825 1928 mihi
852 1894 990 1928 sufficit
1014 1895 1119 1927 modo
1145 1906 1214 1928 non
1241 1894 1309 1927 sim
1336 1896 1440 1927 extra
1466 1894 1631 1937 gratiam,
1659 1894 1736 1927 5100
1763 1904 1833 1937 qua
1859 1893 1979 1926 uiuere

208 1959 276 1981 non
305 1950 361 1981 est
387 1948 448 1981 sed
478 1948 580 1992 morj.
633 1948 850 1982 Commendo
885 1959 942 1981 me
977 1947 1163 1981 humiliter
1198 1950 1233 1980 et
1260 1959 1340 1981 cum
1367 1946 1526 1981 lacrimis
1554 1947 1719 1991 precibus
1746 1947 1787 1981 R.
1807 1946 1978 1980 Vestrae:

204 2000 391 2044 Frisingae
419 2001 512 2035 festo
539 2004 664 2035 sancto
691 2001 724 2036 b.
742 2000 903 2045 Josephi.

325 2065 414 2100 Cras
450 2066 507 2100 ibo
544 2066 588 2100 ad
627 2066 983 2100 Reuerendissimum
1022 2065 1227 2110 Principem
1264 2078 1308 2099 ex
1346 2065 1516 2099 mandato
1553 2065 1779 2099 Serenissimi
1817 2065 1979 2098 fratris³.

204 2119 270 2153 Die
296 2119 508 2153 1)0111101004
535 2119 657 2154 redibo
683 2119 925 2153 Lanshoutam
954 2119 1083 2152 iterum
1112 2119 1156 2153 ad
1176 2130 1316 2163 pugnas
1342 2122 1379 2152 et
1405 2119 1663 2161 contentiones,
1690 2119 1772 2162 quia
1798 2118 1884 2152 ille5
1911 2130 1979 2152 non

204 2173 347 2206 uidetur
373 2184 479 2217 posse
506 2184 661 2214 cessare,
697 2173 749 2207 ita
775 2173 942 2207 circumit
968 2174 1006 2206 et
1040 2172 1136 2206 dolet
1162 2173 1255 2216 quod
1282 2172 1333 2206 illi
1368 2184 1438 2205 non
1466 2172 1637 2207 succedit.
1691 2172 1791 2215 Rogo
1818 2171 1858 2206 R.
1878 2171 1921 2206 V.
1941 2173 1980 2205 ut

174 2250 177 2253 -
205 2226 307 2260 illum
335 2228 538 2270 temperare
565 2227 744 2269 dignetur.

1414 2275 1454 2308 R.
1474 2274 1517 2307 V.
1539 2274 1708 2316 indignus
1734 2284 1862 2307 seruus

1419 2333 1628 2367 Dominicus
1655 2333 1854 2376 mengiuus.

323 2404 557 2444 †Admodum
585 2404 794 2438 Reuerendo
819 2403 860 2449 jn
890 2403 1034 2438 Christo
1063 2403 1163 2437 Patri
1191 2403 1229 2438 P.
1249 2404 1363 2438 Paulo
1391 2404 1539 2438 Hoifaeo
1565 2404 1756 2438 Societatis
1783 2404 1870 2437 Jesu
1900 2403 1981 2436 Pro-

204 2457 353 2490 uinciali
381 2459 449 2492 etc.
501 2457 732 2502 Jngolstadij.

324 2541 498 2583 Hoffaeus
533 2540 599 2574 has
627 2541 788 2583 Mengini
824 2540 968 2574 litteras
994 2540 1144 2574 Romam
1177 2540 1221 2574 ad
1249 2540 1516 2575 Mercurianum
1555 2541 1663 2581 misit,
1700 2532 1789 2573 haec
1823 2539 1868 2573 iis
1894 2538 1980 2572 *ad-

204 2596 352 2627 notans:
387 2593 482 2634 „Has
510 2593 639 2627 iccirco
666 2594 747 2628 misi
776 2596 816 2627 vt
842 2593 882 2627 P.
902 2593 945 2628 V.
966 2596 1201 2635 cognosceret
1230 2593 1265 2627 in
1292 2605 1361 2637 quo
1388 2597 1486 2627 statu
1514 2593 1619 2627 istius
1645 2592 1799 2627 hominis
1825 2604 1883 2625 res
1909 2591 1980 2625 sint

204 2649 240 2679 et
267 2646 352 2689 quid
380 2649 477 2680 facto
505 2658 594 2691 opus
620 2646 670 2680 sit
695 2647 852 2690 cogitet:
888 2646 1067 2680 hominem
1104 2647 1199 2680 enim
1235 2647 1349 2680 solum
1387 2647 1567 2680 mandatis
1603 2657 1733 2689 Vrgere
1760 2648 1796 2679 et
1822 2656 1980 2685 onerare,

205 2701 289 2732 ante
314 2700 404 2733 satis
440 2700 516 2733 suis
552 2701 740 2734 affectibus
776 2703 955 2738 onustum,
991 2700 1111 2733 nescio
1145 2712 1251 2743 quam
1288 2701 1489 2734 consultum
1523 2701 1586 2734 sit:
1624 2700 1794 2743 frangere
1829 2699 1980 2737 0111111110,

205 2752 324 2786 005010
352 2764 458 2796 quam
487 2755 574 2787 etc.“
609 2754 670 2796 (ex
698 2756 857 2797 autogr.;
877 2753 997 2788 Germ.
1021 2754 1086 2788 156
1113 2753 1137 2788 f.
1158 2754 1408 2797 31121—3121).

324 2846 351 2876 a)
374 2847 439 2877 S1'1·,·
465 2847 590 2871 scribere
619 2847 737 2877 volebat,
760 2850 848 2878 puto:
874 2846 1047 2879 patronum.
1162 2845 1190 2877 b)
1211 2848 1272 2871 ΙΙιιι·
1293 2848 1335 2872 rel
1360 2848 1457 2872 simile
1483 2855 1504 2871 r.
1532 2846 1644 2871 ‹sat-ere
1658 2846 1680 2876 Β)
1706 2845 1899 2877 supplendum
1921 2852 1981 2869 esse

204 2887 330 2911 videtur.

328 2998 337 3017 ¹
364 2998 417 3031 Cf.
436 3009 546 3042 supra
572 3010 605 3043 p.
624 2999 705 3034 491.
853 2999 866 3019 '³
892 2999 1153 3034 Merum-ianus.

326 3051 338 3070 ³
365 3051 420 3084 Ad
448 3051 651 3092 Ernestum,
687 3052 871 3087 Guilielmi
907 3053 1056 3086 fratrem
1083 3054 1169 3086 natu
1196 3053 1380 3092 minorem,
1414 3051 1620 3096 episcopum
1650 3050 1895 3095 (episcopatus
1922 3048 1978 3083 ad-

205 3103 503 3146 ministratorem)
533 3105 784 3148 frisingensem
813 3109 850 3140 et
875 3105 1142 3146 hildesiensem,
1169 3105 1355 3148 Frisingae
1383 3105 1616 3139 habitantem.

326 3157 338 3175 ‘¹
365 3156 421 3191 22.
441 3157 575 3192 Martii.
723 3160 735 3178 ⁵
762 3159 940 3194 canisius.
