2062 3443
292 156 394 191 1975.
422 155 719 190 Bartholomaeus
746 156 788 190 de
816 156 936 190 I'ortia
963 156 1115 191 Canisio.
1157 156 1301 192 Colonia
1330 158 1384 192 21.
1406 159 1526 193 Martii
1559 160 1660 194 1577.
1777 163 1861 203 395

90 288 202 328 quae
244 274 367 316 nobis
409 275 602 323 offertur,
646 275 802 327 diuque
836 275 1083 317 desiderata
1124 274 1205 318 fuit
1238 277 1408 318 occasio
1443 278 1494 319 de
1527 277 1722 331 plurimis
1757 279 1861 319 Ger-

91 339 228 382 manis
268 340 376 381 bene
410 340 614 382 merendi.
680 340 844 382 Omitto
879 342 1074 387 coetera,
1120 354 1230 392 quae
1272 341 1477 384 maiorem
1521 342 1656 383 totius
1698 343 1860 395 negotii

90 404 228 447 lucem
253 405 461 458 praebere
486 408 675 458 possent,
711 405 912 458 quoniam
947 418 1000 446 ex
1025 404 1208 446 aliorum
1235 406 1373 448 literis
1398 407 1525 448 facile
1549 407 1860 461 intelligentur.

92 470 199 511 Rern
233 483 335 512 uero
369 470 561 523 inprimis
590 471 629 512 P.
658 471 707 513 V.
743 484 793 512 ac
827 470 981 511 deinde
1014 470 1057 513 P.
1082 469 1402 513 Assistentibus
1435 471 1707 514 iudicandam
1733 473 1863 513 relin-

88 549 186 588 quo,
230 548 383 588 meque
425 535 593 577 illorum
636 535 835 590 precibus
874 538 1130 577 reuerenter
1171 537 1422 578 commendo
1464 537 1506 578 in
1550 537 1719 579 Christo
1758 538 1862 579 Jesu

89 599 260 642 domino
294 603 458 643 nostro.
511 600 776 654 Jngolstadij
816 602 867 641 12
902 599 1048 653 Martij
1090 602 1212 642 1577.

1231 731 1343 772 filius
1376 731 1577 784 indignus

1030 796 1122 839 Pet.
1158 796 1355 838 Canisius
1388 811 1517 838 manu
1552 797 1742 851 propria.

206 873 233 925 †
273 871 514 914 Admodum
561 872 816 914 Reuerendo
862 873 902 913 in
946 872 1115 914 Christo
1161 873 1281 915 Patri
1328 876 1499 923 nostro,
1548 874 1592 915 P.
1640 874 1863 915 Euerardo

87 937 358 980 Mercuriano
394 938 649 992 Praeposito
684 938 886 980 Generali
920 937 1152 981 Societatis
1186 938 1331 981 IESV.
1427 939 1603 981 Romae.

87 1057 238 1094 1975.
314 1057 930 1095 BARTHOLOMAEUS
959 1058 1050 1094 DE
1078 1058 1348 1094 l'OR'PlA
1375 1060 1595 1104 apostolicus
1614 1061 1647 1094 in
1669 1060 1863 1094 Germania

277 1113 424 1146 nuntius
452 1112 655 1148 CANISIO.
1314 1114 1460 1147 Colonia
1486 1114 1542 1149 21.
1563 1114 1684 1147 Martii
1716 1114 1816 1149 1577.

206 1183 258 1217 Ex
287 1183 495 1228 apographo
522 1184 667 1225 recenti,
696 1183 880 1228 exscripto
907 1195 952 1217 ex
975 1184 1130 1226 registro
1158 1182 1359 1217 litterarum
1382 1183 1535 1224 Porti-ae,
1563 1184 1655 1228 quod
1675 1184 1862 1219 03100110-

85 1237 153 1270 reti
183 1236 400 1279 (Colloredo)
430 1237 465 1270 in
492 1236 639 1271 archivo
665 1237 883 1271 marchionis
910 1237 953 1270 de
980 1236 1287 1278 Colloredo-Mels‚
1328 1237 1460 1279 ⁷,Busta
1486 1238 1519 1277 4,
1556 1238 1644 1270 fasc.
1673 1237 1724 1271 G“
1755 1238 1780 1272 f.
1806 1239 1862 1271 41.

86 1290 285 1333 Antiquum
313 1290 401 1324 illud
429 1290 677 1335 apographum
697 1290 873 1324 Minutius
892 1290 1049 1324 Minucci
1066 1289 1208 1323 Porti-ae
1232 1291 1450 1324 secretarius
1475 1290 1623 1335 scripsit
1639 1291 1863 1333 (Schellhass,

85 1342 195 1377 Nunt.
225 1343 274 1377 111
301 1344 367 1378 441
386 1343 422 1387 ¹),
450 1346 485 1377 et
511 1344 564 1378 sic
593 1344 796 1388 inscripsit:
828 1344 948 1385 „Patri
976 1343 1120 1377 Canisio
1149 1343 1395 1388 lngolstadij.“

208 1425 398 1461 Praefatio
425 1425 601 1461 editoris:
631 1428 757 1461 Parsia
784 1426 1004 1471 Ingolstadio
1033 1427 1109 1468 (ubi
1136 1439 1176 1461 eo
1203 1430 1364 1471 tempore
1392 1428 1557 1461 Canisius
1584 1438 1726 1470 quoque
1753 1439 1865 1460 mora-

85 1479 210 1518 batur;
230 1492 263 1514 v.
276 1492 385 1524 supra
406 1492 436 1524 p.
452 1482 537 1523 354)
560 1481 612 1514 12.
632 1480 847 1515 Novembris
864 1481 954 1514 1576
975 1480 1147 1515 cardinali
1169 1480 1334 1514 Comensi
1354 1480 1397 1514 de
1416 1480 1588 1514 cardinali
1609 1481 1756 1514 Morono
1775 1480 1863 1514 haec

85 1533 244 1568 rettulit:
285 1533 375 1575 „Tra
412 1533 511 1567 molti
546 1534 765 1579 particolari,
802 1533 867 1568 che
903 1534 1029 1568 furono
1056 1534 1090 1567 in
1119 1533 1317 1581 Ratisliona
1352 1535 1512 1578 proposti
1539 1545 1559 1567 a
1586 1533 1795 1577 Monsignor
1824 1534 1864 1567 ll-

84 1586 302 1621 lustrissimo
328 1587 478 1621 11101000
512 1588 550 1622 fu
587 1588 611 1621 il
647 1599 812 1622 soccorso
847 1587 938 1621 d'un
975 1587 1096 1632 pover'
1124 1587 1253 1622 huorno
1290 1587 1602 1621 ch’essercitando
1637 1587 1732 1621 nello
1769 1590 1865 1621 stato

85 1640 168 1674 dell'
195 1640 355 1674 Elettore
383 1641 548 1675 Palatino
577 1641 611 1675 la
637 1642 881 1686 predicatione
908 1641 1078 1679 heretica.
1106 1653 1167 1675 era
1194 1641 1276 1675 dall'
1304 1641 1538 1685 inspiratione
1556 1640 1689 1679 divina,
1717 1643 1752 1674 et
1770 1641 1865 1674 dalla

83 1693 276 1728 collatione
303 1694 356 1728 de'
377 1694 468 1728 dotti
504 1695 725 1728 convertit0“
770 1695 831 1737 (ex
869 1694 1077 1740 apographo
1116 1695 1253 1728 recenti
1288 1695 1535 1728 commentarii
1571 1694 1630 1727 vel
1666 1694 1864 1739 apographi

83 1748 236 1792 antiqui,
263 1748 355 1791 (111011
384 1751 439 1782 est
466 1748 500 1781 in
529 1748 612 1782 Cod.
641 1760 728 1782 rom.
753 1748 893 1789 „Germ
913 1748 993 1782 Vol.
1013 1749 1102 1782 82³²
1134 1750 1157 1782 f.
1179 1748 1251 1791 68).
1296 1748 1420 1782 Sciens
1447 1752 1567 1781 autem
1594 1747 1673 1788 31111,
1700 1749 1730 1781 31
1758 1748 1863 1782 fidem

82 1801 299 1835 catholicam
326 1801 443 1845 palam
464 1801 705 1842 confiteretur,
733 1802 907 1835 modicam
929 1801 1027 1835 illam
1048 1802 1240 1841 fortunam,
1269 1813 1339 1845 qna
1357 1813 1407 1841 se,
1435 1813 1594 1841 uxorem,
1621 1801 1715 1835 filios
1732 1801 1865 1835 multos

82 1857 277 1895 sustentat,
304 1854 574 1899 relinquendam
602 1856 688 1895 fore,
716 1855 975 1898 Ingolstadium
1004 1855 1048 1889 ad
1076 1855 1272 1889 Martinum
1301 1855 1514 1897 Eisengrein
1542 1854 1697 1887 amicum
1722 1853 1864 1889 litteras

83 1908 192 1948 misit,
226 1908 356 1952 quibus
383 1908 571 1942 consilium
598 1909 846 1952 auxiliumque
874 1909 1020 1952 petebat
1036 1911 1054 1942 ¹.
1107 1909 1244 1942 Harum
1272 1920 1357 1953 pars
1383 1909 1479 1952 prior
1505 1907 1616 1942 libelli
1645 1908 1758 1942 instar
1785 1919 1864 1942 con-

83 1961 220 2006 scripta
247 1963 282 1995 et
308 1961 423 1996 solida
450 1962 612 1996 doctrina
638 1963 773 1996 referta
800 1966 888 1996 erat.
932 1962 1013 2006 Ipse
1040 1974 1136 2002 vero,
1165 1961 1408 1996 conscientiae
1434 1961 1602 2001 stimulis,
1629 1973 1672 1994 ne
1691 1961 1864 1996 ecclesiae

81 2026 123 2049 se
148 2015 298 2058 iungere
325 2015 460 2049 diutius
487 2018 697 2057 moraretur,
725 2015 912 2060 impulsus.
942 2015 1203 2059 lngolstadium
1227 2015 1338 2056 venit,
1370 2014 1480 2057 „doue
1501 2016 1521 2048 ’1
1549 2014 1744 2048 medesimo
1763 2015 1864 2049 Esin-

83 2067 212 2111 grinio,
239 2072 275 2102 et
301 2068 325 2102 il
354 2068 468 2102 Padre
496 2068 640 2103 Canisio
667 2069 934 2114 approbandolo
962 2081 1025 2114 per
1051 2069 1160 2110 dotto,
1188 2071 1224 2102 et
1251 2069 1346 2102 assai
1366 2068 1583 2102 incaminato
1611 2079 1674 2112 per
1700 2068 1735 2102 la
1753 2068 1865 2102 dritta

84 2122 143 2156 uia
179 2133 265 2156 sono
301 2122 455 2156 solleciti
483 2122 539 2156 del
575 2125 861 2157 sostentamento
897 2134 972 2162 suo,
1009 2126 1043 2155 et
1071 2123 1117 2156 mi
1154 2133 1313 2167 pregano
1340 2123 1360 2155 11
1386 2121 1590 2166 supplicare
1618 2133 1637 2154 a
1665 2121 1707 2155 V.
1728 2122 1762 2156 S.
1782 2120 1865 2155 Illu-

82 2175 264 2210 strissima
290 2178 326 2209 et
352 2187 393 2209 co
415 2175 437 2209 ’l
463 2187 582 2210 mezzo
608 2187 672 2210 suo
700 2175 771 2210 alla
790 2176 931 2210 Santita
958 2176 991 2209 di
1011 2175 1053 2209 N.
1073 2175 1223 2219 Signore
1250 2187 1314 2220 per
1340 2174 1494 2219 qualche
1513 2174 1616 2208 modo
1637 2174 1670 2208 di
1689 2186 1865 2215 30000130,

82 2228 149 2263 0110
184 2231 328 2274 potesse
364 2229 556 2263 istendersi
592 2241 681 2263 anco
717 2229 761 2263 ad
789 2229 873 2263 altri
899 2229 1019 2269 simili,
1055 2229 1121 2263 0110
1158 2240 1355 2263 00003οοοο
1391 2227 1416 2262 11
1442 2239 1539 2268 0010,
1575 2239 1618 2261 ne
1645 2227 1678 2261 10
1705 2239 1865 2271 seguono

81 2294 145 2327 per
171 2284 269 2316 certo
304 2282 433 2316 timore
460 2282 494 2316 di
521 2294 590 2316 non
627 2282 760 2316 hauere
787 2283 821 2316 di
849 2282 914 2316 che
941 2283 1097 2317 uiuere.“
1152 2284 1205 2315 Ac
1231 2281 1451 2316 Ratisbonae
1488 2281 1630 2325 quidem
1661 2280 1782 2314 Ioanni
1809 2281 1864 2315 Ia-

79 2336 168 2370 cobo
188 2335 316 2370 Khuen
344 2336 386 2370 de
410 2336 541 2381 Belasy
570 2336 839 2381 archiepiscopo
865 2336 1126 2380 salisburgensi
1155 2335 1427 2369 commendatus
1453 2338 1550 2375 erat;
1577 2334 1608 2368 is
1627 2346 1713 2368 vero
1731 2347 1770 2369 se
1789 2335 1865 2369 eius

80 2400 189 2434 opera
215 2401 331 2433 neque
359 2390 392 2423 in
420 2389 528 2424 rebus
554 2390 680 2430 sacris,
713 2390 806 2434 quod
834 2390 948 2424 laicus
975 2392 1072 2424 esset
1098 2392 1134 2423 et
1160 2400 1310 2423 uxorem
1336 2387 1497 2428 haberet,
1524 2399 1642 2432 neque
1668 2389 1703 2421 in
1730 2388 1865 2422 scholis

82 2442 345 2483 seminariisve,
372 2443 466 2487 quod
486 2444 522 2476 in
550 2443 620 2477 fide
647 2455 774 2477 recens
801 2447 908 2484 esset,
935 2444 989 2477 uti
1015 2454 1120 2488 posse
1148 2442 1334 2487 respondit
1354 2443 1414 2484 (ex
1436 2440 1646 2485 archetypo,
1673 2441 1757 2476 Cod.
1777 2453 1864 2476 rom.

83 2495 225 2537 „Germ
254 2495 334 2529 Vol.
362 2496 428 2531 81“
460 2509 492 2541 p.
526 2496 735 2536 691—692;
774 2496 895 2536 etiam,
932 2509 975 2530 ex
1005 2496 1127 2530 eodem
1156 2495 1364 2540 archetypo,
1393 2495 1486 2539 apud
1516 2495 1726 2538 Schellhass,
1754 2494 1863 2529 Nunt.

80 2547 113 2580 V
141 2549 360 2592 550—551).
404 2549 537 2583 Eodem
565 2550 622 2583 die
641 2550 767 2583 Porcia
794 2549 838 2583 ad
860 2550 1046 2583 Moronum
1076 2560 1217 2593 quoque
1244 2548 1352 2582 huius
1371 2549 1422 2581 rei
1449 2549 1568 2591 gratia
1594 2547 1737 2581 litteras
1757 2547 1865 2588 dedit,

81 2600 115 2635 in
144 2601 274 2646 quibus
300 2601 402 2643 111100,
429 2606 575 2647 praeter
601 2603 684 2643 alia,
711 2605 815 2636 sunt:
848 2602 897 2644 „ll
925 2602 1139 2636 predicante
1166 2601 1223 2635 del
1251 2601 1469 2643 Palatinato,
1496 2600 1550 2635 ch’
1572 2601 1794 2643 insegnando
1821 2601 1864 2634 ad

80 2654 189 2688 altrui
208 2655 244 2688 la
263 2655 324 2689 via
342 2655 436 2689 della
463 2656 673 2700 perditione,
702 2668 765 2700 per
792 2656 915 2690 divina
940 2655 1187 2689 misericordia
1209 2666 1273 2699 par
1292 2654 1321 2688 c'
1336 2654 1466 2688 habbia
1486 2654 1697 2696 conseguito
1716 2653 1812 2687 lume
1831 2654 1864 2687 di

79 2709 261 2742 caminare
288 2708 359 2742 alla
376 2709 495 2743 salute
517 2708 621 2752 (com’
641 2709 756 2743 intese
775 2709 818 2744 V.
838 2710 872 2743 S.
894 2709 1145 2743 lllustrissima
1163 2709 1197 2742 in
1218 2708 1415 2742 Ratisbona
1434 2707 1493 2741 dal
1511 2707 1627 2741 Padre
1646 2706 1802 2748 Canisio,
1830 2710 1865 2741 et

81 2761 136 2795 da'
151 2762 269 2796 scritti
296 2762 353 2796 del
376 2762 588 2806 medesimo)
690 2763 810 2807 spinto
829 2762 912 2797 dall'
940 2762 1149 2797 acutissimo
1175 2761 1319 2796 stimolo
1346 2760 1441 2795 della
1459 2761 1671 2795 conscienza
1695 2763 1713 2794 0
1732 2770 1865 2795 venuto

78 2815 151 2858 qua
176 2815 327 2849 risoluto
354 2815 389 2849 di
415 2815 630 2849 sottrahersi
657 2815 702 2849 da
720 2815 804 2860 quel
830 2815 985 2861 pericolo
1005 2842 1012 2850 .
1034 2841 1068 2850 ..
1097 2815 1126 2849 11
1153 2815 1287 2849 ricorso
1313 2825 1379 2848 suo
1406 2817 1424 2848 0
1448 2817 1545 2848 stato
1565 2813 1624 2848 all’
1646 2814 1862 2857 Esingrinio,

79 2878 145 2901 con
173 2868 229 2902 cui
263 2868 380 2912 prima
408 2868 551 2902 haveva
577 2870 839 2903 communicato
864 2869 899 2903 lo
925 2869 1052 2914 spirito
1079 2869 1113 2902 di
1144 2868 1397 2912 resipiscenza,
1433 2867 1480 2901 ha
1506 2867 1699 2912 parimenti
1727 2867 1863 2901 havuto

79 2920 353 2964 ragionamento
372 2921 446 2955 co'l
466 2921 584 2955 Padre
603 2922 758 2964 Canisio,
786 2924 822 2956 et
841 2933 940 2956 come
967 2922 988 2956 Γ
1004 2934 1072 2956 uno
1092 2924 1128 2955 et
1145 2921 1167 2955 l'
1180 2921 1273 2955 altro
1292 2921 1449 2955 rendono
1469 2923 1569 2955 certa
1587 2921 1864 2955 testimonianza

204 3053 211 3069 ¹
240 3049 453 3094 Eisengrein
480 3061 560 3083 eum
590 3049 747 3092 (nomine
775 3050 852 3085 eius
878 3062 948 3084 non
981 3049 1112 3095 posito)
1142 3048 1364 3093 Ingolstadio
1392 3050 1447 3085 16.
1477 3050 1568 3084 lunii
1597 3050 1687 3085 1576
1717 3049 1865 3083 Erasmo

79 3101 176 3136 Fend
211 3102 352 3137 Alberti
381 3102 422 3138 V.
452 3103 630 3137 Bavariae
666 3103 768 3138 ducis
804 3103 1009 3139 consiliario
1046 3103 1317 3137 commendasse
1353 3103 1497 3137 videtur
1535 3103 1701 3147 (Pfleyer,
1738 3102 1865 3137 Eisen-

79 3155 182 3199 grein
212 3156 308 3200 168).
