2062 3443
108 289 196 323 1577

107 342 195 376 1577

107 447 195 483 1577

107 501 196 536 1577

106 607 196 642 1577

107 767 195 802 1577

107 927 196 962 1577

107 981 196 1016 1577

107 1034 196 1070 1577

107 1088 196 1123 1577

108 1194 196 1229 1577

92 1317 201 1358 1577
248 1349 249 1357 ,

109 1451 198 1486 1577

110 1511 196 1545 1577

111 1624 198 1658 1577

110 1683 198 1718 1577
250 1668 251 1686 ¹

109 1791 199 1826 1577

439 171 527 204 1577
557 171 651 204 inter
679 170 777 203 Febr.
806 171 842 203 et
869 169 1016 214 Ap1·.—
1040 168 1128 203 1578
1156 168 1257 202 Febr.
1286 171 1322 202 et
1348 168 1455 202 Mart.

364 288 456 331 Aug.
486 287 515 320 1.

393 342 485 383 Aug.

292 448 393 483 Circa
420 447 476 482 20.
496 447 588 490 Aug.

280 502 311 536 A
329 500 386 536 20.
407 500 480 534 fere
510 502 600 542 Aug.

268 608 340 644 Sub
362 608 499 642 exitum
522 611 612 651 Aug.

303 769 400 803 Inter
425 767 516 801 med.
543 768 578 801 et

291 824 436 857 exeunt.
457 832 587 855 annum

323 876 379 920 (ut
405 875 563 918 videtur)

290 928 393 963 Circa
415 928 511 973 Sept.
534 928 588 962 17.

293 983 395 1018 Circa
414 982 511 1026 Sept.
533 982 589 1016 19.

293 1036 397 1072 Circa
416 1036 471 1070 21.
491 1036 588 1080 Sept.

272 1091 303 1125 A
324 1090 379 1124 21.
408 1089 483 1123 fere
509 1089 605 1134 Sept.

331 1144 374 1178 ad
401 1143 457 1178 20.
477 1142 556 1177 Oct.

248 1197 249 1242 j
301 1198 400 1232 Inter
418 1197 513 1242 Sept.
532 1196 588 1230 22.

248 1249 249 1255 ¹
329 1255 364 1285 et
390 1249 470 1285 Oct.
499 1250 553 1284 19.

332 1317 553 1359 Autumno

302 1452 406 1488 Circa
433 1451 513 1486 Oct.
533 1451 588 1486 21.

287 1514 315 1547 Α
336 1512 391 1547 21.
409 1511 484 1545 fere
511 1510 589 1545 Oct.

309 1566 353 1600 ad
380 1565 469 1600 med.
489 1566 573 1600 Dec.

250 1653 251 1658 ,
283 1626 386 1661 Circa
405 1625 498 1660 med.
518 1624 600 1659 Dec.

365 1685 451 1720 Dec.
470 1683 525 1719 24.

249 1708 251 1801 l

282 1793 366 1827 Dec.
386 1795 541 1827 exeunte
560 1792 604 1826 ad

59 1844 104 1880 ad
127 1844 217 1879 1578
250 1865 251 1875 ι
271 1847 344 1881 Ian.
364 1847 439 1880 fere
460 1845 615 1880 medium

110 1897 200 1933 1578

109 2005 200 2040 1578

109 2111 201 2147 1578

110 2271 200 2307 1578

111 2435 202 2472 1578

113 2543 204 2578 1578

112 2650 203 2685 1578

113 2811 204 2846 1578

113 2871 204 2907 1578

296 2436 382 2478 Ian„
410 2441 489 2482 post
510 2436 600 2471 med.

320 2542 395 2577 Ian.
423 2545 577 2577 exeunte

329 2597 384 2640 (ut
410 2596 568 2641 videtur)

369 2650 470 2685 Febr.
492 2652 522 2685 6.

398 2810 499 2845 Febr.

276 2869 378 2905 Circa
405 2870 496 2905 med.
518 2870 620 2906 Febr.

1782 180 1827 203 LV

650 283 763 320 Halae
790 285 823 318 in
851 284 960 318 Tiroli
989 285 1087 327 degit
1117 284 1233 327 (409).

652 339 689 373 Ρ.
719 339 904 372 Hoffaeurn
945 339 1198 382 provincialem
1234 339 1268 372 in
1301 337 1452 382 collegio
1479 337 1618 372 halensi
1649 337 1827 372 visitando

710 392 858 425 adiuvat
885 392 1000 435 (409).

651 445 738 480 Cum
768 445 914 479 Hoffaeo
942 442 1177 490 Oenipontem
1204 445 1440 489 transmigrat
1469 444 1555 486 (410
1581 444 1651 479 414
1677 444 1774 487 415).

630 513 632 519 ·
654 500 837 533 Hoffaeum
866 498 1123 544 provincialem
1147 499 1179 532 in
1200 499 1407 532 visitatione
1434 498 1577 541 collegii
1600 498 1827 541 oenipontani

321 555 364 589 ad
397 554 446 588 17.
467 554 564 598 Sept.
630 558 633 582 i

710 552 868 586 adiuvat.
912 551 1062 594 Collegii
1091 551 1200 585 libros
1230 552 1449 596 „expurgat“
1482 552 1568 594 (778
1596 551 1692 593 779).

651 605 723 640 Sex
749 607 897 640 iuvenes
924 616 1050 639 suecos
1070 605 1104 639 in
1125 605 1315 648 collegium
1343 606 1588 649 germanicum
1616 605 1743 639 missos
1771 616 1825 638 ex-

711 659 798 704 cipit
830 663 876 698 et,
913 658 1029 702 quoad
1057 658 1232 692 transitus
1259 659 1294 692 in
1322 658 1461 692 Italiam
1490 658 1651 692 securior
1677 658 1734 699 sit,
1772 657 1829 691 Di-

712 713 829 756 lingae
856 711 1112 746 sustentandos
1138 714 1241 746 curat
1270 712 1384 755 (413).

652 766 691 800 In
712 766 917 801 visitatione
944 765 1086 809 collegii
1113 765 1266 800 alicuius
1296 765 1369 805 (vel
1397 765 1554 810 plurium
1579 764 1827 808 collegiorum)

712 819 754 854 de
781 831 822 853 ea
849 820 893 854 ad
921 819 1043 854 Socios
1069 819 1356 853 exhortationem
1383 818 1491 854 habet
1519 819 1634 862 (775).

653 926 740 961 Cum
769 926 916 960 Hoffaeo
943 926 1154 971 provinciali
1182 926 1423 971 proficiscitur
1450 925 1632 969 Dilingam
1662 925 1777 969 (419).

653 979 740 1014 Cum
768 991 808 1014 eo
835 980 967 1014 transit
995 991 1056 1024 per
1082 977 1309 1014 Monachium
1337 980 1452 1023 (420).

652 1031 837 1079 Dilingam
864 1033 1012 1068 advenit
1041 1033 1155 1077 (420).

654 1087 840 1121 Hoffaeum
878 1086 1132 1132 provincialem
1169 1087 1204 1121 in
1236 1087 1442 1122 visitatione
1480 1086 1622 1130 collegii
1658 1085 1831 1130 dilingani

712 1141 861 1175 adiuvat
891 1141 1004 1184 (420).

653 1194 738 1229 Cum
768 1194 914 1229 Hoffaeo
941 1197 977 1228 et
1003 1196 1023 1229 2
1045 1195 1126 1229 aliis
1147 1194 1261 1230 Sociis
1287 1206 1307 1228 a
1334 1194 1551 1238 Marquardo
1576 1193 1619 1228 de
1639 1194 1733 1237 Berg
1759 1193 1833 1238 epi-

712 1259 820 1293 scopo
848 1248 1006 1293 principe
1034 1252 1236 1292 augustano
1264 1248 1308 1282 ad
1332 1248 1520 1293 prandium
1540 1249 1690 1282 vocatur
1716 1247 1831 1291 (420).

652 1314 696 1357 C.
731 1315 908 1358 hortatu
952 1315 1162 1358 sodalitas
1205 1315 1252 1358 B.
1287 1315 1454 1356 Mariae
1488 1314 1539 1357 V.
1575 1313 1831 1368 Ingolstadii

711 1380 957 1423 instituitur
989 1382 1127 1433 (778).

652 1451 690 1486 C.
718 1463 797 1485 cum
827 1451 974 1485 Hoffaeo
1001 1450 1214 1496 provinciali
1242 1448 1513 1496 Ingolstadium
1540 1450 1687 1484 advenit
1715 1449 1832 1494 (421).

651 1511 792 1545 Hoffaei
828 1511 1064 1556 provincialis
1099 1511 1135 1545 in
1173 1510 1325 1554 collegio
1352 1511 1533 1545 visitando
1570 1510 1706 1545 socium
1737 1509 1830 1553 agit3

712 1564 853 1608 collegii
881 1564 1135 1599 bibliothecam
1163 1564 1296 1599 lustrat
1322 1567 1358 1599 et
1384 1567 1567 1609 expurgat
1598 1563 1682 1608 (426
1710 1563 1808 1606 780).

653 1623 739 1658 Cum
769 1624 917 1658 Hoffaeo
945 1624 1184 1668 proficiscitur
1210 1621 1437 1659 Monachium
1468 1623 1581 1667 (426).

653 1683 823 1718 Excurrit
848 1682 1125 1728 Landsbergam
1152 1684 1196 1718 ad
1223 1695 1327 1718 sacra
1353 1683 1555 1718 ministeria
1582 1683 1707 1717 diebus
1733 1685 1832 1717 nata-

713 1737 801 1772 litiis
828 1738 1009 1779 obeunda;
1043 1737 1123 1772 inde
1150 1737 1346 1772 revertitur
1371 1735 1601 1772 monachium
1632 1736 1745 1780 (426).

653 1790 834 1825 Monachii
872 1791 1059 1825 Hoffaeum
1096 1790 1356 1835 provincialem
1392 1791 1427 1824 in
1464 1790 1617 1833 collegio
1653 1789 1833 1824 visitando

714 1845 881 1885 adiuvat:
908 1844 1050 1888 collegii
1077 1844 1188 1878 libros
1214 1844 1348 1879 lustrat
1367 1847 1401 1878 et
1420 1847 1600 1889 expurgat
1621 1844 1706 1887 (426
1734 1843 1832 1887 781).

655 1900 775 1933 Βιιαεί
801 1903 830 1932 et
853 1900 1003 1932 Parisiis
1023 1899 1205 1942 Epistolae
1230 1904 1260 1932 et
1285 1899 1481 1942 Ecanyelia
1501 1899 1660 1932 Missalz’s
1680 1899 1836 1931 Romam·

714 1964 790 1985 cum
822 1954 857 1986 C.
885 1955 1093 1986 summariis
1119 1954 1275 1986 eduntur
1305 1951 1419 1995 (784).

656 2006 828 2051 „Summa
866 2007 1049 2040 doz-trinae
1088 2004 1330 2039 christIan(te“
1371 2007 1482 2039 latine
1521 2006 1640 2039 editur
1679 2006 1834 2038 Veronae

718 2060 833 2102 (782).

656 2114 818 2159 „Parcus
856 2114 1094 2148 catechismus
1131 2112 1417 2147 Catholz'corccm“
1455 2114 1573 2146 editur
1609 2114 1720 2146 latine
1746 2114 1832 2146 Ant-

714 2170 865 2211 rerpiae,
895 2168 1072 2210 Coloniae,
1102 2168 1280 2211 Dilinyae,
1306 2168 1530 2210 Inyolstadii,
1560 2167 1730 2200 Mantuae
1751 2167 1834 2207 (?),·

715 2223 832 2255 italice
857 2222 1040 2264 Augustae
1070 2222 1317 2255 Taurinorum
1346 2220 1430 2263 (783
1459 2220 1557 2263 784).

654 2276 697 2309 In
721 2276 831 2317 „Fide
854 2276 929 2308 Iesu
951 2279 979 2308 et
1000 2274 1238 2308 Iesecitarzmst
1258 2275 1387 2308 iterum
1415 2276 1513 2316 (cum
1533 2275 1668 2308 Donati
1687 2274 1835 2307 Wisarti

715 2329 874 2369 nomine)
904 2329 1043 2372 ralyata
1074 2329 1110 2362 C.
1138 2329 1271 2372 aliique
1298 2328 1395 2362 Socii
1421 2329 1588 2361 conviciis
1619 2329 1835 2370 afficiuntur

657 2434 695 2471 C.
722 2434 909 2480 Augustae
942 2435 1128 2469 Hoffaeum
1166 2434 1424 2480 provincialem
1450 2435 1485 2469 in
1512 2435 1615 2469 domo
1643 2433 1834 2469 societatis

715 2489 897 2523 visitanda
923 2489 1073 2523 adiuvat
1099 2488 1185 2532 (419
1210 2489 1310 2533 433).

657 2542 746 2578 Cum
777 2544 922 2577 Hoffaeo
949 2540 1224 2587 Landsbergam
1250 2542 1490 2585 transmigrat
1517 2541 1634 2586 (442).

657 2652 686 2685 A
715 2650 941 2685 Mercuriano
977 2650 1181 2695 praeposito
1217 2649 1378 2694 generali
1414 2649 1558 2684 iubetur
1587 2660 1667 2684 cum
1695 2649 1833 2684 consul-

716 2704 852 2739 toribus
889 2703 1094 2749 provinciae
1129 2703 1278 2748 reliquis
1317 2703 1474 2748 aliquem
1506 2703 1735 2744 constituere,
1772 2704 1832 2747 qui

718 2758 856 2793 Hoffaei
884 2757 1117 2803 provincialis
1144 2758 1389 2792 valetudinem
1417 2760 1519 2792 curet
1548 2756 1662 2801 (436).

658 2813 697 2847 In
725 2811 877 2847 ecclesia
904 2811 1099 2856 parochiali
1127 2811 1354 2846 contionatur
1373 2811 1424 2855 (‘?)
1457 2810 1571 2854 (442).

659 2873 913 2907 alerem-ianus
942 2872 1171 2914 praepositus
1202 2871 1382 2915 [senet-alis
1420 2871 1454 2905 C.
1491 2871 1587 2914 Opus
1620 2871 1834 2904 Blarianam

717 2927 824 2969 affert
846 2926 1020 2968 Gregorio
1038 2924 1146 2958 XIII.
1183 2926 1255 2958 Hic
1276 2925 1312 2959 C.
1336 2926 1432 2958 omni
1458 2925 1627 2958 adversus
1649 2924 1835 2958 Centuria-

717 2984 809 3013 tores
833 2979 1011 3012 scribendi
1037 2979 1154 3021 officio
1180 2979 1310 3012 liberat
1338 2978 1452 3021 (437).

100 3040 211 3082 1578
276 3040 401 3084 Febr.
425 3044 470 3084 et
490 3041 619 3083 Mart.
659 3040 771 3083 Dum
808 3039 849 3083 P.
886 3039 1045 3082 Paulus
1082 3039 1288 3081 Hoffaeus
1330 3037 1611 3093 provincialis
1652 3037 1695 3079 in
1728 3037 1832 3079 Hel-

718 3105 837 3148 vetia
870 3107 1078 3155 moratur,
1113 3104 1155 3147 C.
1190 3103 1283 3146 eius
1315 3103 1525 3146 mandatu
1558 3101 1835 3158 viceprovin-

719 3170 870 3213 cialem
906 3169 999 3222 agit
1032 3169 1169 3221 (442).
