2062 3443
439 172 532 206 Mon.
557 171 657 206 1143.
699 170 754 205 12.
773 168 994 215 Septembris
1020 170 1057 202 et
1085 168 1137 202 14.
1158 167 1372 201 Novembris
1403 167 1503 201 1573.
1775 169 1853 210 68]

214 288 345 330 „Nemo
381 291 499 332 potest
525 286 661 320 duobus
688 285 850 320 Dominis
883 284 1020 319 seruire
1048 283 1176 317 Matth.
1199 283 1238 316 6⁴⁴
1271 283 1341 325 (Mt
1368 284 1399 325 6,
1435 283 1596 324 24—33;
1633 282 1861 325 evangelium

92 341 298 376 Dominicae
325 340 418 374 XVI.
439 345 521 385 post
550 340 795 379 Pentecosten,
823 338 893 372 ritu
919 337 1146 378 brixinensi).
1182 337 1328 371 Summa
1348 337 1542 371 Contionis.
1583 337 1774 378 „Rationes
1801 347 1865 369 cur

91 395 182 430 bono
218 394 420 429 Christiano
460 396 604 436 gratum
631 396 667 426 et
704 393 739 426 in
779 393 891 437 pretio
927 402 1006 425 esse
1045 390 1175 424 debeat
1211 390 1276 424 hoc
1312 390 1552 433 Euangelium
1588 391 1608 423 2
1649 389 1863 433 propositio:

91 449 216 484 Dicam
245 449 260 482 1
290 459 381 492 quae
408 447 635 481 sollicitudon
662 446 695 479 in
722 445 832 479 uerbo
859 445 914 479 dei
941 443 1133 489 prohibita,
1160 455 1252 487 quae
1279 444 1379 478 licita
1398 445 1418 477 2
1438 444 1521 488 quid
1541 443 1608 488 sibj
1630 443 1718 476 uelit
1736 442 1863 476 ultima

92 507 128 537 et
166 501 358 546 praecipua
383 500 574 535 sententia.
627 499 828 533 Primum
869 497 1111 542 quaerite“
1156 496 1364 541 [regnum
1400 498 1505 537 Dei,
1541 500 1584 531 et
1616 496 1863 541 justitiam

92 555 215 600 ejus,
253 557 297 588 et
333 554 448 588 haec
474 554 620 587 omnia
654 552 956 597 adjicientur
982 551 1146 593 vobis].
1201 551 1367 593 (Can.22
1394 552 1418 585 f.
1442 550 1688 593 14012-14821).
1740 549 1867 582 Contio

91 608 216 642 habita
242 619 322 642 esse
350 608 494 641 videtur
521 607 577 641 30.
598 606 751 649 Augusti
783 605 883 639 1573.

218 662 288 703 „De
315 664 455 694 mortuo
482 660 517 694 in
537 659 640 694 Naim
668 659 902 693 resuscitat&
919 658 933 677 ¹³
961 657 1025 700 (Le
1045 658 1075 697 7,
1106 657 1255 696 11—16,
1283 656 1511 700 evangelium
1531 656 1631 690 Dom.
1653 655 1766 689 XVII.
1786 658 1868 700 post

92 715 224 759 Pent.).
276 714 441 749 Canisius
468 724 513 747 ex
541 713 729 755 evangelio
756 712 1002 756 magistratus,
1032 711 1169 750 viduas,
1203 712 1352 744 iuvenes
1378 709 1608 749 adhortatur;
1647 709 1773 742 deinde
1803 709 1868 751 „de

93 768 255 813 exequijs
275 767 580 801 Christianorum“
611 766 709 800 dicit.
754 765 829 799 Hoc
856 765 932 799 loco
951 764 1131 808 queritur:
1165 763 1287 806 „Nunc
1314 766 1455 797 tantum
1474 763 1604 797 diuites
1630 774 1715 797 suas
1734 762 1868 796 habent

93 822 274 866 exequias.
301 821 336 854 in
364 820 494 864 quibus
514 821 630 862 magis
657 831 785 864 pompa
805 818 999 862 quaeritur,
1026 829 1132 861 quam
1162 817 1303 851 deuotio
1327 819 1528 851 exercetur.
1573 816 1623 849 De
1650 816 1870 860 pauperibus

92 873 308 920 sepeliendis
333 873 430 907 nulla
459 885 554 912 cura,
591 873 651 917 qui
677 873 754 906 sine
781 873 843 906 lux
870 875 907 905 et
933 882 1022 904 crux
1048 871 1294 915 deportantur,
1330 872 1370 904 ut
1395 881 1464 903 non
1502 870 1615 914 possit
1643 869 1796 903 discerni
1824 880 1867 901 an

92 928 164 963 sint
191 927 311 962 Iudaei
337 927 476 961 Turcae
504 926 561 960 uel
597 926 795 961 christiani.
848 925 995 959 Vtinam
1029 925 1234 968 superiores
1262 924 1296 957 in
1329 923 1393 957 hoc
1420 923 1602 957 meliorem
1631 923 1790 957 ordinem
1817 922 1868 955 fa-

93 982 233 1016 cerent“
267 981 304 1021 (l.
325 993 354 1015 c.
374 981 398 1015 f.
421 979 668 1023 14811-15312).
722 980 847 1014 Contio
876 978 997 1012 habita
1023 989 1103 1012 esse
1131 977 1275 1011 videtur
1301 978 1332 1011 6.
1353 976 1573 1022 Septembris
1604 977 1704 1011 1573.

216 1034 283 1077 „IN
323 1033 467 1068 FESTO
504 1033 785 1068 NATlVITAtis
822 1032 976 1066 Mariae“
1006 1033 1084 1064 sive
1110 1030 1395 1075 &Septembris
1447 1030 1498 1064 De
1529 1032 1686 1075 „septem
1723 1029 1865 1063 verbis“

93 1088 231 1122 Mariae
257 1088 292 1121 in
319 1086 508 1130 evangelio
539 1087 783 1131 „descriptis“.
835 1086 910 1119 Hoc
938 1086 1014 1118 loco
1040 1085 1139 1124 haec,
1166 1086 1309 1129 praeter
1336 1084 1416 1123 alia,
1444 1088 1580 1118 monet:
1613 1084 1741 1125 „Venit
1767 1082 1870 1123 alius,

95 1145 129 1176 et
156 1153 224 1175 non
260 1143 380 1186 potest
415 1141 509 1174 ferre
535 1141 722 1180 rosarium,
757 1139 813 1174 uel
846 1139 1084 1173 salutationes
1111 1140 1147 1172 et
1173 1139 1314 1172 cantica
1340 1137 1429 1171 haec
1455 1138 1490 1171 in
1526 1137 1693 1171 honorem
1723 1137 1868 1171 Mariae.

94 1195 140 1230 Et
173 1196 294 1229 miseri
330 1194 492 1229 homines
512 1222 519 1228 .
540 1220 547 1227 .
569 1220 576 1227 .
612 1193 704 1237 quod
731 1194 799 1238 ipsi
826 1205 894 1227 non
930 1193 1079 1231 faciunt,
1116 1192 1150 1225 in
1178 1191 1260 1237 alijs
1287 1192 1381 1225 ferre
1407 1203 1475 1225 non
1503 1196 1664 1236 possunt.
1685 1219 1692 1225 .
1713 1219 1720 1226 .
1741 1218 1748 1226 .
1792 1191 1870 1225 Non

95 1260 199 1283 curas
225 1249 368 1292 signum
397 1248 529 1282 habere
555 1248 739 1287 uanitatis,
767 1258 857 1290 quae
884 1247 918 1280 in
948 1245 1039 1290 pileo
1066 1245 1124 1279 uel
1150 1249 1252 1279 ueste
1280 1244 1482 1289 [appareat]
1510 1246 1552 1278 ad
1580 1245 1869 1289 superbiendum,

94 1307 131 1337 et
155 1314 223 1336 non
259 1305 362 1346 potes
397 1303 491 1335 ferre
517 1301 660 1343 signum
697 1300 898 1334 deuotionis
932 1302 1116 1344 gestatum
1155 1299 1411 1332 inmanibus?
1447 1299 1571 1332 Nonne
1598 1298 1727 1332 melius
1753 1298 1872 1331 dicere

94 1357 170 1390 Aue
197 1355 322 1396 Maria,
349 1355 582 1398 recogitando
609 1354 745 1387 Mariae
771 1354 904 1396 gaudia
931 1356 967 1386 et
993 1352 1143 1393 dolores,
1171 1352 1249 1386 eius
1269 1352 1379 1386 uerba
1400 1354 1436 1385 et
1453 1363 1571 1396 opera,
1599 1364 1706 1396 quam
1727 1354 1872 1395 tempus

94 1409 260 1443 amittere
295 1410 330 1442 et
366 1408 520 1441 inaniter
553 1407 701 1451 garrire,
738 1407 795 1440 uel
830 1406 1007 1440 secularia
1043 1406 1219 1450 quaedam
1256 1406 1434 1439 cantare?
1484 1406 1515 1440 3.
1554 1405 1662 1439 Venit
1695 1404 1798 1445 alius,
1835 1407 1872 1437 et

94 1474 162 1496 non
189 1462 268 1496 uult
293 1461 440 1502 laudare
467 1461 792 1506 peregrinationem
820 1460 855 1494 in
883 1460 1117 1501 Waldtrasst,
1145 1460 1229 1503 quia
1254 1459 1399 1492 uidetur
1425 1470 1503 1492 esse
1530 1458 1690 1499 nimium,
1718 1458 1774 1491 uel
1802 1469 1871 1491 non

93 1515 336 1550 necessarium
370 1516 491 1559 opus.“
545 1514 681 1548 Deinde
715 1514 880 1548 Canisius
915 1513 1039 1547 laudat
1073 1518 1109 1547 et
1144 1513 1371 1547 commendat
1404 1523 1528 1546 sacras
1564 1511 1871 1556 peregrinationes

95 1570 139 1604 ad
159 1569 347 1604 ecclesiam
366 1568 592 1611 „Waldrast“
616 1570 785 1611 quattuor
804 1568 878 1601 fere
896 1567 1002 1600 horas
1022 1566 1065 1600 ab
1081 1566 1281 1611 Oeniponte
1300 1566 1492 1600 distantem
1514 1568 1548 1599 et
1568 1565 1686 1599 Serles
1707 1564 1872 1608 („Wald-

95 1623 326 1667 rastspitze“)
355 1622 467 1656 monti
495 1621 723 1666 applicatam,
750 1632 840 1665 quae
868 1621 1059 1664 imaginem
1088 1620 1221 1654 Beatae
1247 1619 1383 1654 Mariae
1405 1619 1564 1663 Virginis
1591 1618 1810 1652 admirandis
1836 1618 1871 1651 in

95 1676 276 1721 supplices
303 1675 486 1710 beneficiis
512 1675 646 1709 claram
673 1674 779 1708 habet
806 1677 841 1708 et
867 1678 992 1718 postea
1019 1685 1099 1707 cum
1126 1673 1343 1707 monasterio
1369 1673 1503 1707 ordinis
1525 1673 1718 1707 Servorum
1740 1673 1873 1706 Heatae

98 1729 236 1764 Mariae
263 1729 452 1763 coniuncta
480 1732 534 1763 est
565 1728 602 1769 (l.
623 1740 651 1763 c.
672 1729 695 1761 f.
718 1727 966 1770 153b—159b).

220 1782 291 1825 „De
320 1783 524 1827 Hydropico
550 1782 745 1816 sanando⁴³.
798 1781 881 1816 Luc.
912 1781 974 1815 14“
1008 1780 1072 1821 (Lc
1103 1781 1155 1820 14,
1190 1781 1323 1820 1—11;
1363 1779 1590 1823 evangelium
1617 1779 1720 1813 Dom.
1739 1778 1871 1812 XVIII.

96 1838 177 1881 post
203 1837 334 1879 Pent.).
378 1835 450 1879 „De
477 1836 580 1869 modo
607 1835 810 1870 celebrandi
839 1834 1096 1868 Dominicam“.
1144 1834 1302 1876 „Rogat“
1334 1836 1454 1878 patres
1481 1836 1516 1866 et
1543 1836 1678 1867 matres
1704 1832 1873 1872 familias,

100 1891 160 1933 „ut
186 1890 302 1933 magis
330 1892 456 1923 curent
482 1889 549 1923 hoc
575 1892 805 1933 praeceptum
833 1889 969 1922 seruari
997 1899 1018 1921 a
1052 1887 1136 1932 filijs
1164 1890 1199 1920 et
1226 1886 1403 1926 familia“;
1435 1889 1557 1929 „rogat
1585 1887 1798 1931 superiores,
1833 1887 1872 1919 ut

96 1942 299 1988 exemplum
320 1943 516 1988 praebeant
535 1942 617 1987 alijs
635 1941 902 1976 sabbatizandi“
925 1944 961 1974 et
979 1952 1049 1981 eos,
1073 1940 1153 1984 „qui
1172 1942 1298 1974 sancto
1316 1943 1477 1984 tempore
1495 1939 1585 1974 alios
1599 1939 1866 1974 scandalizem&

96 1996 266 2042 puniant;
296 2000 421 2040 „rogat
457 1996 618 2039 uirgines
653 1998 687 2029 et
723 1995 861 2035 uiduas,
898 1997 934 2028 et
968 1994 1058 2028 alios
1093 2005 1162 2027 non
1197 1993 1303 2027 ualde
1339 1993 1539 2038 impeditos,
1576 1997 1614 2027 ut
1650 2005 1718 2026 non
1757 1993 1872 2026 solum

96 2052 189 2090 ante,
226 2050 288 2084 sed
325 2050 432 2083 etiam
471 2051 548 2094 post
586 2048 774 2093 prandium
809 2048 874 2082 Dei
910 2048 1052 2082 domum
1090 2047 1341 2087 inuisant‚...
1378 2050 1414 2080 et
1448 2046 1657 2090 diligentius
1696 2045 1875 2090 Vesperas

97 2102 259 2143 audiant,
279 2130 287 2137 .
309 2130 314 2136 .
336 2130 343 2137 .
372 2114 413 2136 ac
440 2113 616 2147 pauperes
642 2101 834 2146 aliquando
862 2101 1051 2135 inuisant.'‘
1103 2100 1222 2144 „Rogo
1249 2103 1289 2134 ut
1315 2099 1476 2144 qualibet
1495 2099 1673 2133 dominica
1692 2111 1736 2133 ex
1755 2099 1874 2133 animo

95 2157 289 2190 recitemus
315 2156 578 2190 confessionem
605 2154 809 2198 generalem
830 2182 837 2189 .
857 2182 864 2189 .
886 2182 893 2189 .
926 2158 960 2188 et
989 2157 1175 2198 praeterea
1202 2156 1241 2187 ut
1267 2165 1330 2198 pro
1356 2153 1600 2198 superioribus
1625 2152 1876 2197 spiritualibus

97 2212 134 2244 et
166 2209 390 2243 secularibus
417 2220 640 2243 communem
668 2209 865 2242 orationem
896 2208 1149 2242 instituamus“
1184 2207 1220 2250 (l.
1249 2219 1277 2241 c.
1308 2208 1332 2241 f.
1363 2206 1609 2250 mab—163³).
1660 2206 1716 2239 Ex
1744 2205 1874 2247 verbis,

97 2274 189 2307 quae
224 2263 347 2308 posui,
382 2263 575 2308 postremis
612 2262 732 2304 colligi
769 2264 905 2306 potest,
942 2261 1123 2296 Canisium
1160 2260 1438 2305 pulcherrimam
1475 2259 1571 2293 illam
1613 2259 1874 2304 „precationem

97 2317 341 2351 communem“
381 2316 657 2360 („allgemeines
684 2314 848 2359 Gebet‘),
885 2326 992 2360 qnam
1029 2314 1112 2349 olim
1139 2315 1328 2357 Augustae
1365 2326 1409 2347 ex
1445 2313 1619 2348 ecclesiae
1656 2312 1875 2347 cathedralis

97 2372 272 2414 suggestu
300 2373 383 2404 ante
410 2369 612 2404 contionem
639 2370 792 2403 recitare
819 2371 1059 2403 consueverat
1085 2371 1120 2402 et
1138 2368 1252 2402 Sociis
1277 2367 1551 2409 coloniensibus,
1579 2370 1619 2400 ut
1645 2367 1712 2411 ipsi
1731 2377 1873 2410 quoque

99 2434 176 2457 eam
204 2424 409 2465 recitarent,
437 2424 586 2457 miserat
616 2424 720 2466 (Can.
740 2422 773 2456 ΙΙ
801 2423 1018 2466 695-699),
1046 2421 1246 2466 Oeniponte
1274 2433 1416 2466 quoque
1443 2432 1522 2454 eum
1554 2420 1694 2465 populo,
1722 2431 1801 2453 cum
1830 2420 1874 2454 ad

99 2488 180 2511 eum
206 2477 319 2511 verba
345 2477 492 2518 faceret,
519 2477 703 2511 recitasse.
748 2475 873 2510 Contio
900 2475 988 2509 haec
1020 2476 1072 2510 13.
1093 2475 1315 2520 Septembris
1345 2474 1436 2508 1573
1464 2473 1587 2507 habita
1615 2484 1694 2508 esse
1721 2473 1875 2508 videtur.

99 2581 242 2618 1143.
316 2582 364 2619 12.
386 2582 613 2629 Septembris
640 2583 676 2618 et
703 2581 752 2617 14.
773 2580 985 2618 Novembris
1012 2580 1106 2616 1573.

220 2647 273 2682 Ex
310 2648 448 2682 Hoffaei
486 2647 539 2691 (et
573 2647 781 2689 Possevini)
821 2647 954 2681 litteris
989 2644 1247 2690 autographis,
1290 2655 1381 2688 quae
1415 2646 1501 2678 sunt
1534 2644 1569 2677 in
1607 2643 1872 2686 „Germ.,153“

99 2701 249 2788 f2G2033,
285 2706 392 2789 eheinft
419 2701 597 2790 Epistulae
623 2700 840 2735 Mercuriani
877 2699 1084 2745 apographo
1121 2698 1245 2732 eodem
1272 2701 1433 2742 tempore
1459 2698 1604 2742 scripto,
1640 2697 1733 2741 quod
1759 2700 1815 2731 est
1841 2698 1876 2731 in

104 2782 117 2796 „
160 2781 167 2789 .
249 2767 280 2799 p.
391 2782 398 2788 .
445 2767 469 2788 ·.

224 2814 390 2847 Canisiue
417 2814 652 2855 confirmatur
679 2815 910 2847 consiliarius
932 2813 1171 2856 provincialis
1197 2817 1226 2845 et
1253 2812 1402 2845 rectoris
1427 2812 1669 2854 oem'pontam‘.

223 2885 259 2918 P.
280 2885 416 2918 Paulus
436 2886 610 2927 Hoffaens
629 2885 665 2917 S.
685 2885 721 2917 J.
744 2885 962 2917 Germam‘ae
979 2885 1178 2926 superioris
1198 2885 1428 2926 praepositus
1440 2882 1676 2925 provincialis
1696 2882 1732 2914 in
1751 2883 1880 2915 litteris

100 2937 292 2972 Monac-hio
329 2940 379 2972 12.
410 2938 623 2980 Septembris
652 2940 743 2970 1573
777 2938 872 2970 <latis
907 2937 950 2970 ab
977 2937 1161 2969 Era-ardo
1193 2937 1424 2968 Marem-iano
1453 2936 1639 2969 Soc-fetatis
1670 2936 1878 2978 praeposito

99 2991 260 3034 ρεπεν-αὴ·
284 2991 379 3031 haec,
410 2995 558 3034 praeter
583 2991 670 3032 alia,
703 2992 825 3034 petiit:
860 2988 954 3034 Opto
990 2989 1192 3023 confirmari
1220 2988 1453 3022 consiliarios.
1475 3014 1482 3022 .
1503 3016 1508 3021 .
1531 3015 1537 3021 .
1583 2987 1746 3021 Rectoris
1773 2987 1876 3021 Oeni-

101 3043 249 3089 pontanj
287 3044 324 3078 P.
354 3044 548 3083 Canisium,
590 3043 624 3077 P.
655 3042 873 3077 Gulielmum
912 3043 1040 3076 Eldren
1069 3060 1076 3067 ·
1107 3042 1142 3076 Ρ.
1173 3041 1366 3085 Georgium
1404 3041 1580 3086 Crispum,
1611 3041 1649 3075 P.
1679 3041 1877 3086 Casparum

103 3095 388 3140 Obergasserum
416 3097 475 3130 vel
502 3097 580 3131 eius
606 3096 682 3130 loco
710 3096 749 3131 P.
774 3096 967 3140 Georgium
997 3095 1180 3130 Rotarium
1208 3095 1238 3128 si
1274 3100 1392 3128 tamen
1421 3093 1611 3138 Oeniponti
1639 3099 1820 3129 maneat..
1841 3120 1848 3128 .
1869 3121 1876 3128 .

222 3177 250 3209 a)
271 3176 402 3203 sollicita
420 3181 566 3203 comment.
640 3176 670 3208 b)
691 3176 892 3203 rescussitato
913 3180 1059 3202 comment.
1135 3176 1160 3206 c)
1183 3175 1246 3206 Sic;
1265 3175 1449 3200 scribendum
1467 3176 1566 3207 potius
1585 3176 1663 3206 ficit:
1682 3175 1802 3201 sanato.
