2051 3433
227 170 310 211 276
444 166 546 202 1917.
574 164 780 200 Everardus
805 165 1054 200 Mercurianus
1080 165 1234 200 Canisio.
1277 164 1390 199 Roma
1417 165 1449 200 7.
1469 164 1653 199 Februarii
1681 165 1783 200 1575.

345 284 441 318 Idem
478 285 685 318 Posset-inus
723 282 835 328 primo
871 282 997 317 harum
1024 283 1225 334 litterarum
1254 282 1362 328 capiti
1398 282 1487 317 haec
1524 283 1557 316 in
1593 283 1755 326 margine
1781 282 1999 328 *ascripsitz

230 338 410 379 „Censura
437 338 586 372 rectoris
614 336 802 381 Vendelinj
819 336 983 378 †elieere
1002 336 1092 370 haec
1118 340 1154 370 et
1179 336 1385 381 prouintiali
1404 336 1596 371 scribere“.
1632 337 1678 370 Et
1703 336 1859 370 secundo
1889 336 1999 380 (quod

225 391 330 425 lineis
356 403 476 436 supra,
503 391 606 431 infra,
641 390 744 424 iuxta
780 389 907 434 positis
932 392 1095 424 notatum
1123 390 1214 433 est):
1256 390 1372 431 „Jtem
1400 389 1823 430 Prouintialis†Elicere
1850 390 1939 424 haec
1966 392 2000 423 et

225 445 382 480 scribere
414 445 501 479 illi“.
554 444 619 478 Die
653 443 764 486 igitur
789 445 821 477 5.
842 443 1025 477 Februarii
1055 444 1144 477 1575
1171 446 1428 477 Mei-cursuum
1456 443 1602 477 Hoffaeo
1638 442 1830 487 *mn-ipsit:
1870 442 1931 486 ,,Τ.
1958 443 2001 477 R.

226 499 357 544 poterit
384 510 462 532 meo
487 498 629 532 nomine
656 497 862 540 significare
881 496 1154 531 Consultoribus
1182 496 1331 541 Collegij
1359 496 1635 537 Monachiensis‚
1663 498 1700 530 et
1727 495 2001 541 Oenipontani³*,

227 563 348 586 eorum
384 552 526 586 litteras
561 551 649 585 mihi
675 550 845 590 redditas,
883 553 918 584 et
943 552 1070 594 gratas
1096 551 1131 584 in
1159 550 1310 584 Domino
1337 550 1461 585 fuisse.
1513 550 1612 592 Quod
1638 549 1744 583 istinc
1771 550 1813 583 de
1839 549 1879 584 T.
1898 549 1940 584 R.
1958 550 2002 584 ab

227 605 408 650 aliquibus
443 606 606 640 auditum
642 607 707 645 est,
743 604 815 638 exb
850 604 1020 638 adiuncta
1055 603 1228 638 schedula
1255 605 1385 648 poterit
1413 603 1637 647 1010111ἕο10ξ
1674 615 1739 637 1100
1769 603 1891 637 dubito
1918 603 2003 647 quin

226 659 258 693 si
284 659 370 704 quid
396 659 445 693 sit
480 658 730 702 corrigendum
765 660 805 692 ut
838 658 1002 692 homines
1036 669 1172 698 sumus,
1207 657 1361 691 libenter
1396 659 1432 691 et
1466 658 1576 691 tacite
1612 656 1680 691 hoc
1714 656 1844 698 faciat,
1880 656 2003 690 habita

228 712 367 746 ratione
403 723 490 746 suae
524 710 762 752 ualetudinis,
801 723 909 755 quam
943 711 983 746 T.
1013 711 1053 745 R.
1088 711 1131 744 ad
1166 711 1338 744 maiorem
1376 710 1442 744 Dei
1479 710 1632 754 gloriam
1670 709 1899 744 commendo“
1943 711 2005 753 (ex

228 765 404 810 epistulae
431 765 695 806 commentario,
723 764 765 799 G.
785 764 869 809 Sup.
892 766 907 799 1
937 764 960 799 f.
976 764 1178 807 21b—22a).

348 821 523 863 Hoffaeus
558 820 724 862 Augusta
762 819 814 852 ll.
834 818 915 852 Iulii
949 819 1039 853 1575
1075 817 1342 852 Mercurianum
1377 817 1564 851 *monuitt
1604 816 1789 858 Canisius,
1822 828 1902 850 cum
1942 816 2005 859 „de

228 874 327 908 statu
363 872 572 906 Prouintiae
607 876 643 906 et
679 871 830 917 Collegij
858 883 922 906 seu
958 872 1000 905 de
1035 870 1237 905 defectibus
1269 871 1526 916 personarum“
1555 871 1692 913 scribit,
1733 872 1827 914 ⁷,fere
1863 870 2005 904 litteras

229 926 401 970 relinquit
427 938 519 970 quae
554 925 681 960 deinde
716 926 751 959 in
786 927 1006 959 tentatorum
1042 936 1171 959 manus
1198 925 1367 958 veniunt“
1409 924 1576 968 (autogr.,
1614 924 1733 959 Germ.
1754 925 1822 959 136
1848 925 1872 958 f.
1891 923 2004 966 14012).

230 980 268 1014 ld
296 980 339 1014 de
375 979 444 1014 hac
478 991 620 1024 quoque
656 979 759 1023 eique
794 979 973 1013 similibus
1008 979 1175 1023 epistulis
1201 978 1376 1012 accidisse
1402 978 1565 1017 videtum
1603 990 1685 1012 nam
1713 978 1752 1012 P.
1781 979 2007 1011 Wendelinus

230 1035 336 1068 Js'olclc
354 1035 472 1067 rector
490 1033 750 1078 oenipontanus
769 1031 969 1077 Oeniponte
987 1033 1041 1068 18.
1060 1032 1217 1066 Ianuarii
1240 1031 1331 1066 1575
1350 1031 1575 1066 Mercuriano
1594 1032 1790 1076 '‘scripsit:
1821 1031 2005 1074 „Praeter-

230 1099 273 1121 ea
308 1090 364 1121 est
399 1087 496 1121 aliud
523 1086 615 1130 quod
653 1098 710 1120 me
745 1085 925 1127 molestat,
967 1087 1004 1120 et
1037 1088 1077 1120 ut
1115 1097 1238 1120 uerum
1277 1086 1405 1126 fatear,
1440 1097 1510 1119 non
1546 1096 1672 1130 parum
1708 1085 1779 1119 iam
1815 1083 2006 1129 aliquoties

233 1141 461 1185 perturbauit
487 1140 645 1174 animum
672 1151 803 1180 meum,
840 1140 889 1173 ita
916 1141 957 1174 ut
981 1140 1013 1174 si
1039 1142 1146 1173 autea
1171 1150 1341 1183 unquam.
1377 1150 1471 1173 nunc
1497 1138 1555 1172 uel
1583 1139 1738 1173 maxime
1764 1140 1916 1172 nauseat
1941 1137 2007 1171 1100

231 1193 396 1228 Rectoris
422 1194 592 1235 officium,
619 1205 730 1228 causa
756 1194 972 1237 quaeritur?
1004 1193 1067 1227 sed
1094 1193 1270 1237 quomodo
1297 1192 1394 1226 illam
1422 1203 1599 1236 exponam
1626 1192 1689 1226 uix
1721 1192 1807 1233 scio,
1835 1203 1914 1225 amo
1940 1202 2007 1234 ego

232 1247 271 1281 P.
292 1247 486 1289 Canisium,
513 1249 705 1291 menteque
732 1249 768 1281 et
793 1247 899 1281 corde
925 1259 1096 1287 ueneror;
1134 1249 1294 1280 attamen
1320 1245 1396 1280 suis
1422 1245 1629 1280 indiscretis
1661 1244 1917 1290 scriptionibus
1943 1255 2007 1279 seu

232 1301 523 1336 accusationibus
549 1311 754 1344 quanquam
774 1300 883 1334 etiam
902 1312 970 1334 non
990 1300 1096 1341 ueris,
1124 1300 1255 1343 quibus
1281 1299 1400 1334 omnia
1427 1299 1539 1333 ferme
1565 1299 1663 1333 facta
1681 1298 1846 1333 Rectoris
1874 1298 2008 1332 calum-

232 1355 364 1395 niatur,
400 1355 508 1388 etiam
545 1354 607 1388 illa
643 1365 736 1399 quae
768 1353 851 1398 alijs
886 1354 1043 1388 maxime
1069 1353 1212 1398 probari
1238 1356 1400 1398 possunt,
1436 1352 1504 1387 hoc
1530 1353 1651 1394 efficit,
1678 1355 1719 1386 ut
1744 1364 1869 1397 parum
1898 1351 2009 1396 (quod

233 1408 466 1442 uehementer
501 1408 618 1452 doleo)
654 1411 777 1442 mutuo
804 1408 1026 1442 afficiamur:
1052 1419 1119 1441 nec
1145 1407 1263 1441 minus
1290 1407 1391 1441 doleo
1416 1406 1621 1440 huiusmodi
1647 1406 1788 1440 litteras
1812 1405 2009 1439 accusatio-

233 1462 339 1497 nibus
369 1462 608 1507 plenissimas,
645 1461 728 1496 hinc
763 1462 857 1502 inde,
894 1473 935 1495 ac
961 1461 997 1494 in
1024 1460 1178 1495 diuersis
1206 1460 1376 1506 Collegijs
1409 1461 1564 1505 sparsim
1599 1459 1750 1493 inueniri
1779 1470 1799 1492 a
1824 1458 2008 1499 fratribus,

233 1517 355 1550 forsan
391 1527 460 1550 non
495 1516 572 1550 sine
599 1515 671 1549 leui
697 1515 856 1560 ipsorum
882 1514 1053 1549 scandalo
1079 1525 1122 1549 ac
1147 1514 1328 1559 spirituali
1354 1514 1580 1554 detrimento,
1607 1513 1714 1548 sicuti
1738 1513 1944 1557 nuperrime
1974 1516 2010 1546 et

233 1570 436 1615 OEniponti
464 1573 501 1604 et
526 1569 640 1603 Halae
668 1568 900 1613 contigit2de
927 1568 984 1603 his
1010 1568 1127 1602 fusius
1153 1580 1221 1602 non
1250 1579 1367 1611 agam,
1393 1579 1438 1601 ne
1456 1567 1635 1612 propriam
1654 1578 1800 1601 causam
1819 1566 2010 1600 defendere

235 1624 377 1659 uidear:
404 1625 566 1668 optarem
592 1625 714 1657 tamen
732 1622 937 1657 huiusmodi
964 1634 1045 1656 011111
1064 1621 1189 1656 maiori
1216 1621 1406 1666 prudentia
1432 1624 1469 1655 et
1494 1620 1710 1655 discretione
1736 1620 1824 1662 fieri,
1857 1631 1901 1653 ne
1928 1618 2010 1664 alijs

235 1678 355 1721 magis
389 1679 520 1712 noceat
554 1688 662 1721 quam
697 1677 822 1722 prosit,
859 1679 895 1710 et
930 1676 998 1710 sibi
1032 1676 1102 1721 ipsi
1135 1679 1345 1720 conceptam
1383 1675 1426 1708 de
1461 1686 1500 1708 se
1535 1674 1736 1719 opinionem
1773 1685 1793 1707 a
1828 1673 2009 1718 plerisque

233 1735 378 1775 augeat,
405 1730 576 1765 videlicet
601 1730 751 1764 nimium
777 1741 857 1764 esse
884 1730 1098 1771 mordacem,
1124 1729 1346 1773 nimiumque
1372 1728 1527 1772 genuino
1554 1728 1660 1762 dente
1686 1727 1822 1768 rodere,
1849 1727 2009 1761 01111101·-

234 1788 317 1822 dum
355 1784 545 1820 charitatis
581 1783 681 1828 leges
716 1783 919 1818 transilire:
956 1784 1028 1818 ista
1053 1795 1124 1816 non
1153 1782 1288 1824 iuuant,
1314 1782 1376 1816 sed
1405 1781 1574 1821 alienant,
1611 1781 1797 1815 autoritati
1833 1792 1903 1814 non
1929 1791 2009 1814 con-

230 1840 365 1881 sulunt,
390 1839 453 1873 sed
476 1838 671 1872 detrahunt
689 1840 757 1872 etc.
788 1837 831 1871 V.
851 1837 892 1872 R.
913 1836 1131 1871 Paternitati
1155 1835 1340 1870 committo
1363 1847 1454 1880 quae
1478 1835 1534 1869 his
1559 1837 1595 1868 et
1615 1834 1697 1879 alijs
1720 1833 1854 1868 nostris
1880 1833 2010 1878 imper-

231 1892 450 1928 fectionibus
467 1890 603 1926 mederi
621 1892 759 1936 potest“
785 1891 846 1934 (ex
866 1894 1025 1934 autogr.;
1055 1890 1174 1925 Germ.
1196 1890 1263 1924 136
1282 1889 1306 1923 f.
1325 1889 1391 1924 188
1402 1889 1445 1933 ⁸).
1481 1888 1579 1922 Haec
1598 1888 1642 1922 ab
1661 1887 1803 1922 homine
1827 1888 2004 1930 „tentat0“

235 1948 292 1991 (ut
313 1946 450 1981 Hoffaei
470 1945 579 1979 verbo
597 1944 696 1988 utar)
724 1944 767 1978 de
786 1945 929 1979 Canisio
955 1944 1051 1978 dicta
1070 1955 1150 1978 esse
1169 1943 1276 1978 facile
1299 1945 1410 1988 patet.
1449 1943 1554 1985 „Man
1573 1941 1733 1985 klagte“,
1760 1941 1878 1985 inquit
1895 1942 2010 1975 Kro'ss

235 2001 338 2045 (Can.
359 2000 457 2043 205),
488 1999 580 2041 „viel
598 1999 687 2032 iiber
712 1998 784 2041 ihn,
811 1999 903 2032 ohne
930 1997 1066 2032 seinem
1084 1997 1267 2031 wahrhaft
1292 2000 1404 2040 guten
1424 1996 1563 2030 Heizen
1590 1994 1740 2039 gerecht
1762 2006 1805 2028 zu
1831 1994 2009 2029 werden‘f.

330 2059 581 2094 Mercurianus
608 2059 641 2092 id
669 2070 811 2103 quoque
838 2058 987 2092 Hoffaeo
1013 2057 1240 2102 significasse
1258 2056 1412 2095 videtur,
1439 2056 1530 2099 quod
1552 2055 1718 2089 Ganisius
1736 2054 1770 2088 in
1797 2054 1854 2088 his
1879 2053 2011 2088 litteris

236 2115 280 2149 de
307 2113 532 2148 contionibus
557 2112 732 2146 ecclesiae
767 2111 984 2157 parochialis
1018 2111 1179 2145 notavit:
1216 2110 1287 2144 Eas
1313 2108 1499 2154 scriptioni
1526 2120 1613 2142 suae
1639 2119 1719 2142 esse
1745 2108 2010 2153 impedimento.

238 2169 412 2211 Hoffaeus
438 2167 531 2201 enim
558 2166 785 2200 Mercuriano
812 2164 987 2210 *scripsit
1005 2166 1172 2209 Augusta
1201 2164 1254 2198 11.
1275 2163 1411 2208 Aprilis
1439 2163 1550 2197 1575:
1583 2162 1653 2204 „Vt
1678 2162 1720 2196 R.
1741 2161 1779 2196 P.
1799 2159 1965 2196 Canisius
1991 2172 2012 2195 a

239 2220 478 2256 Concionibus
518 2219 702 2261 liberetur,
741 2219 776 2253 id
815 2219 958 2262 quidem
999 2221 1166 2262 optamus
1205 2228 1337 2258 omnes,
1380 2216 1443 2250 sed
1475 2217 1632 2250 nondum
1671 2215 1836 2249 videmus
1861 2214 1942 2258 quis
1980 2214 2011 2248 ei

237 2275 353 2319 possit
378 2274 563 2308 commode
589 2273 782 2307 succedere
809 2285 850 2306 eo
877 2272 1090 2317 praesertim
1116 2272 1151 2305 in
1179 2270 1266 2312 1000,
1303 2270 1363 2304 vbi
1398 2269 1572 2303 habemus
1598 2270 1764 2313 potentes
1789 2267 1949 2302 aemulos
1976 2269 2012 2301 et

237 2327 466 2363 aduersarios
492 2329 765 2371 praepotentes;
802 2326 969 2360 absoluta
1004 2325 1224 2365 visitatione,
1260 2324 1289 2358 si
1325 2323 1378 2358 510
1402 2323 1558 2363 videtur,
1593 2333 1659 2365 ego
1690 2321 1867 2366 meipsum
1893 2322 2012 2361 offero,

237 2393 282 2415 ne
309 2381 375 2415 sim
403 2381 554 2420 00105115,
590 2380 659 2413 11151
686 2380 784 2413 Deus
811 2380 920 2413 alium
948 2379 1097 2418 dederit,
1134 2389 1240 2422 quem
1276 2376 1432 2411 nondum
1466 2375 1570 2409 video
1607 2376 1669 2418 (ex
1694 2377 1855 2418 autogr.;
1892 2374 2012 2409 Germ.

240 2434 308 2469 136
332 2434 356 2468 f.
383 2434 480 2477 136).
534 2433 578 2466 Et
612 2432 842 2478 *Oeniponte
867 2432 923 2467 23.
952 2432 1039 2466 Maii
1066 2431 1177 2466 1575:
1216 2430 1278 2473 „R.
1306 2431 1345 2464 P.
1375 2429 1556 2463 canisium
1593 2428 1780 2473 expediret
1813 2428 1967 2462 liberare
1992 2438 2013 2461 a

239 2499 387 2522 munere
423 2491 459 2522 et
492 2487 614 2521 labore
640 2486 884 2527 concionandi,
920 2498 1001 2520 cum
1037 2485 1085 2520 sit
1120 2487 1239 2519 aetate
1276 2486 1312 2517 et
1337 2482 1419 2528 alijs
1445 2482 1542 2516 curis
1568 2481 1821 2526 laboribusque
1847 2480 1898 2515 sic
1922 2480 2013 2515 satis

240 2544 435 2585 grauatus:
471 2541 533 2575 sed
570 2552 675 2584 quein
711 2539 929 2574 substituam
957 2540 1019 2573 vix
1055 2539 1170 2578 video,
1206 2538 1275 2572 nisi
1311 2537 1575 2580 memetipsum,
1610 2535 1749 2570 scilicet
1784 2535 1944 2579 ineptum
1977 2536 2014 2567 et

238 2595 441 2639 prouintiae
476 2605 563 2628 cura
598 2594 866 2638 pmepeditunst
909 2598 971 2634 (οΧ
1007 2591 1241 2636 autographo,
1279 2590 1371 2634 quod
1407 2591 1463 2623 est
1490 2589 1623 2623 Romae
1658 2588 1694 2622 in
1729 2587 1876 2622 archivo
1911 2586 2014 2630 regni

244 2648 377 2682 italici:
408 2648 535 2690 „Ax-ch.
556 2648 612 2682 dei
640 2646 801 2682 Gesuiti:
830 2647 973 2681 Lettere
1003 2645 1289 2688 1548—157-5“).

359 2708 610 2742 Mercurianus
637 2707 780 2742 Canisio
807 2706 991 2751 respondit
1017 2707 1049 2740 7.
1070 2704 1253 2740 Februarii
1283 2704 1385 2738 1575.

243 2818 386 2854 1917.
461 2816 883 2854 EVERARBUS
911 2813 1407 2853 MERCURIANIJS
1436 2814 1664 2860 praepositus
1689 2811 1870 2856 generalis
1896 2810 2013 2846 Socie-
2046 2854 2047 2859 Ἰ

432 2873 520 2906 tatis
547 2873 627 2906 lesu
654 2871 856 2908 CANlSlO.
1459 2868 1572 2902 Roma
1599 2868 1631 2902 7.
1649 2865 1834 2900 Februarii
1864 2865 1966 2899 1575.

362 2936 418 2970 Ex
453 2936 660 2982 apographo
696 2937 807 2971 eiusd.
842 2938 968 2981 temp.;
1004 2935 1040 2969 in
1068 2934 1241 2978 margine,
1277 2933 1401 2968 eadem
1437 2944 1565 2967 mauu:
1606 2931 1665 2974 „P.
1691 2931 1798 2965 Petro
1835 2929 2011 2964 Canisio.“

244 2990 286 3026 G.
315 2990 436 3035 Sup.1
466 2992 490 3024 f.
509 2990 580 3024 22³.

363 3050 516 3084 Mom'tio
537 3050 784 3092 provincialis.
831 3049 995 3092 Collegyia.
1041 3048 1167 3082 Socius
1191 3048 1404 3081 studiorum.
1450 3046 1650 3079 Benedictio
1672 3043 1871 3087 pontificia.

365 3136 394 3166 a)
417 3136 546 3167 Quinque
575 3146 614 3161 1⁴1⁸.
634 3146 691 3167 sqq.
712 3144 805 3167 snpra
828 3143 939 3160 versum
960 3135 1073 3166 scripta
1093 3137 1169 3159 sunl.
1274 3132 1304 3163 b)
1326 3134 1372 3157 Ita
1394 3133 1422 3157 in
1444 3134 1589 3157 cmnment.
1611 3134 1767 3156 correctum
1789 3133 1830 3154 es!
1850 3137 1886 3154 em
1907 3128 1946 3153 in.

364 3177 391 3209 c)
415 3181 491 3207 (puae
511 3182 682 3208 sequamur.
702 3179 731 3202 in
753 3182 898 3203 comment.
919 3177 1030 3208 (eadem
1054 3177 1105 3201 illa
1126 3176 1228 3205 manu)
1246 3178 1347 3206 postea
1368 3175 1471 3199 addita
1491 3177 1568 3199 sunt.
