2062 3443
697 145 896 190 Oeniponte
923 145 954 179 7.
976 144 1062 178 Maii
1091 144 1192 178 1574.
1745 147 1828 187 209

65 264 254 317 seruarest
281 263 343 297 sed
371 274 451 296 eum
478 262 513 296 in
533 262 715 296 canisiana
741 262 807 296 hac
825 260 980 306 epistula
998 260 1187 294 verborum
1207 259 1437 304 scriptionem
1456 272 1563 304 saepe
1590 259 1633 293 ad
1653 259 1830 293 scribendi

66 318 238 353 ration-*⁴³
275 328 361 351 suae
396 315 527 350 aetatis
562 315 853 349 accommodasse
890 314 995 347 facile
1031 313 1289 357 deprehendet,
1325 313 1490 357 quisquis
1525 312 1661 356 aliquot
1698 312 1832 346 Canisii

1 379 3 384 ·
66 370 194 416 epistt.
223 362 241 404 ’Ξ
277 369 520 414 autographas
548 368 690 402 viderit.
742 367 927 412 Epistulae
963 366 1176 411 particulam
1213 378 1258 399 ex
1294 366 1490 411 archetypo
1527 367 1646 410 posuit
1673 367 1830 407 Hausen,

66 415 194 459 Ak'te''
220 416 332 463 681¹;
367 423 474 456 aliam
510 424 586 456 eius
624 422 836 466 particulam
873 433 917 455 ex
953 419 1147 464 Freytagio
1184 420 1303 464 posuit
1330 422 1412 453 Ant.
1434 420 1591 462 Jsulaml,
1627 418 1833 463 Serapeum,

67 478 112 513 28
191 489 280 520 ..ι-3.,
308 476 454 520 Leipzig
484 475 584 515 1867,
611 476 738 510 9—10.

180 526 195 538 2

187 543 235 575 Εἰ
261 544 478 585 epit-opattam
503 542 723 584 yratnlatur,
750 542 909 573 animum
935 540 1047 583 addit,
1074 539 1254 582 colleqt'um
1282 539 1508 572 commendat.
1559 538 1650 570 Eius
1676 542 1836 570 oratores

67 606 236 630 romanos
260 596 358 628 iuvit.

271 677 647 720 Reverendissime
680 677 861 719 Domine
894 678 938 719 et
970 675 1275 718 -Jllustrissime
1307 669 1526 728 Princeps.

457 742 608 785 Gratia
641 743 798 785 Christi
830 743 937 785 Jesu
970 741 1092 783 nobis
1125 743 1318 783 aeterna.

189 814 280 864 Quo
312 814 480 868 gratior
512 818 557 857 et
585 814 814 869 jucundior
847 816 914 856 est
937 813 1104 866 eritque
1136 811 1238 853 mihi
1271 824 1441 865 semper
1473 810 1680 852 memoria
1712 824 1839 864 prae-

70 879 230 923 stantis
263 879 472 922 ecclesiae
505 879 846 934 Herbipolensis,
889 892 999 932 quae
1031 891 1099 920 me
1130 877 1351 930 indignum
1386 875 1616 929 aliquando
1656 875 1840 918 libenter

71 945 258 999 excepit,
302 950 346 987 et
378 945 685 987 humanissime
718 944 869 996 fovit¹,
913 958 962 986 eo
1004 957 1116 985 nunc
1157 942 1399 984 uberiorem
1437 941 1536 983 inde
1568 941 1840 995 voluptatem

72 1011 211 1065 capio,
246 1010 359 1064 quod
393 1013 510 1052 certo
544 1010 692 1058 sciam,
726 1024 811 1052 non
844 1009 936 1051 sine
969 1007 1179 1062 singulari
1202 1007 1334 1049 divini
1361 1007 1546 1049 numinis
1569 1006 1842 1061 providentia

73 1090 171 1119 esse
203 1075 382 1127 factum,
425 1078 473 1118 ut
514 1076 765 1130 Amplitudo
807 1078 884 1117 tua
925 1075 979 1117 ad
1021 1088 1177 1116 novam
1220 1073 1345 1127 hujus
1383 1072 1592 1114 ecclesiae
1625 1086 1675 1115 ac
1706 1071 1842 1114 totius

72 1141 365 1184 Franconicae
397 1141 570 1183 ditionis
593 1141 1011 1183 administrationem
1035 1138 1297 1194 pervenerit.
1343 1137 1656 1181 Benedictus
1689 1139 1844 1192 pater

73 1206 552 1249 misericordiarum
586 1208 760 1260 Deus2‚
795 1206 866 1259 qui
889 1206 1022 1249 talem
1047 1205 1147 1247 ovili
1172 1218 1248 1247 suo
1272 1207 1492 1258 pastorem
1517 1204 1647 1254 dedit,
1672 1202 1844 1256 qualem

73 1272 296 1326 sapientes
328 1274 373 1314 et
404 1271 462 1326 pii
494 1286 578 1314 non
611 1272 826 1314 immerito
860 1271 1179 1320 desiderabant,
1219 1270 1376 1323 quique
1407 1269 1451 1310 in
1484 1269 1698 1311 demortui
1731 1267 1845 1310 anti-

73 1337 191 1380 stitis
223 1338 361 1380 locum
391 1339 488 1393 jure
521 1338 706 1391 quodam
739 1339 996 1390 surrogatus
1028 1335 1164 1378 videri
1187 1338 1345 1389 potest.
1391 1335 1486 1388 Ego
1520 1348 1623 1376 vero
1646 1336 1843 1376 nontam

75 1417 288 1456 arrogans
321 1407 365 1446 et
396 1404 623 1458 impudens
656 1417 742 1454 ero,
776 1405 825 1446 ut
856 1401 1237 1457 prudentissimum
1261 1403 1305 1443 et
1326 1400 1562 1442 maximum
1586 1399 1843 1453 praesulem,

76 1468 462 1522 charissimumque
485 1468 654 1523 patriae
677 1482 782 1510 suae
805 1467 1041 1523 principem
1065 1466 1212 1509 multis
1236 1469 1312 1509 aut
1335 1466 1511 1508 doceam
1535 1468 1611 1507 aut
1633 1478 1844 1506 moneam.

76 1534 195 1577 Jllud
228 1547 308 1587 ego
342 1535 483 1576 animo
518 1533 733 1576 Christum
768 1534 866 1588 Opt.
890 1534 1007 1576 Max,
1031 1546 1196 1587 precor,
1235 1545 1356 1574 suam
1391 1534 1439 1574 ut
1470 1530 1659 1585 gratiam
1692 1529 1849 1585 pietati

76 1603 180 1642 tuae
212 1599 359 1642 multis
391 1599 528 1642 modis
561 1600 764 1642 collatam
798 1601 1027 1641 conservet
1058 1612 1109 1640 ac
1142 1600 1314 1651 augeat,
1349 1596 1606 1651 praesertim
1647 1597 1701 1638 ad
1734 1608 1849 1637 nova

79 1665 205 1720 hujus
237 1664 471 1707 functionis
512 1665 796 1708 fundamenta
828 1664 963 1707 solide
997 1663 1210 1717 jacienda.
1273 1662 1371 1704 Non
1406 1663 1600 1712 deerunt,
1644 1663 1714 1703 sat
1745 1660 1847 1711 scio,

79 1731 242 1773 multae
275 1733 319 1773 et
350 1730 548 1784 ingentes
572 1730 866 1781 difficultates,
901 1744 1012 1783 quae
1034 1729 1197 1771 sanctis
1220 1728 1458 1782 Dignitatis
1489 1730 1592 1769 tuae
1624 1726 1850 1769 conatibus

79 1795 267 1849 undique
299 1795 570 1850 objiciantur,
614 1799 658 1839 et
690 1796 848 1850 partim
888 1795 932 1837 in
965 1795 1088 1837 Clero
1130 1794 1291 1848 partim
1322 1794 1366 1835 in
1399 1793 1557 1848 populo
1590 1792 1717 1834 facile
1749 1792 1849 1834 sub-

80 1861 286 1912 orientur,
321 1861 393 1915 qui
424 1861 544 1915 leges
578 1862 681 1904 dare
705 1876 832 1915 quam
857 1861 1053 1915 accipere
1076 1860 1242 1902 malint.
1288 1859 1371 1901 Sed
1396 1859 1507 1901 enim
1532 1858 1676 1899 nullae
1699 1860 1850 1900 tantae

79 1929 183 1969 sunt
224 1930 299 1969 aut
339 1925 584 1981 invictiaff]
621 1926 853 1977 Sathanae,
895 1930 972 1978 aut
1012 1925 1182 1967 fallacis
1223 1924 1368 1966 mundi
1407 1926 1538 1973 artes,
1582 1923 1758 1965 fraudes
1800 1936 1851 1965 ac

82 1991 210 2041 vires,
252 2006 358 2045 quas
391 1991 561 2034 divinus
595 1993 666 2034 ille
698 1993 829 2034 timor
861 1995 905 2034 et
937 1991 1178 2034 catholicae
1210 1990 1431 2044 religionis
1464 2002 1598 2038 amor,
1633 2001 1852 2041 veraeque

82 2056 260 2110 pietatis
293 2057 409 2099 zelus
441 2071 526 2099 non
553 2057 756 2112 profliget
787 2071 838 2099 ac
871 2057 1063 2111 dissipet.
1109 2056 1157 2097 In
1190 2059 1393 2110 promptu
1425 2057 1527 2096 sunt
1559 2053 1730 2096 divinae
1752 2068 1852 2107 pro-

83 2121 322 2169 missiones,
357 2122 509 2175 quibus
542 2122 774 2166 Christiani
816 2122 1101 2176 magistratus
1142 2135 1292 2163 omnes
1323 2120 1366 2162 in
1399 2119 1577 2161 summis
1610 2119 1743 2161 etiam
1775 2133 1853 2161 an-

83 2187 260 2239 goribus
305 2191 436 2240 atque
480 2188 682 2242 periculis
722 2188 877 2230 merito
921 2202 1022 2229 suos
1063 2186 1230 2228 animos
1273 2186 1457 2227 fulciunt
1501 2187 1546 2227 et
1589 2186 1851 2227 sustentant,

84 2253 220 2294 Plena
252 2255 320 2295 est
347 2253 557 2307 exemplis
580 2253 832 2306 antiquitas,
866 2267 994 2306 quam
1029 2254 1231 2306 potenter
1252 2251 1478 2305 Episcopis
1510 2264 1561 2292 ac
1584 2250 1854 2304 Principibus

83 2317 275 2361 adfuerit
297 2332 428 2372 saepe
451 2319 581 2369 Deus,
617 2333 711 2360 cum
737 2318 1091 2360 Ecclesiasticum
1115 2317 1307 2359 ordinem
1331 2316 1632 2366 reformarent,
1667 2329 1854 2368 suosque

84 2383 280 2425 subditos
313 2384 367 2426 ad
390 2384 678 2426 Christianum
713 2384 901 2426 officium
935 2386 1204 2426 revocarent.
1259 2381 1400 2432 Quare
1432 2381 1538 2422 nihil
1571 2381 1774 2424 dubitabo
1803 2380 1855 2423 de

85 2463 254 2491 summa
286 2449 440 2491 summi
463 2449 543 2491 Dei
576 2450 784 2500 bonitate,
818 2449 1029 2502 simulque
1062 2449 1132 2503 pia
1159 2447 1406 2490 constantia
1438 2450 1482 2489 et
1515 2446 1731 2489 constanti
1764 2446 1855 2501 pie-

85 2517 180 2556 tate
212 2517 289 2557 tua
321 2529 416 2556 eum
451 2529 595 2556 rerum
627 2529 872 2557 successum
906 2514 1010 2556 mihi
1033 2517 1077 2556 et
1100 2513 1366 2555 Franconiae
1388 2511 1592 2566 polliceri,
1628 2526 1753 2565 quem
1776 2512 1856 2554 hoc

87 2593 192 2622 sane
225 2581 397 2635 tempus
437 2581 713 2634 susceptique
746 2580 935 2622 muneris
977 2579 1229 2634 amplitudo,
1273 2581 1317 2620 et
1360 2578 1564 2619 bonorum
1607 2577 1856 2631 expectatio

88 2645 279 2686 maxima
323 2660 406 2687 non
451 2645 666 2688 immerito
713 2645 959 2687 desiderare
1007 2645 1222 2686 videntur.
1288 2643 1517 2686 Caeterum
1566 2643 1618 2684 de
1666 2642 1856 2696 Collegio

89 2713 238 2753 nostro
271 2710 588 2766 Herbipolensi‚
633 2711 744 2764 quod
778 2711 876 2752 inde
910 2710 964 2751 ab
995 2709 1118 2752 initio
1161 2709 1262 2750 mihi
1296 2723 1426 2750 curae
1457 2708 1553 2758 fuit,
1597 2709 1720 2762 cupio
1753 2722 1858 2750 sane

89 2776 371 2819 vehementer
403 2779 447 2818 et
479 2791 553 2819 oro
586 2779 850 2827 reverenter,
885 2775 989 2817 illud
1022 2778 1070 2817 ut
1092 2773 1342 2817 Celsitudini
1375 2777 1478 2816 tuae
1510 2773 1568 2816 sit
1598 2777 1859 2827 maneatque

209 2870 237 2901 a)
259 2870 280 2894 O
283 2878 328 2893 ιιιιι
334 2870 380 2894 ino
400 2870 517 2894 videtur
536 2878 596 2895 esse
616 2870 839 2901 corriyenanm:
859 2867 966 2894 invidi.

215 2988 224 3008 ¹
251 2987 417 3022 Canisius
443 2999 473 3022 a.
495 2988 597 3030 1564,
627 2987 727 3028 1565,
757 2988 858 3028 1567,
889 2987 978 3021 1568
1007 2985 1190 3030 Herbipoli
1217 2996 1298 3019 cum
1324 2984 1504 3019 Friderico
1531 2996 1552 3018 a
1571 2984 1760 3028 Wirsberg
1788 2985 1858 3029 epi-

91 3052 199 3085 scopo
226 3043 262 3075 et
296 3041 378 3076 aliis
413 3041 456 3075 de
490 3041 597 3075 rebus
632 3041 816 3084 religionis
852 3042 986 3083 egerat,
1022 3039 1058 3072 in
1094 3038 1290 3072 cathedrali
1327 3038 1480 3072 ecclesia
1513 3037 1644 3072 multas
1677 3038 1860 3085 contiones

93 3093 278 3136 habuerat,
314 3094 406 3139 apud
442 3094 702 3129 Franciscanos
737 3093 934 3128 doctrinam
972 3091 1203 3127 christianam
1241 3091 1362 3136 pueris
1397 3091 1622 3136 explicuerat
1648 3094 1715 3125 etc.
1754 3092 1859 3134 (Can.

95 3147 145 3181 IV
174 3147 280 3188 104-5;
307 3148 339 3182 V
369 3148 432 3182 127
461 3149 530 3183 504
557 3148 644 3188 702;
675 3148 722 3182 VI
752 3147 847 3190 185).
995 3146 1008 3166 ²
1034 3147 1054 3178 2
1084 3145 1152 3179 Cor
1181 3146 1210 3187 1,
1238 3145 1269 3180 3.

166 3210 480 3246 Braunsberger.
502 3212 613 3238 Canisii
634 3210 789 3245 Epistulae
810 3212 841 3237 et
860 3211 946 3237 Acta.
972 3209 1036 3236 Vll.
1533 3205 1575 3238 14
