2062 3443
265 155 366 192 1930.
395 154 560 190 canisius
587 155 770 190 Everardo
796 155 1032 189 Mercuriano.
1073 154 1273 199 Oeniponte
1299 155 1355 190 26.
1377 156 1467 190 Iunii
1497 156 1598 191 1575.
1722 159 1805 200 297

37 270 194 308 1930.
275 272 493 308 CANISIUS
522 269 903 307 EVERARDO
933 270 1389 307 RIERCURIANU
1418 274 1622 318 praeposito
1649 273 1808 318 generali

228 325 419 360 Societatis
446 326 537 360 Iesu.
1238 325 1437 370 Oeniponte
1464 327 1518 361 26.
1536 327 1628 361 Iunii
1659 328 1759 361 1575.

155 389 210 424 Ex
237 390 461 435 autographo
489 391 568 432 (2⁰;
596 390 617 424 2
644 402 723 434 pp.;
752 389 786 423 in
814 400 847 434 p.
866 390 888 423 4
914 389 1101 434 inscriptio
1128 389 1199 423 alia
1226 391 1379 433 quadam
1407 402 1515 425 manu
1550 392 1668 436 posita
1695 393 1730 426 et
1756 403 1808 425 re-

35 443 169 488 liquiae
195 443 292 488 sig.).
337 444 458 479 Germ.
480 444 547 478 183
575 444 598 477 f.
618 443 688 478 250
714 443 794 477 252.
839 442 1003 487 Epistula
1029 454 1117 477 usus
1144 446 1200 477 est
1225 444 1351 487 Kross,
1379 445 1463 479 Can.
1488 444 1564 479 193.

154 518 344 555 Praefatio
371 518 549 555 editoris:
583 519 754 554 Hoffaeus
780 520 1007 564 praepositus
1034 519 1267 564 provincialis
1295 520 1494 566 Oeniponte
1521 521 1576 555 28.
1598 520 1689 554 Iunii
1719 521 1808 555 1575

35 573 262 608 Mercuriano
288 573 482 618 *scripsitz
522 573 664 619 „Monuj
692 573 869 607 Halenses
896 573 1035 614 Patres,
1073 575 1114 606 vt
1146 573 1188 607 de
1224 574 1339 608 tribus
1375 574 1611 618 sequentibus
1647 573 1809 608 articulis

36 638 109 661 vna
145 638 224 661 cum
252 627 292 661 P.
311 626 453 661 Canis-io
490 627 628 668 isthuc,
668 627 752 671 quid
786 626 982 668 sentirent,
1019 626 1294 671 perscriberent.
1347 628 1535 672 Jmprimis
1577 639 1700 661 omnes
1735 629 1810 661 tres

38 680 214 725 praedicti
240 679 370 714 Patres
397 680 601 714 iudicarunt
628 680 671 714 ad
698 691 821 714 sacros
847 680 989 714 ordines
1015 680 1296 724 promouendum
1325 692 1404 715 esse
1430 681 1479 716 M.
1498 681 1690 714 Matthiam
1723 681 1809 714 Kes-

38 733 166 768 selium
195 733 468 767 Coloniensem¹
505 734 565 777 qui
592 733 707 768 Halae
734 735 913 774 versatur,
950 736 1077 777 estque
1113 745 1285 767 annorum
1315 735 1359 768 34
1386 737 1568 778 vteunque
1596 735 1688 768 bona
1714 734 1809 768 vale—

32 786 168 826 tudine,
203 787 250 820 Jn
285 787 459 821 societate
492 787 658 821 vndecim
695 788 816 821 annis:
854 786 934 831 plus
961 787 1078 821 minus
1117 799 1245 820 nouem
1273 788 1377 822 annis
1413 788 1505 822 iuuit
1531 787 1746 822 Societatem
1777 788 1810 821 in

34 839 168 875 scholis
194 840 435 882 inferioribus,
464 841 675 885 postpositis
701 840 843 885 studijs.
896 840 943 874 ιῙιι
969 840 1091 874 seculo
1116 840 1283 875 Coloniae
1310 845 1453 875 creatus
1480 842 1610 875 artium
1639 843 1675 875 et
1695 841 1810 875 Philo-

33 893 182 939 sophiae
209 894 405 937 Magister:
441 893 659 938 Theologiae
685 896 721 928 et
748 893 988 928 conscientiae
1024 894 1167 928 casibus
1194 894 1338 928 circiter
1364 895 1544 929 biennium
1573 896 1607 929 in
1635 894 1811 929 Societate

32 947 189 989 vacauit,
216 947 279 981 sed
306 947 415 981 etiam
434 959 527 981 nunc
554 948 598 981 ad
626 947 816 982 inferiores
833 946 977 981 scholas
1004 949 1177 982 remissus
1204 952 1269 982 est.
1305 948 1486 982 Mediocre
1512 948 1622 983 habet
1640 948 1809 982 iudicium

33 1002 70 1035 et
95 1001 288 1045 ingenium,
324 1000 424 1035 valet
459 1001 659 1046 prudentia.
697 1003 823 1045 estque
857 1001 893 1035 in
920 1001 1109 1035 vocatione
1136 1005 1317 1043 constans,
1353 1003 1415 1036 sed
1443 1002 1608 1036 cholerae
1644 1002 1696 1035 sic
1721 1002 1812 1035 satis

33 1054 228 1095 subiectus,
256 1058 292 1089 et
317 1054 480 1088 nonnihil
505 1055 541 1088 in
567 1055 726 1089 moribus
752 1055 854 1090 liber.
905 1055 1066 1089 Meretur
1092 1055 1135 1089 de
1161 1056 1345 1098 societate,
1383 1059 1423 1090 vt
1450 1057 1492 1090 ad
1520 1067 1643 1090 sacros
1669 1055 1812 1089 ordines

37 1110 310 1152 promoueatur:
337 1108 477 1142 accedit
503 1108 611 1142 etiam
639 1108 732 1152 quod
755 1109 960 1153 patrimonij
987 1109 1043 1153 suj
1062 1112 1202 1153 partem
1222 1112 1306 1144 ante
1325 1122 1438 1144 annos
1464 1110 1600 1143 nostris
1626 1108 1811 1143 Colonien-

35 1161 135 1196 sibus
171 1161 364 1203 distribuit,
400 1173 469 1206 quo
504 1173 542 1196 se
577 1162 686 1196 etiam
713 1161 906 1197 Societatis
931 1162 1200 1196 benefactorem
1236 1164 1433 1197 constituit.
1495 1163 1682 1197 Secundus
1717 1162 1812 1196 Arti-

33 1214 136 1249 culus
193 1217 248 1249 est
288 1215 331 1249 de
375 1215 477 1249 horto
525 1215 724 1258 Reginae-³².
788 1215 938 1250 Nouerit
976 1215 1015 1250 P.
1053 1216 1096 1250 V.
1133 1216 1169 1250 in
1217 1217 1367 1250 Halensi
1407 1217 1643 1251 fundatione³
1685 1216 1810 1251 confir-

34 1270 170 1303 matum
198 1280 287 1309 esse,
315 1271 355 1302 vt
382 1271 463 1313 post
489 1269 623 1303 obitum
653 1269 822 1313 Reginae.
849 1269 986 1303 Domus
1013 1272 1049 1303 et
1074 1269 1200 1303 hortus
1219 1269 1405 1313 Reginalis
1431 1271 1550 1311 nobis;
1587 1273 1623 1304 et
1650 1270 1811 1304 vicissim

33 1321 169 1356 Domus
205 1325 241 1357 et
278 1322 423 1363 hortus,
461 1322 591 1366 quibus
625 1334 689 1356 nos
727 1323 830 1357 modo
868 1323 1036 1365 fruimur,
1083 1323 1295 1367 Virginibus
1333 1323 1471 1358 relictis
1506 1324 1633 1358 cedere
1671 1323 1810 1357 debeat.

34 1375 171 1410 Hortus
207 1375 351 1420 quidem
378 1376 564 1419 Reginalis
599 1376 754 1421 amplius
789 1376 896 1422 duplo
932 1376 1045 1410 maior
1078 1380 1134 1411 est
1168 1377 1273 1411 horto
1309 1379 1432 1412 nostro
1459 1377 1641 1418 moderno,
1678 1376 1811 1421 optime

33 1429 324 1464 accommodatus
375 1429 514 1464 alendis
568 1429 735 1473 gallinis,
786 1429 952 1464 lauandis
1004 1430 1132 1476 pannis
1184 1433 1251 1465 etc.
1316 1430 1370 1465 Ob
1422 1430 1528 1465 huius
1575 1430 1668 1475 modj
1718 1441 1810 1464 com-

34 1483 227 1517 moditates
262 1483 472 1517 institerunt
505 1482 676 1526 Virgines
711 1483 804 1527 apud
841 1483 1036 1526 Reginam,
1073 1484 1235 1518 efficeret
1260 1496 1347 1518 sane
1374 1485 1468 1529 apud
1504 1484 1733 1525 Societatem,
1770 1485 1811 1517 vt

34 1535 222 1580 Reginalis
248 1536 374 1571 hortus
400 1537 613 1580 Virginibus
648 1537 786 1572 relictis
819 1540 992 1578 maneret,
1032 1538 1203 1582 nullaque
1229 1537 1414 1572 hortorum
1447 1539 1664 1583 permutatio
1699 1538 1811 1579 fieret,

35 1590 120 1624 dum
155 1590 303 1625 relictae
329 1590 499 1634 Virgines
526 1590 702 1625 viuerent.
742 1590 881 1634 Regina
898 1591 1111 1635 Virginibus
1138 1591 1370 1636 compatiens,
1398 1591 1520 1636 eisque
1547 1592 1676 1626 volens
1693 1592 1812 1626 facere

33 1644 134 1686 satis,
161 1655 301 1678 meeum
329 1644 404 1686 egit
430 1644 556 1678 multis
582 1644 758 1689 precibus.
793 1656 994 1689 magnoque
1021 1645 1213 1679 affectu‘et
1250 1645 1467 1685 humilitate,
1503 1649 1543 1679 vt
1578 1657 1644 1680 suo
1670 1646 1812 1680 nomine

33 1697 128 1741 apud
155 1697 196 1733 P.
216 1696 258 1731 V.
284 1697 377 1731 hanc
413 1709 560 1732 causam
586 1698 817 1743 susciperem,
853 1701 889 1732 et
924 1699 1031 1732 simul
1067 1699 1260 1740 efficerem,
1296 1700 1337 1732 vt
1371 1711 1434 1744 per
1460 1699 1500 1733 P.
1518 1699 1562 1734 V.
1581 1699 1707 1733 liceret
1732 1699 1812 1733 Vir-

37 1750 181 1794 ginibus
207 1750 344 1785 relictis
372 1751 437 1786 hoc
464 1752 633 1795 Reginali
667 1751 772 1785 horto
806 1752 877 1797 fruj
915 1752 996 1786 dum
1034 1753 1221 1787 viuerent:
1257 1753 1351 1786 velle
1386 1764 1425 1787 se
1460 1753 1648 1796 literarum
1681 1753 1811 1787 instru-

33 1807 195 1839 mentum
224 1805 410 1846 conficere,
447 1806 623 1849 nobisque
659 1806 881 1846 confirmare,
920 1806 1007 1847 fore,
1043 1808 1085 1840 vt
1110 1805 1296 1850 Reginalis
1331 1806 1456 1841 hortus
1482 1809 1562 1852 post
1589 1807 1811 1841 Relictarum

35 1860 188 1892 mortem
217 1859 260 1892 ad
288 1858 480 1893 Societatis
508 1858 708 1902 Collegium
735 1859 825 1893 citra
844 1870 979 1893 moram
1006 1861 1042 1893 et
1068 1860 1364 1905 impedimentum
1391 1861 1590 1905 perueniat.
1642 1860 1746 1895 Velle
1773 1872 1812 1894 se

34 1912 143 1946 etiam
169 1911 381 1946 modernum
417 1912 559 1947 bortum
594 1914 758 1947 nostrum
795 1913 1016 1958 amplificare
1043 1916 1080 1948 et
1106 1925 1250 1958 augere,
1285 1926 1386 1948 muro
1414 1914 1558 1958 cingere
1586 1917 1622 1948 et
1648 1913 1812 1948 aedificio

33 1965 222 2007 instruere,
260 1969 300 2000 vt
335 1966 481 2000 futurus
515 1966 564 2001 sit
602 1967 711 2000 etiam
746 1967 859 2000 maior
894 1967 998 2002 horto
1037 1968 1295 2012 oenipontan0‚
1335 1968 1377 2002 de
1416 1980 1485 2012 quo
1521 1968 1656 2002 referre
1692 1970 1813 2012 potest

33 2018 74 2053 P.
93 2018 267 2054 Lanoius:
304 2019 399 2054 velle
436 2031 474 2054 se
511 2019 664 2064 denique
700 2021 792 2055 hanc
827 2021 983 2064 gratiam
1011 2033 1032 2056 a
1058 2021 1237 2056 Societate
1264 2022 1331 2056 sibi
1367 2022 1502 2056 factam
1534 2033 1740 2066 agnoscere,
1778 2023 1813 2055 et

35 2072 116 2118 alijs
142 2072 327 2118 beneficijs
355 2086 598 2119 compensare,
636 2087 678 2109 ac
705 2074 921 2109 Societatem
958 2075 1062 2117 scire,
1100 2076 1190 2110 nihil
1226 2076 1294 2110 sibi
1322 2087 1427 2120 posse
1463 2078 1604 2119 gratius
1642 2076 1806 2110 accidere

35 2137 143 2170 quam
179 2127 209 2161 si
245 2126 312 2161 hoc
338 2139 447 2162 vnum
475 2140 495 2162 a
524 2129 562 2163 P.
582 2128 625 2163 V.
646 2129 825 2174 impetret.
876 2129 928 2163 De
963 2130 1036 2164 situ
1062 2130 1252 2174 Vtriusque
1278 2129 1372 2163 horti
1399 2131 1435 2163 et
1460 2129 1529 2167 loci
1564 2129 1737 2164 distantia
1763 2129 1814 2163 in-

33 2179 203 2214 formabit
238 2181 330 2215 idem
358 2181 397 2217 P.
423 2182 589 2223 Lanoius‚
627 2194 733 2226 quem
760 2182 864 2228 cupio
890 2183 983 2217 scire
1009 2185 1092 2227 post
1117 2182 1278 2226 Reginae
1305 2186 1456 2217 mortem
1475 2183 1717 2228 deijcienduni
1733 2194 1814 2217 esse

34 2236 191 2283 pontem,
223 2246 287 2279 per
313 2247 418 2279 quem
447 2236 588 2279 Regina
615 2248 633 2271 e
659 2237 735 2271 suis
762 2236 912 2271 aedibus
947 2237 982 2270 in
1018 2236 1172 2276 hortum,
1209 2237 1367 2271 ciuitatis
1393 2238 1529 2271 fossam
1563 2237 1707 2271 transit.
1757 2236 1813 2270 Ad

34 2287 128 2322 hanc
159 2289 370 2333 petitionem
398 2289 510 2324 obieci
537 2289 698 2333 Reginae
718 2302 769 2332 ea,
797 2302 888 2334 quae
915 2290 968 2324 illi
994 2291 1195 2336 obijcienda
1214 2290 1405 2335 putabam:
1432 2291 1512 2336 ipsa
1538 2302 1623 2324 vero
1651 2289 1813 2333 confugit

33 2341 78 2376 ad
105 2353 230 2386 preces
264 2343 492 2385 verecundia,
529 2343 734 2378 humilitate
769 2346 805 2378 et
831 2345 963 2378 affectu
1000 2347 1171 2384 armatas,
1208 2355 1361 2388 cumque
1389 2344 1548 2378 viderem
1584 2344 1715 2378 affectu
1743 2343 1813 2386 agi,

33 2395 212 2440 respondi,
248 2395 429 2430 facturum
463 2409 536 2437 me,
573 2398 666 2441 quod
694 2399 838 2442 potero:
875 2398 1024 2442 optabat
1061 2398 1123 2432 illa
1159 2409 1244 2431 vero
1271 2398 1382 2432 citum
1409 2409 1633 2442 responsum,
1669 2400 1815 2442 propter

34 2448 217 2491 fabricam,
255 2461 361 2494 quam
394 2450 462 2485 hac
498 2454 637 2485 aestate
664 2452 700 2485 in
726 2462 790 2485 suo
817 2450 920 2486 horto
946 2452 991 2486 ad
1018 2451 1199 2495 virginum
1226 2463 1314 2486 vsus
1350 2451 1570 2486 commodam
1606 2451 1813 2486 meditatur.

33 2501 137 2537 Nunc
163 2514 255 2547 quae
282 2515 361 2538 mea
387 2505 436 2538 sit
461 2505 653 2546 sententia,
680 2504 750 2539 huc
776 2505 976 2550 subijciam.
1021 2505 1073 2539 Re
1100 2504 1295 2548 diligenter
1321 2505 1490 2548 cogitata,
1527 2504 1644 2538 iudico
1671 2505 1814 2538 omnino

14 2557 214 2601 expedire,
248 2559 288 2590 vt
316 2557 355 2592 P.
374 2557 418 2592 V.
437 2557 473 2591 in
500 2557 592 2593 hanc
619 2559 829 2603 petitionem
858 2559 1117 2593 Serenissimae
1144 2558 1306 2602 Reginae
1333 2559 1546 2592 consentiat.
1597 2557 1689 2592 Nam
1719 2559 1813 2602 quod

35 2609 167 2654 aliquis
193 2610 288 2644 forte
315 2611 442 2645 bonam
470 2611 647 2655 Reginam
675 2612 940 2646 inconstantiae
966 2612 1176 2646 insimulare
1205 2611 1304 2653 velit,
1341 2624 1383 2646 ac
1419 2613 1450 2646 si
1476 2611 1610 2646 multas
1638 2612 1814 2646 hactenus

35 2663 163 2698 fecerit
196 2665 426 2709 mutationes,
466 2668 501 2699 et
535 2665 687 2699 subinde
722 2677 836 2700 nouas
871 2666 1074 2709 excogitet,
1114 2666 1281 2700 nimirum
1322 2666 1415 2710 quod
1455 2666 1556 2699 initio
1592 2665 1815 2700 decreuisset

34 2716 187 2752 fundare
222 2718 360 2752 reditus
397 2718 489 2754 1500
523 2718 766 2757 Florenorum.
803 2722 840 2754 et
873 2732 968 2753 nunc
994 2722 1134 2754 tantum
1162 2731 1271 2764 supra
1308 2719 1407 2753 mille
1439 2722 1650 2764 perpetuos,
1686 2731 1812 2764 parum

36 2770 78 2804 de
104 2771 186 2817 alijs
213 2772 421 2816 quingentis
447 2772 606 2817 sperari:
635 2772 727 2816 quod
754 2773 1008 2807 bibliothecam
1036 2784 1169 2817 augere
1195 2772 1362 2812 voluerit,
1390 2784 1485 2807 nunc
1511 2773 1666 2818 amplius
1704 2773 1815 2807 addat

35 2824 140 2859 nihil:
177 2825 271 2869 quod
306 2825 474 2859 societati
510 2825 661 2860 liberum
698 2826 846 2866 fecerat,
882 2828 923 2860 vt
948 2826 1114 2860 Nouitios
1142 2825 1270 2860 Halam
1307 2827 1532 2867 transferret,
1570 2838 1660 2871 quos
1691 2829 1814 2861 tamen

36 2877 226 2912 admittere
252 2879 378 2913 deinde
412 2879 586 2914 noluerit:
623 2879 716 2924 quod
753 2880 854 2915 nobis
891 2880 926 2914 in
953 2880 1084 2924 officiis
1111 2879 1210 2914 chori
1237 2882 1273 2914 et
1299 2883 1428 2914 cantus
1455 2879 1608 2914 molesta
1636 2891 1717 2914 esse
1743 2891 1814 2913 nou

35 2931 201 2973 voluerit,
228 2934 263 2966 et
289 2934 410 2966 tamen
436 2944 552 2978 nuper
577 2944 598 2967 a
623 2933 726 2967 nobis
745 2933 972 2968 Sacellanum
992 2933 1174 2977 exegerit:
1203 2933 1296 2977 quod
1314 2933 1520 2968 scholarum
1548 2933 1812 2968 institutionem

160 3049 170 3069 ¹
195 3049 249 3083 De
275 3049 342 3084 hoc
368 3061 402 3084 v.
421 3051 510 3084 Can.
529 3050 562 3084 V
587 3051 668 3085 445.
816 3051 829 3072 ²
854 3050 1104 3094 Magdalenae.

157 3102 170 3122 ³
194 3102 354 3137 Litterae
380 3103 602 3138 fundationis
629 3103 770 3148 collegii
804 3104 966 3139 balensis
992 3116 1013 3138 a
1039 3103 1256 3148 Magdalena
1282 3106 1318 3138 et
1343 3104 1482 3139 Helena
1517 3105 1654 3149 reginis
1680 3103 1813 3139 conditi

38 3155 261 3200 conscriptae
288 3158 324 3190 et
349 3156 582 3191 confirmatae
607 3159 693 3191 sunt
719 3169 750 3192 a.
773 3158 881 3199 1571;
910 3158 953 3192 de
979 3157 1110 3202 quibus
1137 3158 1307 3202 Aqm'cola
1333 3157 1356 3192 l.
1377 3169 1406 3192 c.
1425 3158 1442 3192 Ι
1466 3157 1551 3193 Dec.
1570 3159 1604 3200 4,
1630 3169 1664 3193 n.
1686 3158 1716 3192 1.
