2062 3443
272 166 374 201 1936.
403 165 570 200 Canisius
596 165 734 199 Adanio
761 165 806 200 ab
832 166 912 200 Arz.
956 164 1155 210 Oeniponte
1182 165 1248 200 sub
1275 166 1330 201 26.
1353 167 1442 202 Νον.
1466 168 1568 202 1575.
1716 171 1802 213 309

30 287 169 328 lector
214 286 433 340 Sporenus
467 285 745 328 Reuerendus
787 285 855 326 uir
894 284 1021 327 isthic
1063 285 1224 328 diutius
1269 289 1588 330 commoratur1
1634 288 1802 330 animus

30 352 123 406 ipse
155 350 413 394 distrahitur
445 365 678 404 curamque
710 352 838 393 affert
871 350 1117 404 ancipitem.

149 416 351 459 Canonici
378 416 624 470 Augustani
658 430 683 458 a
716 429 784 457 me
816 415 989 469 saepius
1022 419 1066 458 et
1098 416 1284 469 benigne
1316 417 1460 470 rogati
1494 420 1539 459 et
1570 418 1719 460 moniti
1755 422 1804 461 ut

29 481 250 535 negotium
284 481 404 523 cuius
437 495 568 523 causa
601 495 681 534 ego
714 480 782 522 hic
814 479 980 523 tamdiu
1004 484 1296 523 commoratus
1319 497 1413 524 sum
1436 482 1521 524 iam
1546 484 1802 526 concludere

29 549 74 588 et
107 546 312 600 expedire
353 546 517 588 uellent
558 560 652 587 cum
695 547 914 599 postremo
955 545 1178 588 audissent
1220 560 1287 588 me
1322 547 1483 589 Summi
1518 548 1650 589 Pont:
1683 548 1803 590 iussu

28 611 192 654 instare
225 614 270 653 et
302 624 458 664 urgere
491 613 539 653 ut
572 611 822 664 priusquam
845 610 1107 664 Episcopum
1141 611 1354 664 eligerent
1386 613 1438 653 de
1470 626 1516 654 re
1543 615 1694 655 nostra
1727 613 1802 655 de-

29 679 276 726 cernerent,
316 680 464 719 tamen
506 690 585 717 nos
627 676 681 718 ad
722 675 860 729 ipsam
907 676 1161 718 electionem
1196 677 1375 732 reijcere
1408 677 1535 720 ueriti
1569 693 1653 720 non
1686 682 1801 729 sunt,

29 756 114 795 qua
158 742 307 784 audita
352 755 447 783 cum
490 741 640 784 statim
681 741 904 795 petijssem
946 744 994 782 ut
1039 742 1307 784 voluntatem
1349 757 1471 785 suam
1514 743 1802 794 declararent,

28 807 171 861 erupit
188 808 367 861 repente
390 820 477 847 uox
499 806 659 848 iamdiu
683 806 737 848 ad
759 805 1023 847 illudendum
1048 807 1299 860 excogitata
1318 807 1416 849 Non
1441 822 1535 850 esse
1558 808 1803 851 habendum

29 872 289 926 Episcopum
323 871 393 925 qui
417 885 442 913 a
475 886 641 913 summo
665 871 872 913 Pontifice
905 872 1182 914 confirmatus
1215 887 1299 914 non
1332 872 1430 923 sit2‚
1465 874 1526 915 sic
1558 888 1637 915 nos
1669 875 1804 929 uarijs

29 937 284 980 commentis
316 936 424 979 satis
456 937 627 990 quidem
659 936 829 978 infirma
858 950 935 991 spe
957 937 1171 979 sustinere
1194 941 1406 980 conantur
1428 939 1589 981 multas
1612 953 1666 981 ex
1689 942 1800 982 tem-

26 1016 132 1058 pore
165 1001 493 1056 expectationes
528 1005 850 1044 commouentes
873 1003 1007 1044 donec
1030 1002 1112 1056 ipsi
1137 1004 1259 1045 Pont:
1294 1004 1411 1045 Max:
1445 1004 1802 1058 approbationem

27 1070 297 1122 aucupentur
328 1069 376 1109 ut
408 1066 606 1121 protinus
639 1081 788 1109 omnes
820 1069 993 1109 nostros
1027 1071 1209 1110 conatus
1240 1069 1480 1117 destruant,
1514 1084 1651 1111 uanas
1684 1069 1803 1123 cogi-

25 1133 216 1176 tationes
257 1132 442 1174 reddant
483 1135 526 1174 et
569 1132 620 1174 de
662 1132 776 1174 omni
809 1146 886 1174 nos
929 1146 1005 1187 spe
1039 1133 1271 1175 deturbent
1303 1148 1457 1188 nempe
1490 1134 1562 1187 qui
1597 1134 1714 1188 digni
1747 1135 1802 1177 ab

25 1198 111 1240 illis
143 1198 383 1240 iudicamur
415 1212 522 1250 quos
550 1197 733 1240 ludibrio
767 1198 978 1241 habeant:
1013 1198 1089 1240 sed
1122 1213 1192 1240 res
1224 1199 1268 1241 in
1292 1214 1388 1241 eum
1412 1202 1576 1242 statum
1600 1201 1804 1243 uidentur

0 1263 239 1306 deductae
280 1266 329 1305 ut
375 1263 503 1305 facile
551 1263 797 1318 perspicere
842 1263 1055 1318 possimus
1098 1264 1330 1307 Ciuitatem
1376 1265 1487 1307 hanc
1529 1266 1667 1308 Deum
1713 1269 1801 1320 opt.

25 1329 152 1371 Max:
196 1331 264 1372 tot
295 1329 462 1383 iniurijs
494 1328 674 1371 laesisse
706 1332 754 1371 ut
785 1328 870 1370 iam
904 1330 958 1371 ab
992 1343 1044 1371 ea
1076 1330 1248 1371 omnino
1282 1331 1450 1372 alienus
1482 1331 1561 1380 sit;
1605 1331 1666 1373 sic
1700 1334 1803 1374 sunt

26 1394 215 1436 omnium
249 1395 341 1437 fere
374 1394 505 1436 animi
540 1394 781 1448 comparati
814 1396 862 1436 ut
894 1409 946 1436 ea
979 1409 1150 1449 semper
1183 1410 1293 1449 quae
1326 1396 1407 1438 sibi
1430 1396 1619 1438 maxime
1652 1396 1802 1451 profu-

24 1462 125 1502 tura
157 1463 468 1514 proponuntur,
504 1463 790 1514 aspernentur
822 1462 954 1514 atque
986 1460 1198 1515 reijciant.

144 1525 346 1579 Diploma
386 1539 463 1580 pro
506 1525 784 1568 adolescente
824 1524 898 1567 illo
940 1526 1076 1568 sacris
1109 1526 1151 1567 in
1185 1526 1328 1568 aliena
1360 1526 1558 1569 Dioecesi
1590 1527 1803 1570 initiando

26 1591 173 1633 curaui
209 1591 518 1633 conficiendum
553 1594 597 1634 et
630 1605 725 1632 cum
754 1590 870 1633 hisce
893 1591 1053 1634 litteris
1085 1592 1345 1634 mittendum
1379 1607 1474 1634 cum
1508 1593 1621 1646 apud
1655 1607 1723 1635 me
1746 1593 1802 1635 ad

25 1656 369 1710 cognoscendam
393 1656 656 1710 probitatem
681 1659 725 1699 et
744 1656 986 1699 doctrinam
1008 1656 1143 1712 ipsius
1166 1657 1306 1700 instar
1328 1658 1445 1700 mille
1467 1657 1645 1701 testium
1669 1658 1804 1701 fuerit

24 1722 138 1776 quod
169 1721 460 1764 intellexerim
502 1721 623 1763 illum
664 1734 760 1764 esse
791 1722 834 1763 in
867 1736 969 1764 aere
1000 1726 1089 1773 tuo,
1133 1722 1176 1764 in
1209 1737 1292 1776 quo
1325 1737 1411 1764 non
1442 1723 1525 1765 nisi
1564 1726 1608 1766 et
1639 1724 1723 1766 fide
1756 1727 1802 1767 et

23 1787 189 1841 pietate
231 1786 544 1841 disciplinaque
585 1790 862 1841 praestantes
895 1787 1012 1829 uiros
1046 1787 1230 1830 describi
1270 1802 1348 1842 pro
1383 1791 1604 1843 comperto
1636 1789 1800 1831 habeo:

24 1851 270 1894 desideravi
301 1852 578 1894 nihilominus
619 1852 786 1894 iuuenis
828 1853 1015 1907 patriam
1057 1852 1161 1895 mihi
1202 1853 1451 1907 significari,
1495 1855 1570 1896 sed
1612 1869 1665 1896 ne
1698 1854 1799 1896 dum

23 1931 277 1972 responsum
317 1920 626 1971 expectamus²
666 1918 968 1961 retardaretur
1009 1918 1269 1960 desiderium
1307 1922 1430 1961 tuum
1469 1919 1551 1973 ipsi
1583 1922 1793 1973 tanquam

22 1983 240 2025 Bauariab
267 1983 446 2025 oriundo
468 1983 650 2038 petitam
674 1984 893 2026 licentiam
918 1983 1221 2035 concessimus,
1257 1984 1371 2038 quod
1393 1984 1428 2026 si
1451 1985 1584 2028 fuerit
1606 1988 1800 2028 erratum

23 2048 325 2091 emendabitur
366 2063 462 2090 cum
504 2048 688 2103 primum
730 2050 949 2091 annueris.
1013 2049 1243 2092 Caeterum
1285 2063 1542 2103 quacunque
1574 2050 1618 2092 in
1650 2064 1697 2092 re
1730 2050 1801 2092 uel

22 2113 88 2157 tui
118 2112 352 2168 ipsius⁰[‘?]
387 2114 456 2156 uel
491 2114 725 2156 amicorum
750 2115 976 2157 commoda
999 2128 1160 2168 augere
1183 2116 1336 2169 potero
1360 2118 1606 2169 promptam
1630 2129 1801 2170 semper

22 2193 164 2222 meam
198 2179 435 2234 experieris
468 2193 659 2234 operam,
702 2179 764 2221 sic
797 2180 911 2222 enim
945 2183 989 2222 et
1020 2183 1098 2223 tua
1139 2181 1181 2221 in
1216 2194 1283 2221 me
1316 2180 1473 2222 merita
1506 2184 1551 2223 et
1582 2195 1723 2223 meum
1757 2181 1800 2222 in

22 2247 68 2286 te
100 2244 290 2286 studium
323 2245 546 2298 postulare
579 2244 795 2287 uidentur.
849 2245 1028 2288 Interim
1061 2245 1291 2287 uniuersae
1323 2245 1515 2287 familiae
1547 2249 1637 2289 tam
1671 2245 1801 2288 Oeni-

23 2313 242 2364 pontanae
286 2324 416 2363 quam
456 2310 666 2353 Halensi3
699 2311 824 2365 cupio
858 2309 1073 2366 [me]‘¹[?]
1119 2324 1215 2353 esse
1257 2324 1386 2364 quam
1429 2311 1800 2353 commendatissi-

23 2373 256 2430 mum‘¹[?].
303 2375 426 2418 Vale.

141 2441 304 2484 Datum
337 2441 564 2495 Augustae
597 2441 665 2484 die
696 2441 836 2496 prima
868 2442 1057 2496 Augusti
1090 2456 1134 2485 M.
1160 2456 1199 2486 D.
1225 2455 1360 2484 LXXV.

25 2554 180 2591 1936.
256 2556 475 2592 CANISIUS
502 2555 748 2593 ADAMO
777 2556 870 2592 :KB
899 2556 1058 2600 ΑΒΖ,
1085 2558 1261 2593 dioecesis
1286 2558 1506 2593 brixinensis
1531 2558 1668 2593 vicario
1694 2570 1800 2603 gene-

214 2609 293 2651 rwli,
319 2610 471 2656 capituli
497 2610 716 2646 cathedralis
742 2612 925 2646 canonico.

1003 2658 1206 2704 Oeniponte
1232 2659 1300 2694 sub
1326 2659 1382 2694 26.
1401 2659 1619 2694 Novembris
1647 2660 1749 2695 1575.

145 2730 249 2772 Vide
281 2731 418 2785 infra,
453 2732 675 2773 mor-dium
709 2732 913 2787 epistulae
948 2734 1077 2774 1937.

143 2825 172 2854 a)
194 2823 374 2856 expetamus
393 2831 440 2856 ap.
531 2822 562 2856 b)
583 2822 734 2849 Bauariae
754 2832 802 2856 ap.
894 2824 920 2855 e)
941 2823 995 2849 tua
1014 2824 1111 2857 ipsius
1124 2825 1136 2849 :²
1166 2826 1222 2856 Ap.
1243 2825 1327 2849 habet
1347 2823 1526 2857 tuaeipsius.
1618 2823 1649 2857 d)
1671 2827 1730 2850 Aut
1750 2825 1801 2850 hoc

24 2871 50 2889 v.
69 2864 277 2896 supplendum,
295 2867 345 2889 aut
367 2873 403 2889 ει·
423 2860 768 2897 commendatissimum,
789 2865 863 2897 quod
884 2869 925 2891 est
947 2867 977 2890 1'72
997 2874 1055 2897 up„
1075 2865 1396 2891 commendatissimas
1416 2866 1621 2897 corriqemlum
1641 2869 1692 2891 est.

147 2959 157 2979 ¹
183 2958 364 3004 Sporenus
403 2959 604 3005 Oeniponte
639 2971 719 2994 cum
757 2960 982 2995 Ferdinando
1020 2960 1053 2995 ΙΙ
1093 2959 1285 2995 archiduce
1323 2960 1445 3005 aliqua
1482 2963 1641 2995 tractare
1678 2960 1799 2995 iussus

25 3014 103 3046 erat
131 3011 349 3056 (Schezlhass
373 3012 396 3048 l.
417 3024 445 3047 c.
465 3013 497 3047 V
526 3013 695 3057 12—13).

145 3065 159 3086 ²
185 3065 255 3100 Pro
281 3066 412 3100 Ioanne
439 3066 602 3111 Egolpho
629 3078 651 3101 a
676 3066 884 3111 Knoringen
909 3067 942 3101 4.
962 3066 1054 3101 Iunii
1083 3067 1173 3102 1575
1199 3069 1340 3101 mortuo
1366 3067 1422 3102 26.
1442 3067 1524 3101 lulii
1544 3067 1634 3102 1575
1662 3067 1799 3101 electus

26 3120 82 3152 est
115 3130 136 3153 a
171 3119 328 3164 capitulo
364 3119 554 3165 episcopus
588 3122 815 3164 augustanus
849 3120 1091 3165 Marquardus
1127 3132 1147 3154 a
1182 3120 1297 3164 Berg;
1335 3131 1440 3164 quem
1478 3119 1674 3164 Gregorius
1701 3119 1797 3155 XIII.

25 3170 82 3207 30.
101 3171 323 3218 Septembris
351 3173 442 3208 1575
469 3173 706 3209 confirmavit.
822 3174 836 3195 ³
862 3174 976 3208 Sociis
1002 3173 1236 3217 collegiorum
1263 3173 1491 3219 oenipontani
1518 3177 1554 3208 et
1579 3173 1749 3208 balensis.
