2062 3443
615 152 814 196 Oeniponte
845 152 874 186 1.
895 150 1116 195 Septembris
1147 152 1247 185 1:374.
1730 153 1811 194 237

45 273 182 315 multa
214 271 374 314 dixisse
417 270 631 314 uidentur.
698 270 886 311 Primum
920 269 1200 311 uehementer
1233 269 1432 323 optarim,
1469 283 1519 311 ac
1553 270 1698 311 multis
1730 269 1814 311 iam

45 337 169 380 annis
201 339 317 391 opto,
362 336 440 378 1100
483 335 612 390 pium,
656 337 868 384 sanctum,
912 335 1183 388 praeclarum
1227 338 1271 376 et
1306 335 1385 376 hoc
1419 333 1587 387 quidem
1621 337 1816 388 tempore

44 406 215 446 tantum
248 416 332 444 non
364 401 669 451 necessarium,
703 399 948 453 nostrisque
982 399 1224 441 hominibus
1247 399 1423 453 dignum
1454 399 1699 442 institutum
1725 399 1815 441 zelo

0 490 1 502 1
45 470 91 510 01
122 466 353 522 prudent-ia
384 466 653 520 superiorum
687 464 943 520 promoueri.
998 464 1091 506 Nec
1124 465 1231 507 adeo
1264 479 1332 506 me
1365 467 1637 507 commouent
1668 464 1816 506 uariae

45 547 155 587 quae
196 532 263 574 hic
295 545 342 574 se
375 532 562 574 offerunt
603 530 896 581 difficultates,
941 530 1022 573 etsi
1062 530 1248 572 sentiam
1287 530 1519 572 multorum
1558 529 1725 572 animos
1763 531 1816 571 ab

45 599 124 640 1100
158 597 357 640 instituto
389 598 621 651 propterea
653 600 887 649 utcumque
919 595 1084 637 alienos
1107 609 1215 639 esse.
1262 595 1357 638 Scio
1387 595 1535 648 quales
1563 598 1608 637 et
1631 598 1817 648 quantas

45 662 350 717 occupationes
383 661 525 716 pariat
549 663 692 704 status
724 660 904 703 istorum
939 660 1232 713 collegiorum,
1267 660 1309 701 in
1341 661 1494 713 quibus
1517 660 1653 703 nostri
1677 660 1817 702 Theo-

45 728 133 782 logi
165 727 338 770 minime
361 727 487 770 otiosi
512 740 607 768 esse
636 729 830 780 possunt.
886 726 967 768 Sed
1003 726 1047 768 P.
1074 726 1379 768 Ρ10111111ἰο1151
1414 726 1604 767 fortasse
1626 725 1723 767 illos
1747 726 1816 778 qui

45 793 100 836 ad
123 793 394 835 scribendum
430 792 570 834 idonei
594 792 781 834 maxime
805 791 1070 842 uiderentur,
1105 791 1314 845 paulatim
1339 790 1567 845 ordinarijs
1599 790 1818 832 laboribus

46 858 236 901 eximere
270 860 414 911 queat,
450 860 497 900 ut
530 871 579 899 eo
613 857 876 899 commodius
909 856 963 898 ad
995 856 1076 898 1100
1099 859 1297 898 sanctum
1326 870 1433 910 opus
1456 856 1687 910 accingant
1709 869 1817 898 sese.

46 925 208 966 Doctor
240 923 533 977 Hieronymus
573 921 800 964 Torrensis
833 922 1004 963 omnino
1048 921 1203 975 dignus
1244 921 1347 963 mihi
1387 921 1570 972 uidetur,
1615 921 1681 962 cui
1715 934 1820 975 prae

51 989 239 1031 coeteris
271 990 348 1031 fiat
388 988 545 1042 gratia,
589 990 637 1030 ut
669 987 711 1029 in
743 987 823 1029 hac
856 990 1004 1030 aetate
1037 991 1082 1030 et
1115 987 1306 1041 corporis
1339 986 1635 1029 imbecillitate
1667 987 1821 1040 -Jngol-

46 1055 176 1107 stadij
211 1068 335 1096 sacra
368 1053 563 1108 profiteri
595 1053 778 1103 desinat,
813 1055 857 1095 et
890 1052 944 1094 ad
976 1053 1111 1094 solam
1148 1051 1425 1106 scriptionem
1456 1065 1551 1094 sese
1575 1055 1818 1106 componat.

46 1120 197 1162 Plures
230 1119 394 1161 duobus
427 1123 499 1161 aut
534 1118 673 1161 tribus
713 1118 755 1159 in
789 1117 870 1160 hac
905 1117 1121 1172 prouintia
1154 1117 1400 1170 Theologos
1440 1131 1526 1159 non
1567 1116 1705 1167 uideo,
1749 1117 1817 1171 qui

47 1200 140 1227 cum
166 1185 310 1227 fructu
332 1184 520 1227 scribere
545 1183 733 1238 possint:
768 1183 846 1224 1105
870 1197 895 1225 0
921 1183 963 1226 P.
988 1183 1255 1226 Prouintiale
1290 1182 1616 1236 designandos¹³‚
1651 1186 1695 1225 et
1726 1182 1820 1224 loco

47 1251 186 1304 magis
219 1253 461 1305 opportuno
496 1249 770 1291 collocandos
802 1251 1014 1303 putarem.
1064 1248 1381 1302 Argumentum
1405 1248 1618 1290 scribendi
1642 1248 1818 1301 eligant.

48 1316 119 1369 qui
151 1320 253 1358 sunt
285 1314 552 1369 designandi,
592 1319 640 1357 111
673 1314 862 1367 aliquam
896 1313 1027 1356 animi
1060 1314 1390 1368 propensionem
1424 1313 1638 1364 adferant,
1672 1314 1819 1355 simul-

47 1395 130 1435 que
161 1381 348 1435 tempori
380 1380 588 1429 seruiant,
632 1393 679 1422 re
713 1394 807 1422 cum
847 1379 995 1421 eodem
1034 1379 1297 1422 Prouintiale
1331 1379 1508 1432 eiusque
1541 1378 1818 1433 Consiliarijs.

48 1447 84 1489 si
118 1446 301 1495 uidetur,
336 1446 508 1489 collata.
554 1445 679 1487 ζ1110111
704 1445 832 1487 facile
865 1444 1047 1495 curabit,
1082 1447 1130 1487 ut
1163 1447 1331 1487 secreto
1364 1444 1565 1486 laborent-
1588 1444 1818 1497 designati,

48 1514 93 1554 et
124 1526 218 1554 cum
253 1511 350 1567 alijs
382 1511 424 1553 in
458 1511 608 1553 eadem
641 1510 859 1564 prouintia
893 1510 1134 1561 conferant,
1169 1524 1296 1563 quum
1332 1509 1393 1551 sic
1425 1523 1495 1551 res
1518 1509 1818 1564 postulauerit.

49 1577 343 1620 Existimabat
378 1577 421 1620 P.
446 1576 620 1619 Natalis
644 1576 765 1618 uelut
788 1575 1016 1628 collegium
1044 1575 1137 1618 fore
1160 1575 1419 1630 scriptorum
1443 1574 1716 1625 eiuscemodi,
1750 1575 1820 1628 qui

49 1657 132 1685 uno
165 1642 206 1684 in
241 1643 334 1685 1000
359 1645 691 1692 commorantes,
725 1645 899 1684 mutuas
931 1640 1011 1682 sibi
1035 1643 1312 1695 praestarent
1334 1654 1501 1694 operas,
1533 1642 1578 1682 et
1599 1654 1722 1682 suum
1756 1640 1820 1681 in-

47 1708 174 1751 terim
218 1708 486 1762 praefectum
531 1707 754 1750 baberent.
804 1706 966 1748 Verum
1009 1706 1122 1748 haud
1164 1706 1304 1756 uideo,
1345 1706 1456 1748 unde
1497 1706 1557 1747 illi
1600 1705 1745 1759 colligi
1778 1710 1821 1749 et

48 1773 249 1826 coniungi
268 1773 448 1827 possint,
466 1773 537 1814 ubi
555 1774 680 1816 tanta
696 1775 764 1815 est
777 1771 1017 1814 necessitas
1033 1771 1325 1825 collegiorum.
1354 1771 1493 1825 Igitur
1511 1785 1536 1813 a
1553 1771 1821 1814 tenuioribus

46 1838 268 1893 principijs
300 1852 391 1880 rem
427 1838 677 1881 ordiendam
711 1841 830 1892 puto,
866 1840 910 1880 et
941 1851 1198 1891 progressus
1236 1837 1327 1891 ipse
1361 1837 1523 1891 negotij
1559 1836 1819 1884 admonebit,

47 1918 129 1957 quo
162 1907 290 1958 pacto
324 1904 534 1958 paulatim
569 1903 623 1945 ad
655 1902 919 1957 perfectiora
951 1902 1080 1945 liceat
1112 1902 1353 1957 peruenire.
1397 1902 1507 1944 Sunt
1540 1902 1610 1955 qui
1643 1903 1696 1944 ob
1730 1905 1820 1945 tar-

47 1969 226 2012 ditatem
270 1969 511 2011 calcaribus
554 1971 728 2022 egeant,
774 1968 968 2010 nonnulli
1010 1968 1107 2023 plus
1147 1967 1387 2010 uoluntatis
1429 1981 1558 2021 quam
1597 1967 1820 2011 facultatis

46 2034 269 2085 adferunt,
311 2038 402 2077 tum
436 2034 534 2088 alijs
567 2034 653 2076 alia
686 2034 843 2076 desunt
882 2033 963 2075 11110
996 2033 1254 2087 spectantia.
1290 2036 1338 2075 ut
1370 2033 1575 2082 inuentio,
1619 2033 1818 2075 elocutio.

46 2099 282 2154 dispositio,
317 2100 492 2154 linguae
516 2103 598 2144 etc.
643 2099 809 2142 Verum
843 2113 927 2140 11011
952 2098 1204 2150 diffiderem,
1239 2100 1285 2143 P.
1311 2098 1617 2141 Prouintialem
1652 2112 1676 2141 a
1702 2099 1746 2141 P.
1771 2099 1818 2141 T.

46 2165 285 2208 excitatum
327 2167 521 2208 rationes
564 2165 812 2208 commodas
855 2165 1049 2207 inuenire
1089 2178 1230 2219 posse,
1273 2165 1426 2218 quibus
1459 2164 1597 2219 pauci,
1636 2167 1684 2207 ut
1717 2164 1818 2208 dixi.

46 2244 98 2273 ea
130 2231 465 2281 conscriberent,
506 2245 618 2285 quae
652 2245 748 2273 cum
781 2230 909 2272 laude
941 2230 983 2271 111
1016 2231 1232 2284 publicum
1267 2231 1589 2283 euulgarentur.
1654 2229 1745 2279 Qua
1778 2229 1818 2271 in

45 2310 93 2339 re
137 2296 170 2339 si
214 2300 258 2340 et
300 2299 508 2350 quantum
551 2297 598 2340 P.
632 2296 785 2339 Natali
825 2295 883 2338 sit
924 2295 1215 2347 deferendum,
1259 2295 1306 2339 P.
1331 2296 1377 2338 T.
1421 2295 1696 2337 iudicandum
1739 2309 1819 2348 ego

45 2361 308 2416 relinquam:
343 2365 461 2404 certe
494 2362 637 2404 illiusb
671 2361 873 2404 iudicium
897 2361 1182 2415 magnifacio:
1217 2361 1292 2403 sed
1317 2360 1554 2403 consultius
1581 2360 1673 2402 sore
1697 2360 1817 2411 duco,

46 2431 94 2471 ut
125 2441 180 2470 ex
213 2427 481 2470 authoritate
514 2427 560 2471 P.
585 2427 867 2470 Prouintialis
898 2427 1034 2470 nostri
1079 2441 1149 2468 res
1181 2429 1277 2469 tota
1319 2426 1517 2480 pendeat,
1562 2426 1632 2479 qui
1665 2440 1742 2480 per
1773 2440 1819 2468 se

45 2506 232 2546 suosque
265 2492 542 2535 Consiliarios
584 2496 629 2535 et
661 2492 894 2547 deputatos
935 2492 978 2533 in
1016 2492 1097 2533 hac
1131 2491 1346 2546 prouintia
1379 2505 1580 2534 censores
1613 2491 1817 2533 librorum

47 2558 173 2601 facile
205 2558 426 2607 iudicabit,
460 2558 614 2612 quibus
646 2557 784 2600 modis
806 2571 876 2599 res
898 2557 1090 2600 inchoari
1125 2560 1168 2599 et
1200 2556 1379 2611 prouehi
1402 2556 1666 2599 commodius
1689 2560 1818 2610 queat

46 2623 100 2666 ad
133 2622 356 2666 Ecclesiae
388 2623 635 2666 utilitatem.
683 2623 892 2677 Superest
925 2624 972 2665 ut
1003 2636 1072 2664 me
1104 2624 1243 2664 totum
1278 2624 1322 2664 et
1345 2635 1519 2664 causam
1545 2625 1819 2676 praesentem

45 2692 297 2732 reuerenter
322 2689 366 2732 P.
383 2689 430 2731 T.
448 2689 777 2739 commendem⁰,
803 2701 913 2741 quae
931 2701 1008 2742 pro
1026 2686 1149 2729 nobis
1173 2687 1390 2729 dominum
1414 2687 1583 2741 precari
1602 2687 1817 2740 dignetur.

49 2753 280 2809 Oeniponti
314 2754 410 2797 Kal.
435 2754 652 2808 Septemb.
681 2755 807 2796 1574.

876 2818 918 2860 P.
952 2818 1001 2860 T.

1317 2877 1533 2930 .]ndignus
1566 2878 1678 2919 filius

1300 2949 1455 2990 Petrus
1489 2948 1695 2992 Canisius.

165 3044 194 3071 a)
217 3043 354 3074 Sequitur
374 3042 523 3075 putarem,
545 3051 560 3065 a
584 3044 611 3066 (⁴.
633 3043 723 3066 oblist.
817 3042 846 3066 b)
870 3043 1008 3073 &equilus
1029 3049 1077 3074 op.
1098 3043 1186 3065 nblw.
1280 3049 1305 3067 01
1328 3042 1466 3072 Sequitur
1487 3048 1567 3070 max,
1588 3042 1674 3066 mmm,

173 3161 179 3179 ¹
209 3160 345 3194 Paulus
372 3159 553 3194 Hoffaeus.
