2051 3433
190 128 274 169 378
312 125 412 160 1967.
434 124 518 159 Can.
535 124 582 158 M.
596 123 723 159 Sittico
736 125 780 160 ab
792 124 1031 160 Hohenembs.
1060 124 1144 159 Dec.
1160 124 1262 159 1576.
1296 124 1397 160 1968.
1410 124 1495 160 Can.
1510 124 1657 160 Alberto
1670 125 1711 161 V.
1740 126 1813 161 Ian.
1828 127 1929 162 1577.

188 240 288 283 haec,
324 244 466 286 praeter
501 240 582 279 aliav
618 241 952 286 praecipiebantur:
994 241 1049 283 „Si
1086 241 1262 286 preghera
1289 241 1324 276 S.
1353 241 1501 276 Altezza
1536 243 1920 278 instantissimamente
1947 254 1967 277 a

190 294 290 328 voler
317 295 523 335 concedere,
551 293 616 328 che
643 294 734 328 d'un
754 298 959 329 monastero
986 296 1018 329 di
1040 294 1213 328 monache
1239 295 1352 339 pocho
1379 295 1494 329 buone
1513 296 1547 329 in
1568 296 1767 330 Costanza'
1794 297 1825 331 si
1851 297 1968 331 faccia

187 358 236 380 un
261 351 465 381 monastero
484 358 617 381 ovvero
636 347 790 390 collegio
816 348 1033 382 buonissimo
1053 348 1086 381 di
1108 347 1267 381 Gesuiti“
1300 347 1526 392 (Senassais-S,
1552 349 1662 384 Nunt.
1683 350 1714 383 V
1742 351 1827 384 555¹
1853 351 1967 390 578¹).

188 399 234 434 Et
261 401 387 434 Fortia
415 400 635 443 ingolstadio
662 401 694 435 9.
713 399 922 435 Decembris
951 401 1041 435 1576
1069 400 1196 435 Sittico
1222 400 1415 446 *scripsitz
1451 401 1606 443 „Questa
1632 404 1784 437 mattina
1811 405 1831 436 a
1857 405 1968 448 punto

188 452 212 486 il
241 453 355 487 Padre
383 454 526 488 Canisio
554 453 657 487 m'ha
683 453 820 498 isposto
848 454 872 488 il
899 454 1075 488 desiderio
1102 454 1205 499 pieno
1235 455 1269 488 di
1296 455 1403 499 pieta,
1431 458 1467 489 et
1485 456 1754 499 magnanimita,
1782 456 1847 490 che
1872 457 1968 490 tiene

189 506 231 541 V.
252 506 286 541 S.
306 507 558 542 Illustrissima
594 507 628 541 di
656 507 787 541 vedere
822 508 975 541 formato
1014 520 1059 541 un
1088 507 1248 551 Collegio
1284 508 1337 542 de'
1365 507 1473 542 Padri
1502 508 1656 543 Giesuiti
1692 510 1726 543 in
1755 509 1966 549 Constanza,

188 560 470 594 accennandomi
489 561 522 594 di
549 561 619 605 piu,
648 560 713 594 che
740 561 776 594 in
803 560 911 594 breve
930 562 976 595 mi
996 563 1079 595 sara
1098 561 1347 595 commandato
1367 562 1400 595 di
1427 561 1505 596 fare
1532 574 1656 607 presso
1679 563 1714 597 al
1732 562 1968 596 Serenissimo

189 614 369 648 Arciduca
405 613 630 648 Ferdinando
666 613 774 658 quell’
803 614 945 656 offiicio,
982 614 1047 649 che
1082 626 1190 659 possa
1225 615 1420 657 agevolare
1457 619 1584 659 questo
1620 617 1678 660 pio
1705 616 1872 660 disegno‘
1907 618 1968 654 (ex

187 667 324 701 recenti
359 667 565 712 apographo
593 668 840 706 commentarii
869 667 925 701 vel
952 680 1075 712 apogr.
1105 667 1264 702 eiusdem
1292 669 1475 713 temporis,
1513 669 1606 712 quod
1634 672 1689 703 est
1714 670 1749 703 in
1776 670 1852 704 cod.
1880 681 1966 703 rom.

191 720 334 762 „Germ
356 721 431 755 Vol.
452 721 531 755 82³“
563 721 587 754 f.
608 721 683 763 82).
726 720 852 764 Neque
877 723 1000 755 tamen
1027 722 1220 765 quicquam
1247 723 1334 755 tunc
1357 722 1498 765 quidem
1519 723 1685 756 effectum
1705 725 1779 763 θεῖς
1807 722 1966 757 Helvetii

190 775 283 807 enim
311 774 553 814 obsistebant;
590 785 624 808 V.
653 775 699 808 K.
728 774 864 816 Ltc'tolf,
901 774 969 807 Zur
996 774 1356 818 Gegenreformation
1393 775 1428 808 in
1465 775 1528 809 der
1557 775 1780 809 Konstanzer
1806 775 1968 817 Diozese,

187 828 222 860 in
253 827 508 870 „Katholische
534 826 912 861 Schweizer-Blatter“
943 827 986 868 X,
1013 827 1150 861 Luzern
1180 828 1282 869 1894,
1309 828 1389 862 467.

187 948 342 985 1967.
409 949 627 985 CANISIUS
646 949 822 984 cardinali
849 948 1087 985 MARCss
1117 948 1398 986 SITTIO«)
1419 948 1512 985 AB
1533 948 1960 985 HOHENEMBS

377 1003 544 1048 episcopo
571 1003 722 1048 principi
750 1003 1011 1038 constantiensi
1038 1002 1172 1037 Romae
1199 1003 1356 1047 degenti.

1011 1068 1233 1112 lngolstadio
1260 1081 1306 1104 m.
1327 1069 1518 1104 Decembri
1549 1069 1604 1112 (ut
1624 1069 1785 1112 videtur)
1815 1070 1917 1104 1576.

306 1133 361 1167 Ex
389 1132 524 1168 Canisii
550 1133 776 1179 autographa
803 1134 847 1168 ad
873 1133 1140 1168 Mercurianum
1167 1134 1335 1179 epistula,
1363 1135 1406 1168 de
1432 1146 1502 1179 qua
1528 1134 1633 1176 infra,
1661 1147 1716 1180 ep.
1741 1134 1846 1169 1973.

310 1212 511 1254 Canisius
534 1213 795 1267 Inyolstaolio
818 1214 887 1254 10.
907 1213 1064 1254 Mart-ii
1081 1214 1169 1254 15¹7
1173 1214 1198 1254 7
1221 1213 1495 1255 Meroen-iano
1511 1215 1754 1268 praeposito
1775 1215 1965 1268 qenercili

187 1279 380 1332 scripsit:
413 1279 466 1320 Se
498 1278 620 1319 modo
653 1278 870 1320 cardinali
892 1278 1053 1319 Rebiba
1086 1280 1330 1333 scripsisse:
1368 1280 1506 1333 „Alijs
1541 1280 1849 1321 Cardinalibus
1883 1293 1963 1333 eyo,

188 1343 300 1398 quod
322 1344 465 1396 sciam,
495 1348 591 1397 post
613 1344 806 1384 ultimam
832 1344 1200 1397 Conqreyationcm
1229 1358 1313 1385 non
1336 1345 1501 1399 scripsi,
1530 1345 1617 1385 nisi
1641 1345 1964 1396 Constantiensi,

187 1409 542 1463 quemadmodum
590 1409 638 1451 P.
683 1409 945 1450 Posseuinus
990 1407 1266 1464 postulauitf‘
1343 1409 1461 1450 Haec
1509 1411 1547 1450 si
1594 1424 1685 1451 cum
1735 1411 1810 1462 iis,
1860 1424 1966 1465 quae

188 1487 320 1528 supra
360 1488 404 1528 p.
439 1474 527 1514 377
574 1474 687 1515 dicta
732 1479 851 1526 sunt,
897 1476 1135 1527 contuleris,
1178 1474 1307 1527 facilc
1352 1476 1597 1527 conieccris,
1650 1475 1871 1516 Canisium
1917 1475 1966 1516 de

187 1540 351 1594 colleyio
374 1541 678 1581 constantiensi
700 1541 958 1581 instituendo
982 1540 1124 1581 eodem
1144 1539 1237 1593 fere
1258 1544 1450 1594 tempore,
1486 1554 1564 1595 quo
1590 1541 1747 1582 decano
1770 1546 1966 1582 constan-

186 1605 313 1646 tiensi
344 1606 527 1659 scripsit,
562 1606 783 1646 cardinali
816 1619 974 1660 qaoque
1007 1606 1240 1659 scripsisse.

186 1735 342 1773 1968.
420 1737 639 1773 CANISIUS
667 1736 998 1774 ALBERTO
1028 1737 1088 1773 V.
1117 1737 1295 1772 Bavariae
1322 1738 1417 1772 duci.

1195 1803 1417 1847 Ingolstadio
1444 1803 1546 1838 initio
1572 1804 1729 1838 Ianuarii
1757 1815 1788 1838 a.
1813 1805 1915 1840 1577.

305 1880 358 1914 Ex
398 1880 489 1914 libro
520 1879 592 1922 „De
619 1880 734 1914 Maria
761 1880 912 1924 Virgine
949 1880 1230 1925 incomparabili,
1267 1883 1303 1915 et
1329 1880 1394 1915 Dei
1421 1880 1605 1916 Genitrice
1639 1883 1882 1915 sacrosancta.
1902 1907 1909 1915 .
1931 1907 1938 1915 .
1958 1908 1965 1915 .

185 1934 321 1968 Autore
339 1933 380 1968 D.
402 1935 505 1968 Petro
528 1935 672 1968 Canisio
692 1933 883 1968 Societatis
902 1934 982 1968 lesu
1001 1934 1219 1976 Theolog0“‚
1246 1934 1459 1977 Ingolstadii
1476 1936 1578 1976 1577,
1605 1934 1630 1969 f.
1649 1933 1686 1952 **
1699 1934 1823 1968 2³-**
1834 1935 1872 1968 5b
1887 1933 1966 1976 (A).

185 1987 378 2022 Praeterea
417 1987 544 2021 harum
583 1987 787 2021 litterarum
827 1987 1033 2032 exemplum
1062 1987 1123 2031 (Β)
1151 1999 1259 2022 manu
1298 1988 1423 2031 ignota
1461 1999 1564 2029 ann0,
1603 1990 1641 2021 ut
1682 1988 1834 2029 videtur,
1876 1988 1966 2022 1572

183 2041 358 2086 scriptum
397 2044 433 2075 et
471 2052 491 2075 a
527 2041 670 2075 Canisio
710 2041 786 2085 ipso
818 2040 1018 2086 Oeniponte
1057 2053 1149 2074 anno
1187 2042 1278 2075 1574
1317 2041 1481 2086 plurimis
1520 2041 1606 2076 locis
1641 2041 1700 2075 vel
1737 2042 1965 2075 emendatum

184 2094 242 2129 vel
278 2093 536 2139 amplificatum
574 2096 697 2128 exstat
731 2094 900 2138 Dilingae
936 2095 971 2128 in
1007 2094 1224 2129 bibliotheca
1259 2094 1364 2139 lycei,
1400 2095 1434 2129 in
1472 2095 1601 2129 Codice
1640 2094 1738 2137 ,XV.
1767 2095 1870 2135 238&
1905 2094 1966 2138 qui

184 2147 314 2193 Operis
349 2147 456 2182 huius
483 2147 636 2181 Mariani
677 2151 815 2192 partem
852 2147 1005 2192 priorem
1043 2148 1213 2189 continet,
1249 2148 1273 2183 f.
1305 2149 1446 2189 1³—4b;
1487 2147 1690 2193 exemplum
1729 2147 1796 2182 hoc
1831 2148 1968 2192 aliquot

183 2201 294 2236 habet
310 2201 478 2241 lacunas;
497 2212 589 2245 quae
608 2213 687 2235 cum
708 2213 843 2246 parvae
862 2201 935 2235 sint
953 2204 990 2235 et
1007 2201 1113 2235 facile
1133 2201 1271 2246 expleri
1291 2203 1440 2247 possint,
1467 2201 1526 2236 hic
1545 2214 1612 2235 non
1629 2204 1966 2235 commemorantur.

185 2255 224 2288 ln
261 2255 421 2289 secunda
456 2266 598 2299 quoque
625 2254 755 2299 Operis
782 2254 935 2289 Mariani
971 2255 1137 2296 editione,
1173 2267 1265 2299 quae
1301 2266 1382 2289 cum
1417 2255 1523 2289 titulo
1554 2254 1678 2297 „Alter
1705 2255 1838 2289 Tomus
1865 2254 1966 2288 Com-

184 2308 439 2342 mentariorum
478 2308 520 2342 de
548 2308 656 2342 Verbi
685 2308 749 2342 Dei
777 2308 1004 2353 corruptelis,
1041 2309 1218 2343 adversus
1254 2320 1368 2343 novos
1403 2311 1439 2342 et
1465 2312 1610 2343 veteres
1637 2308 1876 2342 Sectariorum
1915 2320 1965 2341 er-

184 2373 292 2396 rores.
314 2388 322 2396 .
342 2387 349 2396 .
370 2388 378 2396 .
418 2361 579 2395 Authore
605 2361 648 2397 D.
667 2362 772 2395 Petro
802 2363 968 2396 Canisio“
1000 2362 1213 2405 ingolstadii
1244 2362 1334 2396 1583
1354 2363 1388 2396 in
1416 2362 1530 2396 lucem
1559 2361 1701 2406 prodiit,
1729 2361 1796 2396 hae
1823 2361 1966 2395 litterae

183 2416 330 2449 exstant
351 2414 391 2457 (f.
412 2426 433 2449 a
451 2416 559 2449 2³-a
571 2416 633 2459 5³),
649 2415 809 2449 nonnihil
829 2418 951 2449 tamen
969 2415 1182 2449 immutatae
1202 2415 1274 2458 (C),
1303 2417 1338 2449 et
1357 2415 1463 2449 valde
1482 2414 1678 2449 verisimile
1698 2418 1764 2455 est,
1784 2414 1965 2449 Canisium

182 2469 300 2512 ipsum
335 2468 387 2502 ita
422 2479 484 2503 eas
519 2468 742 2503 immutasse.
794 2467 893 2509 Quae
929 2469 1015 2503 item
1051 2469 1191 2513 positae
1226 2472 1311 2503 sunt
1345 2468 1380 2502 in
1408 2468 1567 2502 eiusdem
1595 2468 1723 2513 Operis
1750 2468 1966 2502 editionibus

187 2522 339 2556 Parisiis
365 2523 402 2555 et
429 2521 595 2565 Lugduni
622 2533 653 2556 a.
675 2521 767 2556 1584
794 2522 913 2556 factis.

304 2605 438 2638 Sancta
469 2605 590 2637 Maria
625 2616 761 2647 semper
796 2605 1019 2648 maoeimeqzie
1052 2604 1204 2637 laudari
1239 2605 1344 2648 debet,
1384 2605 1556 2648 ‘inprimis
1592 2609 1708 2638 antem
1746 2616 1853 2647 nunc,
1889 2615 1964 2637 cnm

183 2658 286 2691 multet
311 2659 342 2691 ei
368 2659 572 2691 obtrectant.
627 2660 747 2700 Quare
777 2659 946 2692 Canis-ius
971 2658 1036 2692 hoc
1062 2658 1211 2702 „bellum
1239 2658 1465 2691 nncrianum“
1496 2660 1658 2701 suscvpit.
1698 2658 1866 2691 Albertus
1892 2659 1967 2690 eius

182 2711 223 2743 de
250 2712 385 2744 Ioanne
411 2712 578 2754 Baptista
604 2712 738 2744 librum
765 2713 855 2754 legsit,
889 2713 1047 2744 Mariam
1081 2722 1218 2754 semper
1244 2712 1363 2752 voluit,
1400 2712 1448 2744 ad
1483 2714 1708 2754 ottinyensem
1745 2711 1821 2743 eius
1847 2711 1965 2743 aedem

177 2765 239 2805 pie
265 2765 379 2802 ‹uicin-
408 2765 623 2797 Gw'lielmus
649 2767 723 2797 eins
748 2765 847 2806 filius
873 2770 902 2798 et
929 2765 976 2797 ad
1001 2764 1065 2797 hoc
1083 2769 1112 2797 et
1133 2765 1181 2796 ad
1206 2764 1523 2797 tnntenhusiannm
1543 2766 1617 2797 etus
1642 2765 1806 2806 templum
1827 2763 1966 2806 relsyio-

182 2817 317 2849 sis-sime
338 2819 594 2859 pereyrinatecs
621 2821 677 2851 est.
731 2819 945 2860 Principum
972 2818 1152 2851 Bavariae
1187 2818 1387 2861 sinyularis
1415 2819 1450 2850 in
1479 2818 1638 2850 Mariam
1662 2818 1802 2859 pietas;
1837 2816 1964 2859 templa

184 2871 354 2902 mariana
381 2875 410 2902 ct
437 2871 535 2912 alia;
567 2872 751 2914 principes
784 2872 1005 2914 populusque
1031 2871 1214 2903 Raram-ze
1240 2873 1277 2904 tn
1308 2875 1415 2903 vetere
1443 2871 1511 2912 fide
1537 2874 1744 2903 constantes.
1796 2870 1967 2902 Canisius

183 2927 212 2955 et
239 2927 310 2956 tota
339 2923 496 2956 Societas
522 2925 604 2956 lesu
633 2925 778 2957 Alberto
805 2927 936 2967 totique
962 2925 1144 2957 Bacariae
1165 2925 1366 2966 plurimum
1395 2925 1526 2957 debent.

308 3075 315 3093 ¹
343 3074 547 3118 Significari
567 3076 711 3110 videtur
730 3077 989 3111 monasterium
1011 3075 1066 3118 „S.
1086 3076 1194 3109 Peter
1212 3086 1256 3109 an
1277 3075 1342 3109 der
1361 3075 1490 3117 Fahr“,
1515 3075 1607 3119 quod
1628 3074 1810 3118 virginum
1830 3073 1965 3108 ordinis

184 3125 476 3162 praedicatorum
505 3133 583 3163 erat
612 3129 743 3173 (neque
771 3129 923 3174 collegio
950 3129 1142 3164 Societatis
1168 3129 1341 3163 traditum
1369 3130 1462 3173 est);
1489 3141 1523 3163 v.
1547 3129 1685 3162 Gro'ber
1710 3127 1731 3162 l.
1753 3138 1781 3162 c.
1801 3129 1834 3161 4.
