2051 3433
145 186 230 228 696
771 184 866 218 Mon.
897 184 997 218 1154.
1044 184 1289 218 1573—1722.

144 301 297 335 Iesum
338 300 604 341 Christum,
644 302 687 334 et
726 300 847 335 hunc
887 301 1214 335 crucifixum&
1266 300 1383 334 Tanta
1419 304 1475 334 est
1509 301 1603 334 enim
1639 301 1781 335 diuinae
1807 302 1922 347 Scrip-

142 356 246 388 turae
285 354 521 398 profunditas,
562 357 601 387 vt
640 365 708 387 non
749 354 864 387 solum
903 354 1086 398 simplices
1125 357 1160 387 et
1197 354 1369 394 illiterati,
1409 354 1471 388 sed
1507 354 1615 388 etiam
1654 355 1848 399 prudentes
1887 358 1922 389 et

144 407 241 441 docti
266 419 336 441 non
372 407 477 452 plene
511 406 697 440 sufficiant
723 409 765 441 ad
794 406 891 441 illius
917 407 1194 451 intelligentiam
1231 407 1484 450 indagandam.
1536 407 1687 452 Propter
1713 408 1806 452 quod
1834 408 1922 442 dicit

145 460 340 506 Scriptura,
377 461 469 504 quod
497 459 599 493 multi
627 460 919 494 defecerunt
953 463 1237 494 scrutantes
1273 461 1552 495 scrutini02.
1603 461 1705 495 Vnde
1731 463 1828 495 recte
1854 462 1924 496 fuit

143 514 226 548 olim
266 514 299 547 in
339 514 418 557 lege
457 514 578 547 diuina
617 516 805 554 statutum,
845 516 886 547 vt
925 514 1082 548 bestia
1121 526 1239 557 quae
1278 517 1480 548 montem
1520 514 1771 557 tetigerit,
1809 514 1922 560 lapi-

143 567 328 602 detur⁸z
367 580 411 602 ne
438 566 607 601 videlicet
638 566 790 611 simplex
818 567 950 611 aliquis
977 570 1012 601 et
1038 567 1203 601 indoctus
1230 570 1438 611 praesumat
1464 567 1506 601 ad
1534 567 1770 601 subtilitatem
1798 579 1924 602 sacrae

143 620 349 665 Scripturae
367 621 573 666 pertingere
584 627 607 654 ²².
642 620 821 665 Scriptum
841 625 896 654 est
914 621 1027 655 enim:
1055 621 1248 654 Altiora
1275 624 1319 654 te
1346 633 1398 655 ne
1425 620 1730 664 quaesieris⁴
1751 639 1758 646 ·
1778 623 1924 666 propter

143 675 236 718 quod
279 675 367 709 dicit
408 673 623 719 Apostolus:
666 673 761 707 Non
806 674 915 718 plus
957 686 1128 718 sapere
1171 685 1302 717 quam
1346 676 1541 719 oportet
1583 685 1794 719 sapere,
1835 675 1922 709 sed

142 739 312 772 sapere
348 728 400 761 ad
436 727 821 762 sobrietatem.“⁵
870 728 1007 761 Deinde
1035 729 1263 761 Innocentius
1297 727 1464 769 ostendit,
1501 739 1561 761 eos
1594 728 1689 762 solos
1725 728 1923 762 contionari

142 781 220 815 sive
258 781 323 815 Dei
359 781 508 815 verbum
545 781 752 825 praedicare
787 781 927 822 debere,
963 781 1023 824 qui
1059 781 1125 814 rite
1161 781 1204 814 ad
1232 781 1266 814 id
1303 781 1463 815 officium
1499 781 1629 815 delecti
1665 782 1747 816 sint.
1803 781 1922 823 „Licet

143 837 264 868 autem
300 834 486 875 scientia“,
523 835 584 873 ait,
626 834 692 876 „sit
719 834 825 868 valde
860 834 1065 868 necessaria
1101 834 1349 868 sacerdotibus
1384 835 1427 868 ad
1464 834 1674 876 doctrinam,
1711 835 1795 879 quia
1822 835 1924 868 iuxta

142 888 292 922 verbum
312 887 578 932 propheticum:
607 888 754 921 Labia
780 888 1058 921 sacerdotis
1085 887 1370 921 custodiunt
1395 887 1673 929 scientiam,
1710 891 1755 922 et
1780 888 1922 932 legem

144 941 409 984 exquirunt
435 953 489 974 ex
516 953 594 974 ore
620 940 785 982 eius⁶“,
820 941 997 985 imperitis
1023 941 1271 975 sacerdotibus
1296 953 1367 975 non
1394 952 1473 975 esse
1500 941 1770 982 detrahendum,
1797 942 1858 975 sed
1887 942 1922 975 in

143 994 189 1028 iis
215 1006 356 1038 quoque
381 1006 525 1028 sacrum
551 995 779 1028 sacerdotum
816 994 974 1028 officium
1002 994 1168 1028 honorari
1195 995 1336 1029 debere.
1392 994 1511 1036 „Quod
1538 994 1569 1028 si
1605 995 1696 1029 forte
1722 995 1922 1029 necessitas

143 1048 352 1092 postularet,
380 1051 421 1082 vt
446 1048 616 1082 sacerdos
634 1051 806 1092 tanquam
833 1048 973 1082 inutilis
1000 1048 1061 1081 etb
1087 1048 1257 1091 indignus
1284 1060 1305 1081 a
1332 1060 1416 1082 cura
1442 1049 1565 1091 gregis
1589 1048 1719 1082 debeat
1735 1048 1922 1090 remoueri,

143 1101 321 1144 agendum
358 1103 414 1135 est
446 1101 646 1135 ordinarie⁰
671 1101 765 1146 apud
794 1101 1020 1146 Episcopum,
1057 1102 1101 1135 ad
1137 1101 1239 1135 cuius
1275 1102 1442 1140 officium,
1478 1105 1553 1135 tam
1588 1102 1778 1142 institutio,
1814 1113 1922 1145 quam

143 1155 330 1189 destitutio
368 1155 593 1189 sacerdotum
632 1155 793 1189 noscitur
831 1154 1043 1200 pertinere.“
1106 1155 1206 1189 Haec
1240 1157 1326 1189 sunt
1361 1156 1396 1188 in
1432 1155 1548 1199 Opere
1588 1155 1840 1196 catechistico;
1876 1167 1921 1189 ex

143 1208 272 1252 quibus
299 1208 419 1242 verbis
445 1219 532 1242 sane
558 1220 672 1250 nem0‚
699 1208 761 1252 qui
787 1220 833 1242 ex
859 1219 974 1252 aequo
1003 1211 1039 1242 et
1066 1208 1158 1242 bono
1184 1208 1344 1242 iudicare
1370 1208 1538 1249 voluerit,
1565 1208 1712 1252 colliget
1739 1208 1921 1243 Canisium

143 1261 328 1296 docuisse:
370 1262 598 1304 „Lectionem
626 1262 757 1296 Sacrae
787 1261 994 1306 Scripturae
1028 1274 1097 1295 non
1126 1264 1265 1295 tantum
1303 1274 1372 1296 non
1411 1273 1491 1296 esse
1525 1262 1662 1302 utilem,
1700 1262 1762 1296 sed
1798 1262 1923 1296 multis

142 1315 257 1349 modis
294 1315 530 1360 perniciosam
559 1315 778 1350 Ecclesiae“.
829 1315 941 1349 Recte
968 1317 1182 1350 Fridericns
1208 1317 1348 1349 Hui-ter
1382 1316 1519 1350 duobus
1555 1315 1658 1350 annis
1694 1319 1778 1349 ante
1813 1327 1920 1360 quam

143 1380 188 1402 ex
229 1369 526 1413 protestantismo
565 1368 600 1403 in
639 1369 829 1403 ecclesiam
872 1368 1086 1403 catholicam
1126 1369 1299 1409 redisset,
1343 1369 1386 1403 de
1424 1369 1492 1403 hac
1530 1369 1728 1403 Innocentii
1767 1369 1923 1414 epistula

142 1423 309 1467 scripsit:
350 1422 419 1465 „Es
444 1423 493 1456 ist
530 1422 621 1463 klar,
658 1421 729 1456 dass
766 1435 803 1456 er
839 1422 895 1456 die
922 1422 1204 1466 Unterweisung
1239 1423 1302 1456 der
1329 1422 1530 1465 Glaubigen
1566 1434 1631 1456 aus
1667 1423 1729 1457 der
1763 1422 1922 1466 heiligen

142 1475 280 1510 Schrift
305 1476 445 1516 wollte;
483 1476 555 1510 und
591 1487 629 1510 es
656 1487 731 1510 war
765 1475 866 1510 nicht
900 1475 1036 1509 sowohl
1074 1475 1130 1510 die
1156 1476 1438 1520 Uebertragung
1463 1476 1498 1510 in
1534 1476 1590 1510 die
1616 1476 1920 1521 Landessprache,

142 1529 278 1563 welche
314 1541 353 1563 er
377 1529 621 1573 missbilligte,
657 1529 811 1564 sondern
847 1530 931 1563 dass
966 1529 1124 1563 dieselbe
1160 1529 1271 1564 durch
1308 1530 1410 1564 einen
1438 1529 1713 1571 Unbekannten,
1750 1530 1828 1564 dem
1856 1530 1922 1564 Be-

143 1582 368 1627 glaubigung
393 1584 452 1617 fiir
475 1583 709 1627 Tiichtigheit
733 1583 805 1617 und
825 1582 1006 1626 Befugnifi.
1033 1582 1138 1617 hiezu
1164 1583 1314 1626 abgehe,
1341 1595 1427 1628 seye
1453 1586 1725 1617 unternommen
1752 1583 1917 1617 worden‘

146 1635 381 1678 (Geschichte
419 1637 533 1682 Papst
571 1636 747 1671 Innocenz
774 1636 836 1671 des
874 1636 1018 1670 Dritten
1057 1637 1128 1670 und
1166 1636 1285 1670 seiner
1320 1636 1574 1681 Zeitgenossen
1610 1637 1691 1677 112,
1731 1636 1920 1680 Hamburg

144 1689 246 1730 1842,
275 1690 372 1733 262).

261 1743 342 1778 Alio
373 1743 491 1786 „Fidei
528 1744 626 1778 Iesu⁴⁴
659 1743 736 1777 loco
772 1743 820 1788 (p.
850 1743 933 1785 399)
965 1743 1130 1778 Canisius
1166 1743 1346 1777 inducitur
1382 1743 1469 1777 haec
1496 1743 1647 1778 docens:
1688 1743 1918 1786 „Orationem

142 1796 366 1831 Dominicam
401 1797 586 1831 fundimus
612 1797 784 1831 sanctis“.
837 1796 935 1831 Haec
960 1808 1047 1831 sane
1073 1797 1254 1831 sententia
1280 1796 1435 1841 pessime
1461 1799 1575 1838 sonat,
1607 1808 1687 1831 cum
1714 1797 1765 1830 ita
1791 1797 1921 1831 debeat

143 1850 203 1884 vel
228 1850 358 1884 saltem
393 1852 509 1895 possit
535 1850 660 1895 accipi,
695 1853 736 1884 ut
761 1850 995 1894 significetur,
1031 1862 1052 1884 a
1078 1849 1266 1884 catholicis
1294 1850 1445 1884 Sanctos
1480 1850 1626 1895 perinde
1662 1852 1770 1894 atque
1801 1851 1919 1894 ipsum

142 1903 257 1938 Deum
283 1903 444 1938 invocari
472 1906 508 1938 et
533 1903 701 1938 honorari
727 1906 835 1947 atque
863 1905 914 1938 ita
940 1916 1003 1948 pro
1030 1904 1096 1937 diis
1123 1903 1257 1937 haberi.
1302 1903 1375 1936 Iam
1403 1915 1489 1937 vero
1516 1905 1551 1937 in
1578 1903 1719 1948 paginis
1741 1903 1917 1947 („foliis“)

143 1957 186 1992 81
217 1960 253 1991 et
278 1958 324 1991 82
343 1956 472 2002 Operis
499 1957 735 1999 catechistici,
763 1969 855 2001 quae
882 1958 916 1990 in
940 1957 1044 1999 „Fide
1071 1958 1172 1991 Iesu⁴⁴
1196 1959 1447 1998 memorantur,
1474 1958 1617 2001 integra
1635 1957 1776 2001 quidem
1797 1959 1922 1991 exstat

146 2011 356 2053 „Summae“
387 2010 593 2045 canisianae
628 2011 791 2045 doctrina
817 2011 860 2044 de
887 2010 1098 2045 Sanctorum
1126 2011 1367 2053 veneratione,
1402 2022 1519 2054 neque
1546 2022 1631 2044 vero
1665 2010 1778 2044 ullum
1814 2010 1921 2044 huius

144 2065 350 2099 sententiae
393 2065 588 2108 vestigium
632 2067 835 2109 comparet;
887 2065 994 2098 immo
1036 2064 1142 2109 plane
1184 2064 1358 2103 traditur,
1400 2075 1628 2108 nequaquam
1672 2075 1692 2098 a
1734 2063 1921 2098 catholicis

146 2118 320 2160 „Sanctos
346 2130 409 2163 pro
435 2118 515 2163 Dijs
541 2118 693 2157 adorari,
730 2121 916 2152 creaturas
942 2118 1094 2152 creatori
1126 2118 1365 2161 exaequari“;
1401 2117 1552 2151 Sanctos
1578 2117 1670 2151 enim
1698 2117 1921 2157 invocamus,

144 2184 235 2215 „non
261 2183 349 2206 sane
375 2174 416 2206 vt
441 2184 505 2216 per
530 2184 569 2206 se
596 2172 806 2216 largiantur,
833 2172 896 2206 scd
924 2174 965 2205 vt
990 2171 1084 2216 apud
1112 2171 1225 2205 Deum
1252 2171 1368 2205 omnis
1395 2171 1476 2205 boni
1503 2171 1711 2214 largitorem
1734 2171 1920 2205 nobiscum

141 2228 343 2270 precentur,
379 2225 524 2270 sintque
560 2225 618 2259 vel
653 2225 926 2260 immerentibus
961 2225 1126 2259 fauentes
1162 2226 1197 2258 et
1223 2224 1389 2258 efficaces
1415 2225 1709 2258 intercessores“.
1760 2224 1859 2258 Haec
1886 2224 1920 2257 in

142 2279 271 2324 Operis
297 2278 523 2313 catechistici
549 2280 667 2323 capite
693 2279 811 2321 tertio,
840 2279 932 2322 quod
957 2279 1019 2320 ,de
1047 2278 1224 2312 charitate
1251 2281 1285 2312 et
1305 2277 1495 2321 decalogo“
1518 2281 1583 2318 est,
1610 2278 1797 2318 dicuntur;
1823 2280 1920 2311 ante-

141 2333 238 2367 cedit
271 2334 391 2366 autem
422 2335 551 2377 „caput
585 2333 780 2366 secundum
816 2332 859 2365 de
895 2343 958 2376 spe
996 2333 1033 2365 et
1068 2332 1227 2365 oratione
1262 2331 1476 2371 dominica“;
1515 2332 1549 2365 in
1576 2343 1646 2375 quo
1671 2331 1747 2371 hoc,
1779 2333 1922 2376 praeter

141 2385 223 2426 alia,
259 2385 426 2420 docetur:
463 2386 634 2419 Oratione
670 2385 847 2419 dominica
879 2384 1102 2419 Christianos
1139 2396 1183 2418 ex
1218 2385 1331 2429 ipsius
1369 2384 1503 2419 Christi
1538 2385 1761 2430 praescripto
1800 2396 1921 2429 „spem

140 2450 243 2473 suam
270 2450 312 2473 ac
339 2442 423 2473 vota
449 2440 524 2473 Deo
551 2439 769 2483 explica1·e“,
795 2450 911 2482 neque
937 2438 1011 2472 ulla
1038 2438 1250 2473 Sanctorum
1277 2439 1318 2472 fit
1344 2438 1477 2472 mentio
1505 2439 1554 2483 (p.
1574 2438 1651 2481 47).

261 2498 408 2537 Deinde,
445 2501 484 2532 ut
519 2498 666 2532 tertium
694 2499 840 2532 afferam
869 2497 1084 2543 exemplum,
1123 2498 1154 2531 in
1187 2497 1293 2539 „Fide
1321 2498 1421 2532 Iesu“
1451 2498 1698 2542 significatur:
1729 2497 1789 2540 „ln
1815 2509 1922 2542 opere

141 2552 376 2586 catechistico
395 2552 548 2586 Canisii“
571 2564 603 2597 p.
627 2552 719 2595 (fol.)
740 2552 786 2586 44
805 2552 894 2586 haec
912 2551 1105 2585 affirmari:
1139 2550 1267 2593 „Sacra
1285 2551 1469 2596 Scriptura
1488 2552 1522 2584 in
1542 2551 1625 2592 illis,
1652 2562 1743 2595 quae
1762 2551 1923 2585 continet

142 2607 178 2639 et
204 2606 379 2650 proponit,
407 2607 462 2639 est
489 2605 601 2639 veluti
627 2616 738 2639 nasus
765 2616 913 2639 caereus
940 2616 1009 2638 non
1036 2604 1212 2649 praebens
1238 2607 1372 2638 certam
1401 2605 1558 2648 aliquam
1586 2607 1622 2638 et
1639 2604 1822 2638 immotam
1842 2615 1921 2638 sen-

140 2659 301 2699 tentiam,
337 2659 399 2692 sed
435 2670 526 2702 quae
562 2659 596 2692 in
625 2659 790 2702 quamuis
818 2658 1149 2702 interpretationem
1186 2658 1282 2691 flecti
1319 2659 1458 2702 potest¹⁴
1492 2658 1540 2702 (p.
1561 2658 1779 2701 216—217).
1830 2657 1921 2699 Quid

141 2712 253 2755 igitur
278 2711 339 2746 illo
376 2712 452 2746 loco
465 2714 483 2746 ἱ)
535 2711 635 2753 Quod
672 2713 714 2746 ad
744 2712 855 2745 verba
881 2711 1020 2752 attinet,
1057 2711 1145 2745 nihil
1173 2711 1215 2745 de
1246 2722 1353 2753 „naso
1380 2712 1539 2751 caereo“,
1576 2711 1665 2745 nihil
1693 2711 1735 2745 de
1761 2710 1921 2755 reliquis.

142 2765 242 2807 Quod
282 2765 324 2799 ad
361 2777 419 2799 res
455 2766 572 2809 ipsas,
609 2777 718 2799 unum
754 2765 911 2799 occurrit
949 2764 1014 2798 hoc
1050 2764 1173 2799 Sancti
1210 2766 1384 2798 Vincentii
1420 2766 1629 2798 Lerinensa’s
1663 2764 1835 2798 monitum
1876 2775 1921 2798 ex

141 2818 329 2852 notissimo
348 2818 425 2852 eius
447 2819 765 2861 „Commonitori0“
789 2818 1031 2862 exscriptum:
1063 2817 1196 2862 „Saepe
1216 2829 1345 2860 magno
1371 2818 1491 2851 studio
1512 2820 1548 2852 et
1566 2829 1705 2851 summa
1723 2818 1922 2851 attentione

142 2872 356 2915 perquirens
382 2883 402 2905 a
429 2871 705 2916 quamplurimis
731 2872 927 2905 sanctitate
954 2874 990 2905 et
1020 2871 1182 2905 doctrina
1209 2871 1477 2915 praestantibus
1504 2870 1603 2911 viris,
1639 2882 1793 2914 quonam
1819 2871 1922 2904 modo

143 2925 277 2968 possim
313 2927 412 2958 certa
448 2925 602 2968 quadam
630 2927 665 2958 et
691 2925 793 2968 quasi
831 2924 992 2968 generali
1020 2930 1056 2957 et
1082 2924 1240 2967 regulari
1268 2925 1337 2964 via,
1374 2923 1583 2958 Catholicae
1620 2924 1702 2958 fidei
1729 2924 1920 2958 veritatem

263 3006 290 3037 a)
311 3007 398 3037 Apud
420 3008 444 3031 B
465 3007 615 3037 sequitur:
638 3005 684 3031 vcl
705 3014 771 3032 eam
793 3006 861 3031 aliis
880 3005 1068 3039 praedicare.
1142 3004 1172 3036 b)
1194 3004 1246 3030 aut
1266 3008 1300 3031 R.
1375 3007 1401 3030 ci
1423 3005 1565 3031 ordinate
1585 3006 1620 3031 B.

270 3129 275 3147 ¹
307 3129 319 3161 l
351 3130 420 3162 Cor
446 3129 477 3167 2,
505 3129 537 3163 2.
661 3131 674 3150 ²
700 3130 748 3164 Ps
775 3130 831 3169 63,
860 3130 891 3163 7.
1016 3130 1028 3149 ³
1055 3128 1153 3162 Hebr
1184 3129 1236 3170 12,
1263 3129 1325 3169 ‘20;
1353 3129 1398 3163 cf.
1421 3129 1474 3163 Ex
1504 3129 1557 3169 19,
1587 3128 1629 3163 12
1659 3128 1711 3162 13.

265 3183 276 3201 ⁴
305 3181 402 3215 Eccli
429 3183 460 3222 3,
488 3182 542 3216 22.
666 3184 679 3201 ⁵
707 3183 795 3217 Rom
825 3183 878 3223 12,
905 3183 937 3217 3.
1062 3182 1075 3201 ⁶
1101 3181 1176 3215 Mal
1204 3182 1237 3223 2,
1266 3183 1296 3216 7.
