2062 3443
449 159 645 194 ltatisbona
673 159 765 192 inter
791 169 835 191 m,
857 156 984 191 Iulium
1012 157 1047 189 et
1074 154 1321 199 Septembrem
1353 155 1453 188 1576.
1747 156 1827 195 30⁸1

59 279 211 322 uiuant
252 281 297 320 et
338 277 418 319 sibi
460 277 668 324 subditos,
712 278 760 317 ut
792 274 911 324 libet,
955 272 1102 314 uiuere
1134 271 1404 326 permittant,
1445 273 1487 313 et
1530 273 1597 312 tot
1639 269 1834 312 oriantur

59 344 280 394 scandala,
325 346 430 395 quot
462 354 689 383 recensere
723 340 796 381 uix
829 341 897 381 est
930 337 1144 392 possibile.
1210 338 1278 378 An
1321 351 1404 377 non
1444 335 1687 378 consultum
1721 334 1836 376 foret

59 409 95 450 si
123 407 430 451 Sanctissimus
454 406 504 450 D.
529 406 583 448 N.
609 420 702 447 cum
730 403 998 458 Principibus
1020 402 1103 444 illis
1127 405 1291 455 ageret,
1327 405 1374 443 ut
1401 401 1603 454 deinceps
1636 400 1689 442 ab
1723 399 1834 440 eius-

60 474 172 515 modi
222 472 504 515 electionibus
547 471 839 513 abstinerent:
886 469 954 510 uel
996 468 1152 510 saltem
1194 466 1492 521 praesentatio
1536 465 1618 507 illis
1665 468 1835 507 tantum

59 539 367 580 concederetur
414 536 603 578 seruatis
651 534 878 577 seruandis
926 533 1114 575 maxime
1163 547 1188 574 a
1240 532 1423 573 concilio
1472 530 1724 572 Tridentino
1769 543 1836 571 re-

64 604 274 657 quisitis1.

181 670 235 711 .6.
273 668 389 710 Raro
414 666 616 721 Episcopi
641 680 742 707 suas
770 665 952 707 uisitant
975 663 1219 712 Dioeceses,
1255 662 1476 703 rarissime
1510 674 1563 702 ex
1587 659 1838 702 uisitatione

59 733 220 787 aliquid
245 734 414 775 fructus
438 732 697 785 decerpitur,
741 730 789 772 Id
823 743 926 772 uero
951 729 1019 770 uel
1042 728 1141 770 inde
1164 727 1377 782 prouenit,
1413 726 1539 780 quod,
1571 739 1682 779 quae
1705 725 1837 767 corri-

0 821 1 827 =
59 799 222 852 genda,
278 811 444 851 quaeue
489 796 723 839 statuenda
767 795 877 845 sint,
930 794 1153 848 ignorent:
1210 794 1277 834 uel
1324 793 1437 845 quod
1482 791 1696 833 industria
1741 804 1837 832 cum

0 902 1 906 ,
61 863 423 918 magnanimitate
458 862 700 910 coniuncta,
737 861 790 902 ad
824 859 1091 912 exequenda,
1132 872 1243 911 quae
1277 860 1521 911 opportuna
1553 859 1667 905 sunt,
1702 854 1744 896 in
1777 855 1840 895 eis

65 929 347 971 desideretur.
414 927 634 981 Optimum
676 926 810 979 igitur
853 928 970 967 esset
1002 924 1037 966 si
1072 926 1186 966 Sum.
1222 923 1427 965 Pontifex
1470 936 1521 963 ea
1564 921 1615 962 de
1657 935 1704 962 re
1743 934 1839 962 cum

60 994 225 1047 aliquot
272 993 428 1034 saltem
472 991 698 1045 Episcopis
741 993 916 1043 ageret,
963 992 1007 1031 et
1057 989 1174 1030 uiros
1223 988 1375 1030 doctos
1418 988 1459 1028 in
1508 987 1588 1028 hoc
1636 985 1839 1027 uisitandi

61 1073 237 1101 munere
270 1058 551 1107 exercitatos,
587 1056 704 1098 zelo
731 1056 854 1097 Dei2
887 1055 1051 1109 plenos,
1087 1056 1132 1096 et
1165 1054 1282 1096 uitae
1305 1052 1561 1105 integritate
1585 1050 1841 1105 conspicuos

61 1124 294 1177 deligeret,
339 1122 411 1176 qui
453 1124 636 1176 accepta
677 1122 730 1163 ab
772 1121 866 1175 ipso
903 1120 1109 1162 Pontifice
1154 1121 1374 1172 potestate
1416 1118 1470 1160 ad
1504 1116 1840 1171 dispensandum

60 1189 104 1230 in
136 1188 298 1239 multis,
332 1187 457 1229 simul
487 1201 583 1228 cum
606 1186 847 1240 Episcopis,
881 1185 951 1227 uel
974 1199 1122 1226 eorum
1150 1184 1333 1237 Vicarijs
1357 1183 1588 1224 Dioeceses
1623 1185 1667 1224 et
1690 1182 1842 1223 Mona-

61 1254 195 1296 steria
236 1253 390 1302 etiam,
433 1253 469 1293 si
511 1251 603 1293 fieri
646 1255 815 1306 posset,
859 1251 1111 1299 uisitarent,
1156 1252 1200 1291 et
1232 1249 1415 1299 abusus,
1455 1248 1526 1301 qui
1558 1248 1840 1301 irrepserunt,

61 1319 290 1369 tollerent,
339 1321 472 1371 atque
516 1317 702 1360 abolitas
745 1319 922 1358 sanctas
964 1315 1300 1357 consuetudines
1345 1317 1389 1356 et
1438 1314 1546 1356 ritus
1591 1316 1680 1354 tam
1728 1312 1843 1353 circa

63 1383 256 1427 habitum
281 1386 325 1426 et
342 1386 565 1425 tonsuram
587 1382 838 1424 clericorum
859 1396 908 1423 ac
926 1381 1185 1435 templorum
1205 1380 1382 1429 cultum,
1403 1393 1530 1432 quam
1551 1378 1664 1419 circa
1683 1377 1843 1419 Missae

67 1448 417 1498 celebrationem,
461 1451 506 1490 et
549 1448 930 1490 Sacramentorum
976 1445 1398 1488 administrationem
1440 1442 1843 1485 restituerent-sic

63 1515 176 1556 enim
218 1515 306 1564 fiet,
349 1516 398 1555 ut
439 1514 492 1555 ab
534 1513 630 1555 istis
673 1513 806 1554 semel
849 1511 1055 1554 uisitandi
1096 1511 1328 1553 Dioeceses
1370 1511 1579 1564 percepta
1623 1507 1843 1557 Methodo,

64 1579 190 1622 facile
233 1579 435 1633 deinceps
478 1578 655 1620 eaedem
697 1577 871 1632 saepius
912 1577 1186 1620 uisitationes
1229 1589 1325 1617 cum
1364 1576 1509 1616 fructu
1541 1574 1843 1616 instituantur.

64 1645 132 1687 Ad
165 1659 290 1698 quem
325 1645 527 1686 effectum
569 1657 843 1698 summopere
877 1643 1151 1693 conduceret,
1190 1642 1224 1683 si
1260 1640 1424 1683 Summi
1458 1639 1679 1682 Pontificis
1710 1638 1843 1689 iussu,

63 1710 251 1752 formula
283 1709 429 1762 aliqua
461 1710 552 1751 siue
585 1709 737 1751 modus
766 1708 970 1751 uisitandi
997 1708 1228 1749 Dioeceses
1261 1706 1453 1748 breuiter
1485 1704 1844 1754 conscriberetur,

67 1780 112 1818 et
144 1775 199 1817 ad
232 1775 427 1828 singulos
451 1774 711 1817 Germaniae
734 1774 974 1828 Episcopos
996 1772 1383 1816 transmitteretur.
1434 1770 1595 1812 Verum
1630 1770 1685 1812 ad
1718 1783 1845 1823 prae-

65 1841 225 1883 dictam
261 1839 567 1882 Visitationem
609 1839 921 1882 instituendam
964 1842 1009 1880 et
1051 1837 1281 1879 formulam
1326 1835 1695 1885 conscribendam,
1739 1848 1848 1888 opus

64 1905 149 1948 erit
181 1905 299 1959 prius
332 1919 358 1947 a
390 1905 543 1960 peritis
577 1908 621 1947 et
652 1904 847 1958 expertis
869 1904 1042 1958 plenam
1067 1916 1223 1957 capere
1250 1901 1601 1943 informationem
1626 1901 1678 1941 de
1703 1899 1845 1953 perni-

64 1971 192 2013 ciosis
224 1971 442 2021 abusibus,
478 1971 550 2023 qui
573 1970 614 2012 in
640 1970 888 2023 Religiones
913 1972 957 2012 et
979 1970 1022 2010 in
1045 1968 1215 2010 Clerum
1240 1967 1533 2021 irrepserunt:
1568 1979 1675 2019 quos
1699 1978 1848 2007 omnes

66 2049 321 2078 enumerare
354 2050 440 2078 non
472 2038 540 2078 est
574 2036 713 2079 facile.

187 2103 241 2146 .7.
285 2101 480 2143 Maxima
521 2101 620 2143 inde
663 2101 834 2149 damna,
877 2103 922 2142 et
963 2098 1236 2141 incommoda
1277 2097 1486 2147 oriuntur,
1531 2096 1644 2150 quod
1686 2094 1847 2150 passim

64 2166 182 2208 nullo
215 2166 307 2208 fere
340 2166 487 2209 habito
522 2166 694 2209 delectu
727 2166 782 2208 ad
814 2180 962 2208 sacros
996 2164 1168 2207 ordines
1201 2168 1245 2205 et
1279 2162 1528 2218 parochiale
1561 2161 1848 2203 ministerium

65 2231 231 2285 indigni
263 2246 442 2286 prorsus
475 2235 757 2274 assumuntur
790 2234 834 2273 et
865 2232 1190 2285 promouentur.
1244 2229 1292 2270 Id
1316 2242 1419 2270 uero
1454 2231 1498 2270 et
1530 2226 1711 2281 penuria
1743 2225 1853 2267 facit

66 2296 363 2339 ministrorum
418 2299 462 2339 et
515 2297 818 2339 Praelatorum
872 2297 1025 2350 ingens
1078 2294 1327 2348 ignorantia
1381 2297 1513 2346 atque
1565 2291 1848 2346 negligentia.

71 2362 208 2404 Priori
242 2366 387 2406 autem
422 2362 557 2404 radici
582 2365 811 2404 occurrent
834 2362 961 2404 facile
984 2360 1221 2403 seminaria
1244 2359 1475 2412 erigenda:
1509 2357 1725 2412 posterior
1747 2371 1851 2399 uero

65 2428 257 2478 tolletur,
301 2428 337 2469 si
371 2427 643 2470 Sanctissimi
677 2428 727 2469 D.
753 2427 807 2470 N.
851 2428 971 2469 iussu
1013 2440 1195 2469 examen
1239 2424 1576 2466 ordinandorum
1620 2424 1664 2465 et
1703 2436 1850 2464 eorum

69 2493 142 2546 qui
175 2493 397 2548 Parochijs
439 2496 541 2535 sunt
573 2492 851 2547 praeficiendi
894 2492 1050 2535 edatur
1083 2494 1128 2534 et
1159 2490 1341 2543 singulis
1375 2489 1577 2532 mittatur
1609 2487 1850 2542 Episcopis.

187 2560 241 2600 ,8.
286 2558 394 2608 Quia
439 2572 462 2600 e
509 2558 832 2613 Synagoga
877 2557 1191 2600 Sathanae3
1235 2555 1397 2597 multos
1442 2553 1635 2608 quotidie
1680 2552 1853 2607 prodire

67 2623 295 2673 cernimus,
340 2623 412 2676 qui
444 2624 533 2665 suis
566 2623 741 2677 scriptis
773 2622 1001 2665 uirulentis
1035 2622 1237 2663 miseram
1275 2619 1547 2674 plebeculam
1583 2618 1851 2667 dementant,

190 2734 200 2754 ¹
227 2734 456 2771 Monasteria.
484 2734 535 2768 ait
562 2734 760 2768 Concilium
786 2733 1048 2772 Tridentinum,
1079 2743 1190 2776 „quae
1218 2731 1252 2765 in
1280 2733 1463 2776 posterum
1491 2729 1685 2768 vacabunt,
1712 2727 1854 2761 nonnisi

68 2787 294 2830 regularibus
320 2790 506 2832 spectatae
533 2788 680 2821 virtutis
706 2790 742 2821 et
768 2786 975 2821 sanctitatis
1002 2786 1244 2821 conferantur.
1297 2784 1419 2826 Quoad
1447 2795 1488 2817 ea
1516 2795 1600 2816 vero
1636 2780 1856 2815 monasteria

69 2851 160 2884 quae
196 2841 316 2886 capita
352 2846 437 2875 sunt
463 2852 505 2875 ac
541 2841 714 2885 primates
740 2840 914 2880 ordinum,
951 2840 1030 2873 sive
1057 2839 1234 2878 abbatiae,
1270 2838 1348 2871 sive
1383 2837 1563 2882 prioratus
1589 2835 1685 2870 filiae
1712 2834 1854 2868 illorum

69 2893 227 2938 capitum
264 2897 527 2939 nuncupantur,
564 2895 756 2927 teneantur
792 2893 842 2927 illi
880 2893 939 2937 qui
977 2892 1012 2925 in
1049 2892 1230 2937 praesenti
1267 2902 1308 2924 ea
1344 2891 1379 2924 in
1407 2889 1654 2924 commendam
1682 2888 1855 2927 obtinent,

68 2947 137 2981 nisi
173 2948 222 2981 sit
256 2948 308 2981 eis
344 2947 387 2981 de
422 2947 579 2991 regulari
607 2958 816 2981 successore
852 2947 1048 2991 provisum,
1084 2945 1179 2978 infra
1206 2956 1271 2978 sex
1298 2955 1440 2978 menses
1475 2942 1685 2985 religionem
1712 2940 1855 2974 illorum

69 3000 233 3034 ordinum
269 3001 447 3045 propriam
476 2999 685 3034 solemniter
719 3000 891 3044 profiteri,
929 3002 991 3033 aut
1019 2999 1062 3033 iis
1089 2998 1236 3037 cede1·e;
1275 2997 1365 3031 alias
1392 2996 1623 3031 commendae
1650 2994 1856 3039 praedictae

70 3053 148 3098 ipso
167 3053 243 3087 iure
262 3065 393 3088 vacare
413 3054 649 3087 censeantur*⁴
666 3067 673 3088 :
701 3052 797 3087 Sess.
817 3053 862 3087 25
889 3053 932 3086 de
956 3052 1070 3095 regul.
1091 3064 1120 3085 c.
1141 3051 1196 3084 21.
1232 3050 1284 3084 De
1303 3050 1442 3084 ratione
1461 3052 1580 3084 autem
1601 3046 1855 3093 praesentandi

71 3107 193 3140 eadem
221 3107 381 3151 synodus
406 3106 520 3140 multa
547 3106 735 3140 constituit
761 3106 856 3141 Sess.
877 3106 931 3147 25,
960 3118 989 3139 c.
1009 3106 1030 3139 9
1058 3105 1101 3138 de
1128 3105 1192 3139 ref.

193 3160 204 3180 ⁹
233 3161 248 3194 1
279 3159 386 3193 Mach
412 3160 443 3201 2,
472 3160 534 3199 54;
563 3161 607 3194 cf.
629 3159 677 3194 Ps
704 3160 760 3201 68,
790 3160 853 3199 10;
885 3161 918 3194 lo
947 3160 978 3199 2,
1008 3159 1062 3192 17.
1211 3158 1223 3177 ³
1251 3157 1327 3201 Apc
1347 3156 1379 3197 2,
1407 3157 1447 3196 9;
1477 3155 1508 3195 3,
1536 3156 1568 3190 9.
