2051 3433
228 166 313 207 446
725 163 830 199 2009.
862 162 1028 197 Canisius
1056 161 1238 196 Everardo
1264 162 1501 197 Mercuriano.

228 283 419 336 degeret.
486 281 651 324 Deinde
693 282 800 323 duos
840 282 997 324 saltem
1040 296 1063 324 e
1105 282 1316 325 societate
1355 282 1436 324 sibi
1468 285 1561 325 toto
1595 297 1707 325 anno
1748 287 2003 338 praesentes

227 362 322 390 esse
355 347 486 402 cupit,
529 361 710 400 quorum
743 347 807 389 uti
850 347 987 401 possit
1019 361 1164 401 opera,
1208 351 1257 390 ut
1290 350 1334 389 et
1365 348 1551 391 salutem
1585 362 1706 391 suam
1750 352 1795 391 et
1827 363 2000 392 suorum

226 413 386 455 rectius
428 416 631 466 procuret
663 411 743 453 hoc
774 414 984 466 tempore,
1021 427 1102 466 quo
1137 412 1285 454 multis
1318 415 1363 454 et
1395 413 1602 465 grauibus
1635 414 1687 455 de
1721 414 1862 457 causis
1894 429 2001 469 opus

226 480 342 520 esset
374 478 554 519 subinde
588 477 850 520 consultare.
904 477 1131 520 Postremo
1164 478 1199 519 si
1233 477 1394 520 Rector
1416 478 1735 521 Monachiensis
1769 479 2001 533 aliquando

225 557 302 585 suo
345 557 521 585 munere
566 543 839 591 liberaretur,
883 542 995 584 hunc
1037 542 1256 597 Monachij
1300 557 1476 585 manere
1518 546 1706 598 optaret,
1750 547 1799 587 ut
1831 545 2001 598 coniugi

225 622 309 650 non
343 608 456 650 desit
487 607 790 649 Confessarius
823 607 1099 661 Lotaringus.

344 673 411 715 Ad
445 687 556 726 quae
588 673 674 715 tria
708 686 994 726 responsurus
1026 673 1106 715 hoc
1133 687 1263 714 unum
1298 673 1544 727 praefabor,
1579 673 1691 716 hunc
1713 674 1852 729 ipsum
1876 675 2003 717 Prin-—

225 738 361 793 cipem
404 739 593 780 nondum
635 752 772 780 annos
804 738 988 791 triginta
1021 741 1186 788 natum,
1230 743 1274 780 et
1306 738 1508 780 morienti
1541 739 1722 782 Alberto
1757 740 1885 794 patri,
1929 740 2001 793 qui

224 804 332 846 satis
365 806 433 846 est
464 803 823 853 ualetudinarius,
858 803 1008 846 statim
1031 803 1075 845 in
1107 803 1424 856 gubernatione
1446 804 1663 846 Bauariae
1685 819 1999 856 successurum,

224 869 266 910 in
298 869 364 910 his
397 882 509 922 quae
550 871 778 922 praestare
820 869 988 922 petenti
1021 882 1249 923 possumus
1282 868 1451 922 officijs,
1486 869 1660 911 minime
1692 870 2000 923 negligendum

223 933 373 984 uideri,
409 948 539 986 quum
572 933 686 976 tanti
718 933 897 984 referat,
931 934 1202 988 praeclaram
1237 933 1353 975 illius
1384 933 1572 975 indolem
1604 935 1648 975 in
1680 934 1762 976 hoc
1789 934 2000 988 singulari

224 1002 267 1041 et
299 999 479 1041 mirifico
512 1001 580 1041 tot
613 998 824 1041 uirtutum
859 999 1088 1052 splendore
1121 999 1339 1052 integram
1374 1012 1645 1043 conseruare.
1699 1000 1900 1042 Dandum
1934 1005 2004 1043 est

223 1064 303 1106 hoc
325 1065 459 1118 ipsius
482 1063 786 1113 imbecillitati,
821 1064 934 1117 quod
957 1065 1066 1106 adeo
1089 1068 1263 1107 nostros
1285 1066 1415 1115 amet,
1451 1068 1499 1106 ut
1521 1069 1801 1107 externorum
1824 1079 2000 1120 operam

223 1129 303 1171 sibi
345 1130 510 1172 seruire
543 1143 628 1171 non
662 1129 822 1183 cupiat,
866 1144 950 1171 uno
983 1130 1140 1172 saltem
1174 1132 1422 1172 nostrorum
1457 1132 1700 1181 contentus,
1743 1130 1780 1172 si
1812 1131 1999 1184 aliquem
2050 1166 2051 1171 ,

222 1194 326 1236 sibia
359 1194 607 1237 adiunctum
642 1195 802 1244 uideat,
845 1194 958 1237 sicut
988 1195 1081 1249 ipse
1124 1197 1327 1237 testatur.
1393 1194 1534 1245 Quare
1568 1196 1809 1238 consultum
1844 1195 2002 1245 iudico,

222 1262 270 1302 ut
319 1260 364 1302 P,
408 1259 689 1302 Prouintialis
737 1260 919 1313 primam
968 1260 1031 1302 illi
1061 1261 1250 1313 gratiam
1300 1261 1534 1310 concedat,
1584 1261 1726 1314 quoad
1771 1261 1863 1303 eius
1906 1261 2001 1303 fieri

221 1327 389 1379 potest,
436 1328 484 1368 ut
529 1325 629 1367 illeb
672 1325 829 1367 saltem
875 1326 987 1367 sacri
1030 1325 1260 1369 Aduentus
1305 1329 1349 1368 et
1390 1324 1759 1379 Quadragesimae
1802 1330 2003 1380 tempore

222 1390 410 1444 aliquem
445 1405 468 1433 e
500 1390 685 1433 nostrisc
717 1390 793 1432 sed
826 1404 910 1432 non
934 1391 1116 1432 eundem
1149 1391 1311 1433 habeat
1343 1392 1730 1434 concionatoremd.

340 1456 405 1497 De
446 1457 636 1498 secundo
679 1455 822 1510 capite
863 1456 950 1497 iam
992 1456 1105 1498 idem
1139 1456 1347 1511 Princeps
1390 1457 1481 1511 egit
1514 1471 1659 1499 coram
1693 1471 1789 1498 cum
1822 1457 1868 1499 P.
1894 1457 2001 1499 Pro-

220 1520 419 1572 uinciale‚
462 1522 535 1575 qui
575 1521 737 1564 multas
781 1521 844 1563 illi
885 1521 1091 1572 rationes,
1136 1536 1212 1564 cur
1243 1521 1287 1564 id
1327 1522 1421 1564 fieri
1463 1537 1546 1563 non
1591 1525 1753 1576 posset,
1797 1522 1998 1573 reddidit,

219 1586 434 1640 simulque
467 1586 654 1640 rogauit,
689 1601 742 1628 ne
775 1587 828 1628 ob
862 1601 958 1629 eam
990 1587 1128 1641 ipsam
1163 1601 1336 1629 causam
1366 1588 1420 1629 ad
1444 1587 1569 1631 Pont.
1593 1588 1742 1630 Max.¹
1773 1587 1999 1638 scriberet,

220 1651 333 1694 sicut
364 1651 436 1693 ille
469 1666 515 1693 se
545 1652 763 1694 facturum
787 1652 1047 1695 minabatur.
1098 1653 1239 1706 Vrget
1261 1667 1374 1694 nunc
1397 1654 1555 1696 iterum
1579 1652 1760 1694 eundem
1795 1653 1996 1707 lapidem,

220 1720 264 1759 et
296 1717 543 1759 ardentiore
577 1717 761 1770 quidem,
805 1721 853 1759 ut
886 1717 1070 1766 uidetur,
1115 1721 1325 1772 concepto
1359 1717 1528 1772 spiritu,
1562 1718 1706 1760 nescio
1740 1731 1848 1771 quas
1880 1718 1999 1775 utili-

219 1785 336 1825 tates
380 1783 479 1824 inde
520 1783 602 1824 sibi
646 1783 878 1837 pollicens,
925 1783 961 1824 si
1007 1798 1138 1825 unum
1184 1784 1264 1825 sibi
1309 1784 1577 1837 Theologum
1625 1784 1775 1837 donar]
1821 1784 1998 1826 sentiat.

220 1848 344 1890 Suasi
391 1862 472 1901 ego
506 1848 552 1891 P.
588 1848 858 1898 Prouintiali,
901 1856 950 1891 ut
991 1849 1214 1902 negotium
1258 1849 1312 1890 ad
1345 1849 1392 1892 P.
1427 1849 1474 1891 Τ.
1508 1848 1706 1899 referret,
1748 1862 1881 1902 seque
1916 1848 1999 1890 hoc

219 1914 344 1955 modo
390 1917 602 1968 purgaret
646 1913 761 1968 apud
803 1914 1068 1968 Principem,
1116 1928 1169 1956 ne
1215 1915 1381 1957 frustra
1424 1914 1582 1957 iterum
1631 1914 1908 1964 contendere,
1955 1916 2001 1956 et

219 1979 419 2032 negando
465 1979 605 2033 magis
653 1993 895 2033 prouocare
940 1979 1155 2022 uideatur.
1232 1979 1354 2028 Quod
1399 1980 1436 2021 si
1480 1979 1604 2021 nobis
1648 1979 1859 2021 molestus
1904 1992 2001 2021 esse

219 2047 389 2097 pergat,
424 2047 468 2086 et
502 2045 547 2087 P.
573 2045 619 2087 T.
646 2058 882 2087 consensus
916 2045 1109 2094 accedat,
1143 2047 1236 2087 tum
1272 2045 1317 2087 P.
1343 2044 1623 2086 Prouintialis
1654 2044 1714 2086 illi
1749 2044 2001 2086 obsistendo

218 2109 324 2151 nihil
366 2123 625 2164 promouere
666 2109 825 2152 iterum
859 2111 1008 2164 possit,
1049 2109 1224 2151 minimo
1259 2110 1521 2152 detrimento
1553 2109 1616 2151 illi
1650 2109 2001 2152 Ρ.1)01111111011ε2

219 2174 463 2226 donabitur,
505 2189 635 2228 quum
670 2175 871 2217 Rectoris
902 2175 975 2217 ille
1008 2181 1200 2226 munus⁰,
1235 2179 1284 2217 ut
1317 2175 1459 2225 credo,
1494 2175 1615 2216 breui
1650 2175 1911 2229 deposuerit,
1955 2178 1999 2217 et

218 2240 260 2281 in
306 2241 489 2294 collegio
532 2240 702 2294 quidem
749 2241 933 2294 exiguus
973 2240 1064 2282 eius
1106 2255 1209 2282 usus
1254 2240 1428 2282 futurus
1472 2254 1566 2282 esse
1611 2240 1843 2283 uideatur‘.
1918 2240 1999 2281 Hic

219 2306 330 2347 enim
371 2309 416 2349 et
454 2305 645 2347 eiusdem
678 2305 903 2359 Principis,
947 2307 992 2347 et
1032 2305 1243 2347 Ducissae
1285 2319 1412 2358 quam
1456 2305 1569 2355 dixi,
1611 2305 1912 2357 Lotaringaess,
1956 2309 2000 2346 et

218 2371 401 2413 aliorum
436 2371 658 2413 Gallorum
691 2370 732 2412 in
768 2371 994 2424 utriusque
1027 2371 1128 2412 aula
1161 2370 1411 2424 degentium
1445 2370 1667 2423 hucusque
1700 2370 1999 2412 Confessarius

217 2439 378 2479 manet.
443 2436 536 2486 Qua
577 2436 747 2478 ratione
792 2436 924 2479 tertio
967 2436 1100 2490 capiti
1145 2437 1345 2486 satisfiet,
1390 2435 1616 2489 minusque
1659 2435 1775 2477 circa
1817 2435 1999 2477 eundem

219 2502 394 2544 Patrem
428 2502 737 2550 laborabimus,
772 2502 843 2555 qui
877 2516 1010 2555 aegre
1043 2501 1262 2554 alioquin„
1281 2503 1330 2543 ut
1363 2514 1528 2550 uereor,
1563 2500 1605 2541 in
1639 2499 1820 2554 collegio
1855 2500 2002 2553 quiete

222 2565 668 2621 conseruabiturbff]
713 2581 842 2619 quum
886 2567 1064 2609 desierit
1096 2580 1192 2608 esse
1225 2567 1398 2609 Rector.
1454 2565 1675 2615 Quomodo
1709 2568 1855 2608 autem
1888 2566 2001 2607 idem

220 2632 263 2673 in
308 2633 409 2675 aula
454 2632 636 2682 uersari,
685 2635 729 2674 et
774 2632 944 2685 quoties
990 2632 1043 2673 ad
1087 2631 1318 2684 collegium
1362 2631 1535 2684 aliquod
1581 2631 1814 2683 quotannis
1858 2630 1999 2672 redire

219 2698 389 2748 debeat,
423 2698 466 2739 id
490 2698 535 2740 P.
561 2697 842 2740 Prouintialis
874 2697 1030 2739 iudicio
1064 2697 1409 2750 prudentiaeque
1434 2696 1761 2749 relinquendum
1796 2695 1999 2749 putarim,

219 2763 290 2815 qui
333 2766 478 2805 certas
520 2763 640 2816 leges
681 2763 744 2805 illi
787 2762 1086 2804 obseruandas
1128 2761 1428 2815 praescribetss
1477 2764 1525 2803 ut
1567 2761 1730 2803 rectius
1772 2761 1813 2802 in
1857 2759 1998 2802 officio

220 2829 500 2871 contineatur
541 2829 653 2870 idem
688 2828 1001 2870 Confessarius.
1068 2827 1229 2868 Verum
1264 2827 1515 2880 priusquam
1559 2827 1665 2868 haec
1697 2825 1844 2880 gratia
1876 2825 2000 2866 Prin-

339 2921 366 2942 111
389 2915 418 2946 b)
442 2917 500 2940 Ilm·
522 2923 543 2939 ν.
565 2924 581 2939 ι(
604 2917 631 2939 C.
652 2924 744 2946 supra
769 2923 881 2939 rvi-snm
909 2916 1050 2946 scriptum
1073 2918 1122 2938 esi.
1211 2914 1237 2940 (⁸)
1264 2915 1332 2937 Tria
1357 2922 1396 2938 rr.
1418 2923 1476 2945 sqq.
1498 2923 1514 2938 (ι
1537 2917 1565 2938 (’.
1589 2914 1616 2937 in
1640 2914 1772 2944 ›meryinc
1798 2912 1902 2935 addila
1923 2914 1999 2935 sunt.

220 2957 250 2987 d)
272 2958 440 2989 Setsmcnlm‘
460 2958 530 2981 hae«-
548 2958 612 2986 sm'e
636 2965 686 2986 riu,
707 2966 723 2981 a
746 2958 774 2981 C.
796 2958 984 2982 oblitterata:
1005 2962 1095 2987 quenl
1116 2962 1177 2980 non
1198 2954 1327 2980 eundem
1350 2962 1418 2979 os>e
1439 2955 1627 2981 conueniret.
1693 2959 1720 2980 o)
1743 2955 1806 2978 lem»
1827 2961 1868 2977 vr.
1890 2961 1947 2983 sqq.
1971 2953 1999 2975 in

218 3000 352 3030 maryine
373 2999 476 3022 addim
497 3001 575 3022 sunt.
671 2998 693 3025 f)
716 3000 738 3022 21
763 3002 790 3023 (Z
812 3007 886 3023 νονν.
907 3007 943 3022 εαι·
964 2997 1096 3022 uidetur.
1180 2999 1210 3027 g)
1233 2998 1402 3027 salmonum·
1422 2998 1492 3021 haec
1514 3005 1565 3026 ιϊ.,
1595 3005 1611 3021 a
1635 2998 1662 3021 Γ.
1685 2996 1870 3019 oblitterata:
1897 2995 2000 3018 manet

220 3039 444 3067 Cornessarius,
465 3039 551 3064 sicut.
628 3038 657 3067 h)
680 3040 743 3070 Niv;
771 3041 820 3063 sed
841 3044 910 3071 [aaa
932 3040 1082 3064 (Hlnisinin
1104 3039 1231 3063 scribere
1256 3039 1395 3061 valuisse:
1415 3036 1658 3063 coiniersabitur.
1734 3036 1753 3068 ἢ
1775 3039 1796 3061 ,1
1821 3038 1848 3060 (2
1870 3043 1935 3059 carl·
1966 3042 2000 3057 ur

220 3080 411 3115 praescrssflt.

344 3171 353 3189 ¹
381 3170 594 3213 (ii-egorium
622 3168 719 3203 XIII.
868 3169 881 3189 ‘-'
907 3168 1110 3211 Menginus.
