2051 3433
195 125 247 166 10
430 122 530 156 1771.
559 120 723 155 canisius
750 121 790 155 P.
809 121 1029 165 Hieronymo
1054 119 1187 154 Natali.
1228 118 1427 162 Oeniponte
1456 116 1509 151 10.
1529 117 1603 151 Ian.
1624 117 1726 151 1572.

310 240 429 281 Idem
472 239 621 282 fauere
665 239 837 282 uidetur
869 238 1037 280 illorum
1072 237 1328 287 sententiae,
1371 235 1442 288 qui
1476 238 1632 288 putant
1664 235 1829 278 licitum
1861 249 1956 277 esse

192 307 463 347 contractum
507 304 808 358 accipientium
842 303 1029 357 quinque
1061 316 1138 356 pro
1172 304 1343 343 centum
1377 300 1546 342 ratione
1577 299 1728 343 mutui.
1791 299 1852 343 At
1883 299 1954 355 alij

192 373 237 412 et
268 370 413 424 plures
446 383 469 411 e
501 369 663 411 nostris
687 368 920 421 Theologi³
942 367 1053 409 hanc
1076 367 1320 421 opinionem
1342 365 1482 407 minus
1503 367 1645 407 tutam
1668 379 1764 407 esse
1786 368 1955 419 putant,

192 434 304 476 sicut
343 437 387 476 et
419 434 687 476 Viennenses
721 432 927 485 Theologi
969 431 1107 474 nostri
1149 446 1174 473 a
1213 429 1440 474 Cardinale
1472 429 1790 472 Commendono
1822 430 1957 473 inter·
2046 454 2051 464 ⁴

192 500 349 552 rogati,
384 513 652 541 communem
675 499 788 540 hunc
814 498 1125 540 Germanorum
1148 498 1419 539 contractum
1444 495 1803 539 damnauerunt&
1849 495 1958 537 Con·
2022 491 2024 494 ’
2050 484 2051 493 ¹

193 565 352 606 sultum
397 578 574 619 prorsus
619 563 828 614 duxerim,
876 566 924 605 ut
968 563 1048 604 hac
1092 562 1144 603 de
1188 575 1235 602 re
1280 560 1388 602 certi
1432 559 1593 613 aliquid
1637 560 1959 614 praescribatur

192 629 380 680 tandem,
425 643 478 671 ne
520 629 600 671 hac
640 629 683 670 in
725 631 850 683 parte
892 627 1130 669 dissideant
1167 625 1317 676 nostri,
1361 627 1494 678 utque
1527 625 1691 668 uitetur
1721 625 1957 679 periculum

193 708 248 736 ex
280 697 407 748 parte
430 693 816 744 Confessariorum,
851 693 922 746 qui
955 706 1067 734 nunc
1100 692 1233 733 libere
1266 691 1499 733 absoluunt
1531 690 1688 733 diuites
1710 693 1755 733 et
1777 690 1885 732 alios
1908 690 1960 732 de

192 762 372 814 peccato
407 773 566 801 usurae
599 758 771 801 omnino
804 760 1030 812 suspectos
1064 757 1116 798 ob
1150 757 1332 798 eundem
1366 757 1652 807 contractum,
1687 770 1813 809 quem
1847 769 1960 797 nunc

193 825 326 866 etiam
360 824 598 867 Lutherani
635 824 801 877 publice
834 823 1156 877 reprehendunt
1188 825 1321 875 atque
1355 822 1606 865 damnant2.
1660 821 1759 863 Non
1793 835 1875 874 ago
1909 821 1961 862 de

193 889 333 931 uiduis
367 893 410 932 et
442 889 616 943 pupillis
630 890 657 940 3,
692 889 767 930 sed
801 888 1042 942 generatim
1077 888 1128 930 de
1161 887 1233 929 illo
1258 889 1499 937 contracta,
1534 887 1605 940 qui
1628 900 1759 941 saepe
1782 887 1962 928 offertur

193 955 236 996 in
277 954 571 1008 poenitentiae
613 956 903 1004 sacramento,
946 956 994 995 ut
1036 953 1142 995 certi
1184 953 1347 1005 aliquid
1385 955 1608 994 statuatur
1640 953 1685 994 et
1717 951 1959 994 definiatur.

313 1019 520 1068 Quoniam
567 1019 637 1061 diu
679 1020 804 1062 abest
846 1019 890 1061 P.
927 1018 1200 1060 Schoricbius
1242 1019 1284 1060 in
1325 1017 1630 1060 Marchionatu
1671 1016 1872 1067 Badensi,
1918 1019 1963 1058 et

195 1084 348 1136 grauia
379 1087 544 1127 tractat
576 1083 765 1137 negotia,
800 1098 938 1138 neque
970 1084 1063 1126 sine
1095 1083 1286 1138 periculo
1319 1084 1434 1125 inter
1464 1082 1709 1125 haereticos
1741 1084 1786 1123 et
1813 1095 1960 1124 saecu-

194 1149 308 1190 lares
341 1153 553 1200 uersatur,
589 1149 778 1191 fortasse
811 1149 923 1192 ratio
955 1149 1213 1191 inuenienda
1246 1151 1375 1199 esset,
1409 1151 1458 1191 ut
1488 1148 1650 1191 rectius
1678 1161 1773 1189 cum
1798 1162 1837 1201 p.
1861 1160 1961 1201 pro-

194 1213 373 1255 uintiale
418 1214 682 1264 conueniret,
729 1216 861 1268 atque
904 1214 940 1255 is
984 1213 1160 1255 liberius
1202 1227 1347 1256 coram
1388 1227 1517 1266 quam
1549 1227 1627 1267 per
1658 1212 1809 1255 literas
1841 1211 1960 1253 illum

194 1278 425 1320 admonere
468 1282 629 1333 posset,
674 1280 886 1333 simulque
927 1279 1099 1321 audiret
1140 1292 1195 1320 ex
1234 1278 1309 1321 illo
1351 1279 1403 1320 de
1444 1281 1565 1322 statu
1597 1292 1740 1320 rerum
1773 1277 1961 1319 omnium

193 1343 349 1385 saltem
382 1344 515 1385 semel
547 1343 588 1385 in
622 1359 748 1387 anno.
789 1345 955 1386 Vereor
986 1358 1040 1386 ne
1067 1346 1276 1398 grauetur
1298 1344 1435 1386 bonus
1457 1344 1529 1386 ille
1552 1344 1697 1393 Pater,
1731 1346 1808 1385 aut
1829 1342 1960 1384 etiam

193 1408 380 1462 seipsum
414 1412 570 1462 grauet
602 1423 733 1464 supra
764 1410 936 1451 modum
950 1411 979 1453 4.

1076 1469 1231 1511 Petrus
1264 1468 1459 1511 Canisius
1490 1482 1621 1510 manu
1653 1467 1840 1522 propria.

314 1551 341 1602 ἦ·
364 1550 608 1593 Admodum
632 1552 887 1594 Reuerendo
910 1552 954 1593 in
972 1552 1141 1594 Christo
1162 1551 1294 1603 Patri,
1319 1551 1498 1594 Doctori
1515 1550 1780 1605 Hieronymo
1797 1549 1962 1598 Natali,

203 1616 377 1658 Vicario
410 1617 605 1669 generali
638 1617 867 1660 Societatis
900 1617 1045 1660 IESV.
1168 1617 1345 1660 Romae.

314 1703 365 1737 De
402 1703 544 1737 Canisio
580 1703 615 1737 in
651 1703 855 1747 *Catalogo
891 1704 1039 1738 Patrum
1076 1706 1112 1738 et
1137 1704 1304 1738 Fratrum
1339 1703 1488 1749 Collegij
1527 1703 1767 1748 Oenipontani
1795 1729 1802 1737 .
1830 1730 1837 1737 .
1867 1730 1873 1737 .
1901 1714 1964 1747 pro
2030 1694 2031 1697 Ἴ

193 1767 285 1789 anno
308 1756 416 1790 1572“
445 1759 527 1800 post
552 1769 598 1790 m.
618 1757 823 1790 Ianuarium
853 1757 943 1791 1572
970 1769 1077 1791 manu
1103 1759 1217 1802 ipsius
1243 1757 1282 1791 P.
1306 1759 1466 1792 Gerardi
1482 1758 1630 1791 Pastelii
1655 1756 1805 1791 rectoris
1831 1756 1964 1801 scripto

193 1809 282 1843 haec
309 1809 494 1844 dicuntur:
537 1810 664 1852 „Valet
690 1810 893 1855 plurimum,
926 1811 1094 1851 docendo,
1127 1811 1379 1852 concionando,
1407 1811 1661 1852 conuersand0‚
1697 1809 1964 1853 gubernando“.

194 1862 329 1896 Ibidem
348 1862 414 1896 hoc
432 1862 583 1905 legitur:
607 1864 666 1905 „R
680 1863 857 1898 Antonius
877 1864 1068 1905 Guisanus,
1089 1864 1251 1906 Flander,
1270 1864 1552 1899 Aldenardensis
1570 1875 1743 1898 annorum
1763 1890 1771 1898 .
1790 1863 1846 1897 33.
1864 1862 1965 1897 scho-

194 1914 344 1949 lasticus
371 1916 599 1960 approbatus,
627 1917 775 1951 adiuuat
795 1917 833 1951 P.
855 1917 1037 1951 Canisium
1056 1917 1092 1951 in
1110 1929 1174 1952 suo
1193 1930 1299 1963 opere
1318 1920 1354 1952 et
1371 1917 1561 1952 Rectorem
1587 1918 1622 1951 in
1649 1916 1890 1951 concionando
1910 1943 1917 1950 .
1934 1945 1940 1950 .
1957 1942 1964 1949 .

192 1970 299 2012 aptus
326 1969 369 2002 ad
397 1969 594 2003 docendum
622 1972 658 2004 et
683 1971 964 2005 concionandum
992 1971 1259 2012 mediocritei-“3
1297 1972 1446 2006 verbum
1474 1975 1593 2005 autem
1625 1970 1891 2014 „mediocriter“
1921 1968 1965 2003 ab

194 2023 345 2064 Hoffaeo
372 2022 583 2066 provinciali
611 2023 770 2057 additum
797 2026 853 2058 est
882 2024 1018 2067 (Germ.
1039 2025 1103 2059 131
1133 2025 1157 2058 f.
1180 2025 1275 2069 185).
1318 2024 1370 2058 De
1397 2025 1521 2059 eodem
1549 2024 1707 2059 Guisano
1735 2023 1798 2067 (cf.
1826 2023 1966 2057 Can.11

194 2075 304 2115 279⁵;
333 2075 382 2109 Vl
413 2076 480 2110 184
506 2076 605 2118 623),
631 2080 671 2110 ut
697 2077 809 2111 semel
827 2077 894 2112 hoc
912 2078 1082 2112 narrandi
1108 2089 1222 2121 genus
1249 2078 1446 2117 absolvam,
1474 2078 1509 2112 in
1528 2078 1676 2122 antiqua
1694 2077 1758 2111 illa
1776 2077 1964 2110 *Historia

193 2127 337 2171 collegii
373 2130 601 2174 oenipontani
638 2132 801 2164 notatum
834 2134 908 2173 est,
945 2143 1037 2173 eum,
1074 2143 1153 2166 cum
1188 2132 1228 2166 P.
1253 2131 1437 2166 Pastelius
1474 2131 1536 2174 (m.
1562 2131 1763 2176 Septembri
1799 2141 1829 2165 a.
1858 2129 1964 2173 1572)
2032 2157 2033 2171 ,

314 2199 342 2228 a)
366 2200 410 2223 Ita
434 2203 462 2224 ι’.
484 2201 611 2225 εοννο.1·1”[
632 2210 667 2225 σπι·
687 2200 859 2234 Theologis,
881 2203 953 2234 quod
974 2203 1145 2234 scripserat.

317 2313 324 2331 ¹
352 2311 453 2353 Vide,
481 2323 573 2356 quae
601 2313 667 2347 sub
693 2314 792 2358 ipsas
817 2313 884 2348 has
910 2314 1052 2348 litteras
1078 2314 1252 2348 dicentur.

313 2364 325 2383 ²
352 2364 481 2399 Nescio
500 2376 546 2399 an
566 2366 732 2401 Canisius
751 2367 931 2410 significet
948 2367 1077 2402 librum
1100 2368 1299 2410 „Universa
1318 2367 1572 2412 propemodum
1593 2367 1755 2401 doctrina
1773 2367 1816 2401 de
1833 2367 1962 2401 usura“
2032 2398 2035 2413 (

194 2428 225 2450 a.
257 2418 345 2451 1569
372 2418 536 2453 Basileae
564 2431 584 2453 a
612 2419 779 2464 Philippo
807 2420 960 2455 Caesare
987 2420 1271 2455 Lutheranorum
1297 2420 1615 2465 superintendente
1641 2420 1795 2460 editun1;
1827 2420 1870 2454 de
1897 2431 1966 2464 quo
2033 2443 2035 2466 ἦ

197 2472 244 2503 10.
266 2472 410 2505 Ianssen
436 2472 487 2513 (et
506 2474 548 2507 L.
568 2485 597 2507 v.
614 2474 773 2516 Pastor),
793 2473 1010 2508 Geschichte
1030 2474 1091 2508 des
1110 2473 1307 2508 deutschen
1321 2473 1454 2508 Volkes
1473 2473 1657 2514 V111¹—¹²‚
1676 2474 1853 2517 Freiburg
1870 2473 1892 2508 i.
1908 2473 1966 2507 ΒΥ.
2033 2470 2035 2486 “

198 2523 298 2562 1894,
327 2524 382 2558 25.
434 2524 485 2559 De
512 2525 662 2559 aliorum
690 2528 966 2570 protestantium
994 2527 1170 2562 adversus
1196 2539 1342 2562 usuram
1369 2527 1556 2561 conatibus
1583 2539 1616 2561 v.
1644 2527 1727 2561 ibid.
1755 2526 1906 2561 24—28.

317 2579 328 2596 ³
355 2578 431 2618 Qua
458 2580 595 2613 ratione
622 2579 677 2613 his
703 2580 779 2624 5⁰lo
806 2581 966 2624 permitti
992 2592 1096 2625 posse
1123 2582 1305 2615 censuerit
1331 2581 1364 2615 S.
1383 2580 1470 2614 Pius
1489 2580 1544 2621 V.,
1570 2592 1605 2614 v.
1633 2580 1789 2614 Can.V1
1814 2581 1894 2615 410.

315 2632 327 2649 ⁴
355 2631 409 2664 Ab
436 2642 527 2665 anno
560 2632 649 2666 1570
684 2633 724 2667 P.
744 2633 920 2677 Georgius
947 2633 1176 2668 Schorichius
1203 2633 1236 2668 S.
1257 2635 1291 2668 J.
1320 2634 1380 2677 (de
1415 2645 1484 2678 quo
1519 2645 1627 2679 saepe
1662 2634 1698 2667 in
1724 2633 1967 2668 voluminibus

195 2683 440 2726 superioribus
487 2684 593 2718 huius
641 2687 759 2730 operis
804 2687 937 2721 dictum
980 2688 1050 2731 est)
1097 2687 1132 2721 in
1174 2687 1424 2722 marchionatu
1466 2687 1769 2721 badeno-badensi
1815 2687 1967 2730 (Baden-

198 2735 334 2778 Baden)
364 2738 578 2771 auctoritate
605 2739 850 2784 episcoporum
878 2740 1050 2785 spirensis
1076 2743 1113 2775 et
1139 2741 1446 2784 argentoratensis
1472 2743 1508 2774 et
1534 2741 1705 2775 mandatu
1724 2740 1863 2775 Hoffaei
1889 2751 1966 2785 pro·

197 2788 364 2823 vincialis
401 2793 508 2834 atque
536 2792 671 2826 Alberti
701 2792 743 2827 V.
772 2794 948 2828 Bavariae
975 2795 1075 2828 ducis
1109 2794 1182 2837 (cui
1212 2794 1397 2839 Philippus
1432 2794 1592 2828 marchio
1627 2794 1776 2839 imperio
1811 2793 1964 2827 nondum

199 2844 361 2876 maturus
387 2843 420 2876 in
448 2844 598 2878 tutelam
625 2846 780 2879 traditus
799 2848 891 2889 erat)
922 2847 1051 2892 populo
1079 2860 1122 2881 ex
1150 2848 1444 2892 protestantismo
1463 2848 1507 2881 ad
1534 2846 1724 2882 ecclesiam
1751 2847 1966 2881 catholicam
2034 2843 2037 2852 ¹

198 2895 408 2935 reducendo,
444 2897 538 2930 clero
566 2899 863 2943 monasteriisque
889 2901 1136 2941 reformandis,
1172 2900 1302 2935 officiis
1328 2901 1461 2934 divinis
1488 2901 1732 2935 instaurandis
1758 2900 1965 2944 diligentem

200 2948 357 2982 navabat
383 2961 527 2994 operam
553 2953 589 2984 et
615 2962 658 2985 ex
686 2953 920 2993 contionibus,
947 2954 1091 2993 scholis,
1119 2954 1369 2989 catechesibus
1395 2954 1568 2998 plurimos
1588 2954 1729 2988 fructus
1756 2952 1964 2997 colligebat;

197 3003 510 3036 v.Bee·nh.l)1d1r
536 3003 570 3037 S.
591 3004 636 3045 ,1,
673 3006 888 3040 Gesohichte
921 3007 983 3041 der
1011 3008 1174 3042 Jesuiten
1210 3008 1244 3041 in
1281 3007 1347 3041 den
1376 3007 1538 3041 Liindern
1575 3007 1766 3042 deutscher
1792 3007 1912 3050 Zunge
1939 3005 1966 3045 Ι,

200 3054 372 3098 Freiburg
392 3057 411 3089 i.
429 3056 487 3090 Br.
509 3058 608 3097 1907,
627 3057 834 3095 402—406;
864 3062 908 3094 Κ.
929 3062 1128 3105 ΙίεῐηῙφ-ἰηί,
1156 3060 1642 3104 Religionsveriinderungen
1661 3061 1707 3094 im
1730 3058 1967 3104 Landkapitel

197 3106 441 3147 Ottersweier,
480 3110 513 3143 in
542 3110 755 3155 Freiburger
781 3112 1108 3148 Diijzesau-Archiv
1135 3114 1178 3148 N.
1198 3114 1234 3148 F.
1256 3114 1333 3154 XII,
1364 3113 1539 3157 Freiburg
1558 3114 1579 3148 i.
1599 3114 1657 3148 Br.
1686 3114 1787 3151 1911.
1813 3112 1965 3148 90—94.
