2062 3443
709 154 819 187 Roma
847 153 901 186 24.
925 151 1078 195 Augusti
1110 151 1210 186 1580.
1760 155 1844 195 5:39

74 289 124 316 eo
159 274 270 327 quod
304 288 387 315 non
427 273 564 314 solum
603 272 643 313 P.
671 271 896 313 Generalis
939 270 1151 319 uoluerat,
1195 270 1269 311 sed
1313 271 1443 312 etiam
1487 270 1758 324 promiserat,
1804 274 1848 312 et

75 340 302 381 iusserat¹.

195 404 257 445 De
293 404 336 445 P.
362 403 511 444 Crusio
546 402 700 455 placet,
744 402 818 443 sed
854 415 947 442 cum
986 401 1026 442 P.
1055 401 1390 442 Bonauentura'2
1427 400 1580 442 mutari
1622 414 1732 441 nune
1765 414 1847 441 non

75 469 225 523 possit,
259 472 303 510 et
327 468 523 521 Venetijs
556 481 655 521 spes
687 467 743 508 sit
777 469 1004 508 externum
1039 466 1227 506 fortasse
1261 465 1530 507 sacerdotem
1554 465 1730 507 missum
1754 464 1805 506 iri
1819 466 1847 507 5‘.

75 534 212 576 satius
245 533 446 574 duximus
476 532 699 585 expectari
723 531 1113 584 Congregationem
1149 544 1232 582 quo
1266 533 1461 584 tempore
1497 530 1538 572 P.
1568 529 1850 571 Prouincialis

77 612 228 640 secure
262 612 357 640 eum
392 598 596 639 reducere
630 597 803 650 poterit.

198 664 258 705 De
295 663 423 705 Patre
458 661 795 715 Christophoro⁴
827 661 970 713 Anglo
1005 659 1202 712 equidem
1237 660 1500 713 aliquamdiu
1544 659 1733 713 cogitaui
1768 674 1850 712 quo

76 728 202 770 modo
234 728 357 770 uobis
389 727 566 779 obsequi
600 740 784 780 possem.
833 725 896 767 Ac
928 725 962 766 si
998 725 1043 768 P.
1068 724 1220 767 Nostri
1253 725 1478 766 consilium
1502 724 1666 767 exitum
1690 724 1851 766 habere

76 793 303 848 potuisset,
338 796 386 835 ut
418 792 486 833 hic
513 792 674 833 Romae
707 791 801 833 usui
835 793 988 840 esset³,
1023 791 1107 832 iam
1144 804 1220 831 uos
1247 795 1375 832 extra
1397 789 1642 832 molestiam
1676 790 1852 831 essetis:

82 859 238 900 Verum
263 872 360 900 cum
393 857 429 899 is
451 861 595 899 aerem
620 858 732 898 hunc
756 856 924 910 perpeti
947 869 1031 898 non
1055 855 1284 909 potuerit&
1319 855 1471 907 quouis
1495 869 1590 897 eum
1616 854 1852 904 mittamus,

79 924 213 965 multo
257 923 460 965 maiorem
504 921 793 975 conquerendi
838 935 1015 963 causam
1057 920 1278 963 habebunt
1321 926 1472 973 quamc
1513 920 1600 962 ista
1632 920 1854 974 prouincia

81 1002 191 1043 quae
224 1002 274 1030 eo
307 988 480 1031 tamend
513 987 777 1040 aliquamdiu
812 990 1030 1039 utcunque
1064 1000 1142 1028 usa
1175 989 1254 1027 est.

199 1054 318 1095 Haec
361 1054 414 1094 ad
457 1053 548 1095 eius
590 1053 739 1094 literas
783 1055 911 1094 extra
953 1066 1059 1104 quas
1101 1051 1203 1104 quia
1240 1051 1355 1093 aliud
1402 1051 1514 1103 quod
1549 1051 1734 1092 scribam
1770 1064 1854 1092 nou

78 1118 266 1161 occurrit
306 1120 433 1159 finem
477 1118 634 1159 faciam
681 1118 986 1159 commendans
1032 1130 1099 1158 me
1146 1116 1434 1157 Reuerentiae
1469 1116 1519 1158 V.
1557 1122 1625 1158 etc.
1695 1116 1856 1157 Romae

82 1187 134 1225 34
169 1185 281 1237 Aug.
321 1184 446 1226 1580.

200 1265 332 1299 Eodem
360 1265 415 1298 die
443 1266 643 1299 Monarms
670 1264 818 1298 Hoffaeo
846 1263 1060 1308 provinciali
1087 1263 1130 1296 ad
1159 1263 1301 1297 litteras
1330 1263 1383 1296 16.
1410 1262 1491 1296 Iulii
1520 1262 1562 1295 ad
1592 1263 1856 1296 Mercurialium

81 1319 184 1353 datas
220 1318 329 1356 haec,
364 1321 509 1363 praeter
544 1318 634 1358 alia,
670 1317 904 1362 *rescripsit:
953 1316 1097 1358 „Gauisi
1134 1328 1279 1356 sumus,
1315 1316 1507 1350 molestum
1548 1315 1635 1349 illud
1674 1316 1857 1359 negotium

83 1371 252 1406 Halensis
288 1372 511 1406 fundationis
547 1372 652 1405 finem
692 1371 886 1415 accepisse,
924 1373 1033 1414 atque
1069 1370 1178 1404 etiam
1206 1382 1224 1403 e
1251 1369 1375 1403 multis
1411 1380 1504 1413 quae
1540 1369 1679 1412 Regina
1714 1369 1859 1413 petebat

80 1425 182 1459 nobis
209 1436 356 1469 prorsus
383 1425 606 1459 incommoda
643 1426 678 1457 et
713 1423 882 1465 absurda,
919 1423 1062 1457 tandem
1091 1423 1328 1457 Reuerentiae
1355 1423 1400 1456 V.
1427 1421 1591 1466 diligenti
1619 1433 1661 1456 ae
1692 1422 1858 1467 prudenti

82 1490 190 1523 opera
216 1478 399 1513 redactam
428 1490 502 1512 rem
531 1478 572 1512 ad
602 1478 744 1511 hortum
771 1477 897 1511 solum.
951 1477 1014 1510 Cui
1049 1477 1204 1521 pactioni
1243 1476 1396 1510 libenter
1430 1476 1555 1510 statim
1591 1477 1796 1510 assentirer.
1829 1475 1858 1509 si

84 1532 281 1566 liceret...
311 1532 386 1566 Hoc
413 1533 530 1567 scribo
558 1532 626 1576 ipsi
654 1531 825 1574 Reginae,
863 1531 977 1564 literis
1004 1531 1303 1574 quemadmodum
1335 1530 1480 1573 quidem
1507 1529 1685 1564 noluimus
1721 1529 1766 1563 ad
1794 1529 1858 1563 Re-

85 1586 267 1619 uerentiae
294 1585 336 1619 V.
364 1588 520 1619 mentem
549 1585 735 1625 confectis,
763 1596 913 1628 quarum
941 1584 1147 1629 exemplum
1174 1585 1364 1618 mittimus.
1416 1584 1486 1617 Eas
1513 1583 1545 1617 si
1572 1583 1791 1618 Reuerentia
1817 1582 1858 1616 V.

86 1638 244 1682 probarit
271 1638 329 1672 uel
356 1639 434 1683 ipsa
460 1639 518 1673 uel
545 1650 608 1683 per
636 1638 673 1672 P.
694 1637 877 1672 Canisium
906 1638 1066 1682 Reginae
1103 1637 1227 1671 reddet
1263 1637 1451 1682 ipsamque
1479 1637 1622 1671 docebit
1655 1648 1725 1670 non
1755 1647 1860 1680 posse

87 1694 118 1725 in
155 1692 337 1737 praesenti
372 1692 468 1726 aliud
504 1692 581 1726 fieri
617 1703 680 1736 per
707 1690 1092 1725 constitutiones-sed
1128 1702 1256 1725 secura
1291 1691 1338 1724 sit
1365 1690 1454 1724 nihil
1490 1689 1724 1724 dubitationis
1750 1690 1857 1724 fore?

87 1745 162 1779 Hae
188 1746 233 1779 ad
259 1745 515 1788 Magdalenam
535 1745 696 1789 reginam
716 1744 888 1779 *litterae
913 1747 948 1778 et
975 1745 1073 1789 ipsae
1099 1744 1212 1778 Roma
1239 1744 1295 1780 24.
1314 1745 1471 1786 Augusti
1502 1744 1592 1779 1580
1625 1743 1731 1777 datae
1757 1746 1860 1777 sunt:

85 1810 177 1842 quae
203 1798 261 1832 hic
288 1799 369 1843 poni
389 1799 518 1833 debere
546 1799 645 1833 visae
670 1802 765 1838 sunt,
793 1798 877 1841 quia
905 1818 948 1821 —
977 1798 1011 1831 id
1038 1798 1131 1841 quod
1158 1797 1252 1831 infra
1281 1797 1351 1841 (ep.
1372 1797 1481 1841 2072)
1509 1796 1627 1840 magis
1653 1796 1793 1841 patebit
1819 1816 1861 1820 -—

87 1852 251 1886 Canisius
290 1864 369 1886 cum
411 1852 558 1886 Hofl'aeo
598 1853 739 1886 censuit
774 1862 835 1885 eas
873 1851 1111 1894 Magdalenae
1150 1862 1219 1885 non
1259 1862 1338 1885 esse
1377 1850 1590 1885 reddendas.
1657 1850 1715 1884 Sic
1753 1849 1864 1893 igitur

87 1906 308 1939 Mamm—eus:
338 1905 533 1946 „Redditae
553 1909 637 1939 sunt
663 1904 765 1939 nobis
783 1904 997 1939 Sei-enitatis
1015 1904 1058 1939 V.
1078 1904 1205 1938 literae
1232 1915 1323 1948 quas
1349 1904 1393 1938 ad
1414 1904 1559 1938 Patrem
1587 1898 1863 1938 N.'Generalem

87 1959 166 2002 piae
209 1970 320 1993 mem:
364 1959 547 1993 scribebat
590 1970 697 2003 super
735 1958 879 2001 negotio
918 1958 1070 2002 Collegij
1114 1957 1296 2001 simulque
1340 1958 1447 1991 etiam
1491 1957 1698 2002 accepimus
1741 1956 1866 1991 literas

88 2012 127 2047 P.
146 2012 262 2046 Hoffei
282 2012 519 2046 Prouincialis
538 2016 574 2046 et
592 2012 743 2046 aliorum
764 2012 987 2056 quorundam
1007 2019 1161 2056 patrum,
1189 2022 1281 2055 quae
1300 2022 1423 2045 omnes
1450 2011 1634 2054 egregiam
1653 2010 1866 2045 Serenitatis

88 2065 129 2099 V.
150 2065 330 2109 pietatem,
367 2068 475 2110 atque
511 2077 597 2109 erga
634 2077 698 2099 nos
732 2065 1019 2099 beneuolentiam
1052 2065 1203 2099 mirifice
1239 2064 1550 2099 commendabant.
1603 2064 1672 2098 Sed
1710 2075 1790 2098 cum
1817 2064 1866 2097 ita

88 2119 239 2152 Domino
267 2119 438 2163 placitum
467 2122 574 2159 esset,
611 2121 651 2152 ut
686 2122 794 2152 antea
829 2117 934 2164 paulo
970 2130 1078 2162 quam
1107 2129 1169 2152 eae
1206 2118 1333 2152 literae
1361 2117 1590 2162 peruenirent
1617 2118 1732 2152 bonus
1759 2117 1868 2151 Pater

88 2171 220 2206 Noster
249 2172 284 2206 P.
305 2171 494 2206 Generalis
521 2184 601 2206 eum
629 2175 750 2206 nostro
777 2183 907 2215 magno
942 2183 1102 2206 moerore
1129 2172 1173 2205 ad
1202 2171 1353 2205 alteram
1380 2171 1553 2205 transiret
1580 2171 1703 2212 uitam,
1740 2174 1776 2204 et
1802 2181 1867 2213 ego

91 2226 120 2259 ei
141 2237 205 2269 pro
233 2225 300 2259 hoc
317 2228 478 2270 tempore
505 2226 662 2260 uicarius
688 2225 938 2266 substituerer,
966 2227 1049 2259 ante
1068 2225 1187 2259 omnia
1204 2225 1272 2259 hoe
1298 2225 1489 2259 Serenitati
1516 2223 1671 2258 Vestrae
1689 2224 1869 2258 affirmare

91 2290 133 2312 ac
159 2279 355 2313 contestari
382 2279 490 2319 uolui,
519 2279 613 2323 quod
640 2278 727 2312 mihi
754 2290 817 2323 pro
845 2290 886 2312 ea
913 2278 1163 2313 familiaritate
1182 2289 1289 2322 quam
1317 2289 1398 2312 cum
1425 2289 1466 2311 eo
1492 2277 1601 2311 habui
1627 2277 1868 2312 certissimum

89 2335 126 2366 et
161 2332 486 2377 compertissimum
523 2334 588 2372 est,
625 2343 704 2366 eam
740 2343 882 2377 semper
910 2332 1029 2366 Patris
1064 2332 1178 2366 nostri
1216 2331 1440 2366 uoluntatem
1476 2342 1519 2365 ac
1554 2334 1708 2365 mentem
1746 2331 1870 2366 fuisse.

92 2389 133 2419 ut
159 2386 351 2420 Serenitati
379 2386 421 2420 V.
450 2385 719 2430 obsequeretur.
751 2397 867 2429 neque
894 2386 1011 2429 magis
1038 2397 1195 2429 unquam
1223 2388 1368 2430 optasse
1405 2385 1586 2428 quidpiam
1614 2396 1719 2428 quam
1748 2389 1787 2417 ut
1814 2382 1871 2417 uel

95 2449 187 2482 quae
214 2438 408 2473 Serenitati
435 2439 478 2473 V.
498 2442 622 2484 petere
648 2439 766 2473 uisum
794 2442 901 2479 esset,
928 2438 986 2472 uel
1012 2439 1081 2484 ipsi
1119 2439 1153 2472 in
1179 2443 1336 2472 mentem
1372 2438 1533 2472 uenisset
1568 2438 1612 2472 ad
1648 2437 1744 2471 illius
1779 2448 1870 2471 com·

92 2491 234 2526 modum
275 2495 338 2526 aut
376 2492 659 2527 consolationem
698 2492 876 2536 pertinere
915 2493 958 2526 de
995 2492 1039 2536 ijs
1078 2492 1242 2526 omnibus
1281 2492 1474 2526 Serenitati
1509 2492 1554 2525 V.
1593 2491 1871 2534 gratificaretur.

94 2545 210 2579 Huius
236 2557 302 2589 ego
330 2549 370 2579 ut
396 2545 471 2579 dixi
499 2547 605 2580 testis
631 2545 788 2590 optimus
813 2557 912 2585 sumg
940 2557 1056 2589 neque
1084 2556 1164 2579 eum
1192 2545 1288 2579 aliud
1316 2545 1508 2588 quiequam
1535 2556 1693 2589 unquam
1720 2555 1871 2578 remora-

93 2599 200 2632 batur
225 2609 330 2642 quam
360 2599 452 2643 quod
481 2599 658 2633 institutis
685 2599 828 2638 nostris,
855 2602 918 2633 aut
944 2599 1085 2643 legibus
1111 2610 1314 2643 repugnare
1340 2598 1657 2637 animaduerteret,
1683 2597 1761 2632 siue
1780 2597 1872 2641 quod

94 2652 128 2685 id
156 2651 259 2685 salua
286 2652 507 2686 conscientia
541 2664 610 2686 non
645 2655 778 2696 posset.
814 2652 892 2687 siue
930 2653 1097 2697 quoniam
1136 2652 1186 2685 ita
1213 2651 1281 2686 sibi
1307 2654 1539 2696 persuaserat
1566 2651 1599 2685 id
1636 2651 1753 2696 ipsum
1780 2650 1874 2684 uelle

96 2705 333 2739 Serenitatem
363 2705 404 2739 V.
441 2708 612 2749 tanquam
650 2706 822 2749 optimam
850 2708 1037 2751 patronam
1075 2709 1109 2740 et
1146 2708 1297 2739 matrem
1335 2708 1505 2745 nostram,
1543 2705 1649 2748 idque
1685 2704 1792 2738 etiam
1830 2704 1873 2737 ad

216 2788 244 2813 al
267 2788 314 2812 Sic
334 2791 491 2811 cure-ectum
513 2791 552 2811 est
575 2794 611 2810 ιιι·
631 2793 699 2812 esse
720 2787 836 2819 posset.
947 2786 976 2813 lvi
1000 2790 1081 2811 (ni-r,
1103 2796 1138 2810 ἀι’
1159 2787 1274 2819 posset.
1385 2794 1411 2811 ci
1434 2787 1574 2817 sequitui·
1594 2786 1764 2812 Germania.
1785 2787 1874 2810 omitt.

96 2826 126 2857 d)
150 2829 208 2852 Huc·
231 2836 252 2852 r.
274 2837 366 2859 supra
390 2836 502 2853 versum
525 2829 664 2859 xvi-iprum
687 2833 736 2853 est.

222 2935 230 2954 ¹
259 2934 425 2969 Vicarius
451 2934 633 2977 generalis
659 2934 694 2968 in
725 2933 913 2978 „Officio‘ss
942 2934 1033 2978 quod
1062 2935 1146 2975 dixi,
1187 2933 1236 2977 (n.
1256 2935 1274 2968 ’ἲ
1303 2933 1340 2976 8)
1374 2934 1436 2975 „ad
1473 2934 1642 2978 spiritum
1668 2937 1703 2967 et
1729 2945 1875 2968 sensum

98 2986 287 3022 Generalis
325 2987 501 3021 demortui
539 2999 579 3022 se
605 2999 826 3032 componere,
865 2988 1034 3032 illiusque
1077 2989 1298 3032 compertam
1337 2987 1562 3022 voluntatem
1603 2987 1725 3031 sequi‘
1769 2988 1877 3030 atque

99 3040 231 3075 idcireo
258 3040 365 3075 etiam
393 3040 520 3075 iisdem
550 3041 803 3085 „Praepositis,
840 3041 1066 3081 Rectoribus,
1096 3040 1294 3075 Praefectis
1322 3040 1598 3074 Probationum*
1630 3043 1710 3081 etc.,
1747 3040 1877 3084 quibus

102 3093 162 3127 ille
190 3094 370 3134 utebatur,
398 3093 450 3127 uti
477 3094 619 3128 iubetur
649 3096 872 3137 (Institutum
899 3095 922 3128 l.
941 3107 970 3129 c.
990 3094 1088 3137 243).

222 3148 233 3168 2
260 3146 468 3181 Paradinas.
617 3149 629 3167 ³
656 3147 708 3181 Cf.
729 3159 838 3193 supra
867 3160 897 3193 p.
919 3150 998 3182 544.
1148 3150 1157 3167 ⁴
1188 3147 1420 3190 Parchingio;
1451 3159 1483 3181 v.
1503 3159 1612 3192 supra
1641 3160 1672 3192 p.
1694 3147 1762 3181 543
1777 3149 1799 3180 ⁴.
