2062 3443
140 143 243 179 2021.
270 143 477 178 Everardus
503 143 752 177 Mercurianus
778 142 847 177 ΡΙ).
867 143 1015 177 Hoffaeo
1042 146 1078 176 et
1101 142 1254 177 Canisio.
1294 142 1406 178 Roma
1434 144 1489 179 29.
1508 144 1597 178 Nov.
1621 144 1722 178 1578.
1757 147 1840 188 471

195 260 402 303 Omnin0⁸
420 261 627 302 molestus
642 274 736 302 esse
752 259 874 301 nobis
892 259 1035 314 pergit
1052 260 1095 302 P.
1109 259 1192 302 iste
1208 260 1467 314 Menghinus
1483 261 1534 303 de
1550 275 1633 314 quo
1645 261 1659 282 ¹³
1674 265 1844 316 postre-

76 340 171 368 mae
203 325 492 368 Reuerentiae
516 326 567 368 V.
601 325 776 367 litterae
812 327 877 367 10.
903 325 998 367 Oct.
1032 324 1188 367 datae·
1212 325 1253 366 in
1289 326 1442 378 quibus
1473 327 1604 369 etiam
1638 340 1844 369 accusare

75 405 154 433 nos
186 391 358 433 uidetur
389 391 503 444 quod
525 391 637 433 istuc
662 390 705 432 P.
731 390 966 432 Nicolaus1
1000 389 1156 432 missus
1189 391 1267 433 sitc
1300 405 1346 432 re
1380 406 1474 433 cum
1508 391 1581 433 illo
1615 406 1698 433 non
1729 406 1844 434 com-

76 456 306 498 municata.
341 455 433 497 Nos
452 470 554 497 uero
572 455 634 497 ita
652 455 896 497 faciendum
914 454 1212 505 iudicauimus,
1232 457 1432 509 quoniam
1452 459 1495 499 et
1512 456 1778 499 Reuerentia
1793 457 1844 500 V.

77 536 154 563 nos
180 521 358 564 multum
395 523 629 574 rogauerat
662 523 710 563 ut
733 534 827 562 eum
852 520 951 562 inde
974 534 1270 571 auocaremus,
1295 524 1339 563 et
1364 522 1410 564 P.
1436 521 1631 564 Canisius
1654 522 1725 575 qui
1749 536 1846 564 cum

74 600 247 640 semper
262 586 551 628 Reuerentiae
566 585 617 628 V.
634 585 872 628 adhaereat
886 599 969 626 non
985 585 1290 628 dubitabamus
1306 586 1406 639 quin
1422 601 1475 628 ex
1490 587 1780 629 Reuerentiae
1793 587 1845 629 V.

76 653 220 693 mente
237 651 499 704 loqueretur,
519 650 641 692 nobis
659 650 895 705 scripserat
914 652 962 692 ut
978 650 1109 692 alium
1128 651 1412 702 mitteremus,
1432 656 1564 704 atque
1583 652 1690 694 adeo
1713 652 1847 706 ipsius

78 715 300 769 Menghini
323 716 584 758 discessumd
608 715 778 758 aulicise
801 729 885 757 non
908 715 1126 769 ingratum
1159 716 1264 767 fore,
1299 731 1406 770 quos
1430 717 1593 759 aulicos
1616 717 1684 759 uel
1706 717 1848 771 ipsum

78 782 269 823 Ducem2
292 781 359 823 uel
382 781 538 823 saltem
573 781 828 835 praecipuos
851 794 906 822 ex
929 781 1022 822 eius
1045 781 1169 823 domo
1193 795 1288 823 esse
1311 783 1650 836 suspicabamur.
1694 782 1848 836 ltaque

77 850 125 889 ut
156 847 275 889 uidet
307 846 342 888 si
366 846 407 888 in
430 846 511 889 hoc
534 846 789 897 errauimus,
824 847 876 888 de
900 846 1058 888 uestris
1081 846 1225 889 uerbis
1248 847 1502 891 errauimus.
1556 847 1677 897 Quod
1700 852 1848 890 autem

75 915 256 965 uterque
301 925 564 966 magnopere
608 912 758 966 petitis
801 914 849 953 ut
893 911 1018 953 malis
1059 911 1154 954 istis
1197 912 1265 954 hic
1307 912 1611 966 prospiciatur,
1654 912 1729 954 uix
1761 912 1848 954 iam

77 977 206 1019 ullam
241 976 389 1018 uidere
421 991 594 1031 possum
631 977 744 1019 uiam
779 991 873 1019 cum
907 991 933 1019 a
967 977 1088 1019 uobis
1121 991 1191 1019 res
1224 992 1319 1019 cum
1355 978 1583 1033 Principe3
1623 981 1850 1020 transacta

78 1043 149 1085 sit.
213 1042 298 1084 Sed
330 1044 477 1084 tamen
509 1042 617 1084 haec
651 1041 753 1084 mihi
785 1042 827 1083 in
861 1045 1047 1084 mentem
1071 1043 1306 1086 ueniebant
1338 1043 1450 1086 utin
1484 1043 1734 1097 praesentia
1756 1043 1851 1096 qui-

76 1108 173 1150 dem
219 1107 652 1157 dissimularemuss⁴‚
696 1107 758 1149 sic
799 1110 947 1150 tamen
988 1111 1035 1150 ut
1076 1107 1181 1149 nihil
1213 1108 1276 1150 illi
1317 1108 1599 1163 permittatur
1639 1108 1753 1161 quod
1785 1108 1851 1149 in—

77 1173 246 1216 stitutis
278 1173 442 1216 nostris
475 1173 746 1224 aduersetur,
781 1173 909 1226 quale
940 1173 1045 1214 illud
1069 1175 1165 1215 erat
1188 1174 1239 1214 de
1272 1174 1505 1216 uenatione
1528 1195 1538 1204 ·
1562 1173 1605 1215 in
1637 1174 1703 1216 his
1736 1173 1851 1215 enim

77 1239 141 1281 ita
182 1252 268 1279 non
310 1238 448 1280 solum
482 1238 715 1292 Menghino
758 1238 833 1279 sed
867 1238 998 1279 etiam
1031 1237 1113 1291 ipsi
1146 1238 1334 1293 Principi
1366 1239 1655 1281 resistendum
1689 1238 1772 1281 erit
1804 1241 1853 1281 ut

76 1303 328 1357 intelligant
368 1303 484 1345 nullo
526 1303 652 1345 modo
694 1303 780 1344 illis
823 1303 1080 1357 permissum
1121 1303 1187 1354 iri,
1230 1318 1315 1345 non
1358 1304 1393 1346 si
1438 1304 1508 1346 uel
1549 1307 1715 1347 totumg
1746 1303 1852 1345 illud

77 1369 316 1423 Collegium
359 1368 580 1411 funditush
622 1368 946 1410 dissoluendum
988 1371 1118 1411 esset.
1181 1368 1364 1411 Jnterea
1406 1372 1552 1412 autern
1594 1383 1679 1410 non
1718 1369 1772 1411 ab
1805 1382 1852 1410 re

79 1437 183 1488 puto
226 1433 339 1476 forei
379 1434 414 1475 si
457 1434 537 1476 hoc
579 1434 799 1487 negotium
844 1447 941 1475 cum
983 1434 1104 1476 Duce
1137 1434 1319 1477 Alberto
1363 1435 1728 1476 communiceturk
1752 1457 1761 1465 ·
1786 1433 1853 1476 cui

78 1514 175 1542 cum
209 1499 426 1542 diceretur
457 1499 609 1541 istuml
642 1499 853 1553 Principis
886 1499 1029 1541 aulam
1063 1500 1271 1542 affectare
1300 1514 1448 1542 amore
1471 1500 1692 1542 carnalism
1725 1500 1854 1542 liber-

78 1565 200 1615 tatis,
234 1565 338 1607 nihil
372 1567 518 1608 antem
552 1578 647 1607 esse
681 1565 794 1617 quod
829 1564 956 1607 citius
978 1565 1241 1608 Societatem
1272 1568 1468 1608 nostram
1500 1565 1771 1608 labefactare
1804 1578 1854 1607 ac

81 1631 292 1685 perderen
329 1631 467 1685 possit
509 1645 637 1683 quam
680 1630 716 1672 si
758 1630 1000 1672 huiusmodi
1042 1644 1185 1672 mores
1226 1635 1271 1673 et
1313 1631 1515 1685 exempla
1555 1630 1766 1685 paulatim
1811 1631 1853 1672 in

78 1710 173 1739 eam
207 1697 488 1738 inducantur:
532 1697 643 1749 quod
677 1695 712 1737 si
746 1695 953 1745 eueniret,
997 1702 1117 1737 cum⁰
1150 1697 1340 1738 maximo
1383 1697 1505 1738 nobis
1549 1697 1718 1747 damno,
1761 1698 1853 1738 tum

79 1776 132 1804 ne
179 1761 284 1817 ipsis
329 1761 501 1814 quidem
549 1761 840 1803 emolumento
888 1775 984 1803 esse
1032 1765 1180 1815 posset
1228 1776 1324 1803 cum
1372 1765 1524 1804 nostra
1572 1768 1671 1804 eosp
1722 1775 1854 1816 opera

77 1829 286 1871 adiuuare
318 1827 399 1869 nisi
433 1842 510 1869 nos
544 1828 677 1869 simus
710 1827 860 1880 quales
893 1841 988 1868 esse
1021 1827 1227 1868 debemus
1259 1841 1343 1868 non
1386 1827 1546 1881 possit:
1592 1842 1643 1870 ac
1674 1827 1855 1882 proinde

78 1896 311 1948 rogaretur
351 1896 399 1936 ut
440 1906 609 1947 pro,eo
644 1906 791 1934 amore
833 1906 884 1934 ac
925 1892 1230 1934 beneuolentia
1263 1907 1349 1946 qua
1386 1906 1558 1947 semper
1591 1893 1852 1935 Societatem

78 1959 331 2013 complexus
364 1961 432 2000 est
463 1972 517 2000 ne
549 1958 667 2012 patiq
698 1957 805 2000 uelit
827 1957 948 2011 exitij
973 1957 1110 2000 nostri
1133 1957 1257 2000 initia
1289 1958 1332 1999 in
1364 1957 1490 1999 domo
1525 1971 1605 1999 sua
1636 1957 1759 2012 poni:
1794 1957 1855 1999 sir

80 2025 187 2067 haec
227 2024 402 2078 inquam
437 2027 481 2066 et
514 2023 600 2065 alia
641 2023 885 2065 huiusmodi
916 2023 977 2064 illi
1010 2026 1385 2077 suggererentur⁵,
1429 2037 1515 2065 non
1547 2038 1694 2065 sumus
1728 2026 1856 2065 extra

81 2104 202 2145 spem
235 2103 363 2144 posse
396 2089 456 2130 illi
491 2088 745 2143 persuaderi
778 2091 826 2130 ut
857 2087 990 2130 filium
1026 2089 1181 2130 doceat
1212 2090 1261 2131 ut
1292 2103 1370 2130 nos
1393 2089 1436 2130 in
1459 2089 1620 2131 nostris
1643 2087 1857 2131 institutis

200 2189 227 2219 a)
249 2189 294 2212 Ita
316 2188 346 2212 in
367 2195 463 2212 comm.
484 2191 643 2212 coo-rectum
664 2191 705 2212 est
725 2195 762 2211 ea·
781 2187 841 2211 alio
862 2195 896 2217 v.,
915 2187 990 2218 quod
1013 2187 1070 2211 iam
1091 2195 1146 2211 mm
1164 2191 1258 2219 potes!
1279 2188 1345 2219 {2912
1432 2186 1462 2217 b)
1484 2187 1624 2219 Sequitur
1644 2184 1858 2216 Reuerentiae,

79 2230 170 2255 oblitt.
279 2231 306 2260 c)
327 2230 374 2254 Ita
394 2237 469 2254 corr.
490 2232 531 2254 ese
552 2237 588 2254 ex
613 2228 769 2255 Nicolaum
802 2228 987 2254 miserimus.
1096 2228 1125 2257 dt
1146 2230 1194 2253 Siz-
1213 2237 1287 2254 rorr.
1308 2233 1349 2254 est
1370 2237 1406 2254 ez
1431 2228 1507 2254 adeo
1533 2228 1632 2261 ipsum
1651 2226 1858 2259 Menghinum.

80 2273 108 2304 e)
130 2272 269 2304 Sequitur
288 2271 342 2302 eis,
362 2272 451 2296 oblitt.
545 2270 569 2302 s)
590 2272 659 2296 Vide
682 2272 775 2301 infra,
800 2271 898 2295 adnot.
918 2272 943 2295 4.
1035 2271 1066 2302 g)
1088 2272 1135 2296 Sic
1161 2280 1236 2295 corr.
1257 2274 1298 2295 est
1319 2279 1355 2296 ex
1375 2270 1442 2296 tota
1463 2269 1608 2295 Societas.
1701 2268 1732 2300 h)
1754 2270 1814 2293 Hoc
1835 2276 1858 2293 r.

78 2322 173 2345 supra
194 2321 309 2338 versum
329 2313 470 2344 scriptum
492 2316 542 2337 est.
618 2312 638 2343 i)
660 2313 741 2336 Corr.
756 2315 797 2337 est
817 2320 854 2337 ex
868 2320 928 2337 vta:
943 2311 1017 2337 Mihi
1039 2314 1141 2337 tamen
1163 2312 1199 2337 de
1220 2312 1275 2337 hae
1295 2319 1327 2338 re
1348 2311 1495 2343 cogitanti
1516 2309 1660 2337 ueniebat
1680 2310 1711 2335 in
1725 2311 1859 2335 mentem

82 2354 215 2380 fortasse
235 2354 402 2388 expediens
424 2354 498 2379 fore.
590 2352 622 2383 k)
645 2356 658 2379 L
660 2355 718 2377 ὀὀὀὀὀ
721 2373 726 2378 .
747 2361 783 2378 ea-
802 2353 1087 2380 eommunicaretur.
1179 2353 1199 2383 1)
1222 2355 1361 2386 Sequitur
1381 2353 1460 2385 ideo,
1480 2354 1570 2378 oblitt.
1658 2352 1698 2384 m)
1720 2353 1802 2377 Corr.
1822 2359 1859 2376 ea·

81 2396 224 2422 affectare
244 2397 278 2422 ut
297 2396 457 2421 carnalem.
531 2396 562 2427 n)
586 2401 668 2420 (οι-ν.
689 2403 725 2420 ea:
744 2395 884 2420 nostram
910 2395 1040 2428 perdere
1067 2403 1099 2421 ac
1121 2395 1266 2421 dissolue.
1341 2396 1370 2426 ο)
1392 2396 1474 2420 Cot-r.
1496 2404 1532 2420 ea·
1552 2395 1627 2421 tum.
1700 2395 1730 2427 p)
1754 2395 1813 2419 Hoc
1834 2402 1857 2418 v.

79 2447 172 2470 supra
194 2446 309 2463 versum
328 2439 470 2470 scriptum
488 2441 538 2463 est>
631 2444 661 2469 qv
683 2439 764 2462 corr.
785 2445 822 2462 ea·
847 2437 961 2470 patere,
1054 2444 1080 2464 r>
1102 2441 1182 2463 corr.
1204 2446 1240 2462 es
1260 2443 1336 2463 cum.
1428 2438 1455 2467 s)
1477 2439 1499 2462 C
1499 2445 1551 2461 ››››››
1553 2456 1559 2462 .
1580 2445 1616 2461 ez·
1645 2435 1860 2468 suggerentur.

204 2558 215 2578 ¹
241 2557 484 2600 Lirnburgius.

203 2610 217 2631 ²
244 2610 434 2644 Albertum
461 2610 504 2645 V.
541 2609 718 2644 Bavariae
745 2609 870 2644 ducem
898 2609 957 2643 vel
985 2609 1219 2644 Guilielmum
1246 2609 1358 2643 filiurn
1385 2608 1464 2643 eius
1488 2610 1576 2642 natu
1602 2608 1812 2642 maximum.

204 2663 218 2684 ⁸
244 2662 449 2698 Guilielmo.

202 2718 215 2737 ⁴
242 2716 299 2751 lta
324 2716 360 2750 in
387 2716 643 2751 commentario
671 2718 872 2750 correctum
899 2718 974 2756 est;
1011 2716 1104 2760 quod
1131 2715 1221 2750 haec
1247 2715 1443 2750 habuerat:
1478 2716 1540 2758 „ut
1564 2715 1670 2749 malis
1696 2714 1776 2749 istis
1803 2713 1861 2748 hic

84 2769 340 2815 prospiciatur,
376 2769 542 2814 equidem
577 2772 618 2803 ut
653 2770 812 2804 maxime
845 2768 1021 2810 uelimus,
1057 2770 1127 2803 iam
1164 2780 1304 2803 omnem
1340 2780 1454 2813 paene
1490 2768 1592 2803 nobis
1627 2768 1766 2802 aditum
1802 2767 1860 2802 ob-

35 2868 38 2870 .
82 2825 271 2865 structum,
306 2834 519 2867 omnemque
554 2826 714 2868 ereptam
748 2823 853 2857 uideo
888 2823 1115 2858 medicinam.
1167 2822 1226 2856 Sic
1262 2822 1356 2856 enim
1390 2822 1550 2857 scribitis
1587 2833 1667 2856 cum
1695 2821 1862 2866 Principe

83 2879 307 2911 transactum
334 2880 375 2911 ut
399 2877 498 2911 nullo
525 2876 628 2910 modo
653 2876 696 2911 de
723 2877 958 2911 rescindendo
984 2876 1045 2910 illo
1071 2878 1250 2910 conuentu
1277 2876 1429 2918 cogitari
1455 2876 1570 2920 possit
1595 2893 1604 2901 ·
1631 2875 1754 2920 itaque
1780 2886 1862 2908 cum

84 2931 191 2963 antea
217 2928 481 2972 significassem
509 2929 678 2973 [primum
704 2932 876 2974 scriptum
902 2934 1001 2964 erat:
1026 2927 1269 2973 scripsissem]
1296 2928 1394 2962 nullo
1411 2928 1516 2963 modo
1540 2928 1683 2973 placere
1701 2928 1763 2962 illa
1781 2939 1862 2963 con-

84 2993 189 3017 cessa
215 2981 406 3027 priuilegia
431 2985 558 3027 postea
585 2994 630 3017 ex
656 2982 896 3017 Reuerentiae
914 2982 957 3017 V.
978 2985 1013 3017 et
1031 2982 1070 3017 P.
1090 2982 1225 3027 Canisij
1253 2982 1386 3016 litteris
1412 2981 1577 3016 intellexi
1603 2993 1673 3016 non
1700 2993 1805 3026 posse
1827 2981 1863 3015 id

84 3035 221 3079 absque
247 3046 379 3078 magna
405 3035 593 3079 utriusque
628 3036 744 3081 partis
770 3037 971 3071 animorum
1000 3036 1237 3071 commotione
1263 3035 1408 3070 tentari.
1452 3034 1571 3076 Quare
1596 3036 1627 3070 si
1654 3035 1760 3069 aliter
1785 3035 1863 3068 fieri

85 3100 155 3123 non
181 3090 311 3134 potest,
346 3099 442 3123 nunc
468 3088 613 3133 quidem
639 3089 725 3123 ferri
751 3089 885 3135 poterit
910 3088 1083 3135 [primum
1110 3091 1280 3133 scriptum
1309 3093 1407 3122 erat:
1441 3092 1571 3135 potest,
1598 3087 1784 3132 fe1·emus]‚
1810 3088 1864 3123 sic

32 3152 35 3154 ·
85 3145 207 3176 tamen
234 3145 275 3176 ut
300 3141 390 3176 nihil
416 3142 448 3176 ei
474 3142 726 3187 permittatur¹¹
756 3149 818 3178 etc.
