2051 3433
155 149 208 190 26
260 145 359 180 1786.
387 143 538 179 Rethius
566 143 648 178 Can.
692 142 804 188 April.
835 142 935 177 1572.
989 142 1091 177 1787.
1119 141 1203 176 Can.
1225 140 1349 175 Ottoni
1368 139 1578 176 Truchsess.
1614 139 1726 186 April.
1749 140 1852 175 1572.

156 277 342 306 canones
375 266 420 307 et
451 264 626 306 decreta
659 276 921 305 summorum
957 261 1235 303 Pontificum:
1270 259 1412 302 sciunt
1444 273 1548 301 vero
1581 258 1740 301 multos
1773 259 1920 314 lapsos

154 330 196 371 in
239 329 460 381 haereses,
511 331 555 372 et
596 329 729 370 libros
770 327 929 381 legisse
971 326 1232 381 prohibitos:
1277 338 1488 378 casusque
1530 327 1776 367 reseruatos
1818 339 1919 367 con-

155 395 361 445 siderant,
405 398 450 437 et
491 408 617 447 quam
661 406 796 446 graue
829 392 994 446 pastori
1026 391 1095 442 sit,
1139 404 1234 433 cum
1268 389 1500 432 multorum
1535 389 1782 440 offensione,
1824 389 1921 431 illos

157 473 389 502 conuersos
423 473 473 502 ac
505 458 778 513 poenitentes
811 471 836 499 a
868 470 915 498 se
939 456 1172 507 dimittere,
1207 455 1279 509 qui
1310 469 1363 497 ex
1388 455 1573 508 quadam
1596 454 1922 508 imperfectione

157 525 210 567 ad
244 525 374 567 alium
407 524 716 566 confessarium
751 537 829 577 pro
853 522 1125 564 absolutione
1148 535 1194 563 se
1216 535 1301 562 non
1325 520 1556 574 recipient:
1592 520 1690 561 dum
1716 519 1922 562 auxilium

157 591 270 632 ferre
303 593 535 643 nequeunt,
578 602 719 631 nonne
752 587 889 630 satius
923 587 1013 629 Deo
1047 586 1342 629 calamitatem
1379 585 1673 639 proximorum
1707 599 1922 627 commen-

158 655 273 707 dare,
309 669 436 708 quam
470 654 726 709 semetipsos
760 652 952 695 censuris
985 650 1292 694 ecclesiasticis
1324 650 1607 705 implicarem
1661 650 1720 692 At
1752 650 1922 693 interim

158 721 257 762 dum
289 721 462 762 bonus
504 720 728 774 pastor2
761 717 910 760 haberi
943 730 1026 758 non
1060 718 1220 771 potest,
1263 715 1378 770 lupi
1413 714 1674 765 subintrant,
1719 718 1763 758 et
1796 729 1926 757 oues

156 785 405 839 rapiunt,
441 788 493 828 et
526 783 900 839 dispergunt?
947 782 1029 824 Hic
1057 782 1092 823 si
1116 781 1215 834 quid
1240 780 1403 835 consilij
1429 780 1575 831 habes,
1609 794 1716 833 rogo
1739 779 1923 835 imperti.

161 851 393 893 Vndecimo
443 851 509 892 die
551 849 713 904 Aprilis
760 848 867 903 obijt
913 848 1132 890 Gerardus
1175 846 1427 889 Matthisius
1472 846 1686 900 gymnasij
1731 845 1928 888 Montani

158 916 331 968 Regens
374 916 595 970 praeclare
639 915 690 957 de
722 928 769 956 re
801 912 997 955 literaria
1039 912 1220 954 meritus
1235 912 1263 955 4.
1328 912 1467 961 Queso
1501 912 1638 953 Deum
1673 925 1750 965 pro
1783 910 1928 953 anima

157 981 290 1035 ipsius
324 995 514 1035 precare.
566 980 688 1031 Sunt,
725 979 796 1032 qui
830 978 939 1020 scire
974 977 1235 1027 desiderant,
1270 991 1370 1018 num
1404 976 1599 1018 aedenda
1628 975 1684 1018 sit
1707 975 1760 1017 ab
1784 976 1927 1029 Ingol-

158 1045 461 1096 stadiensibus,
505 1046 574 1087 uel
608 1044 851 1098 Dilinganis
893 1043 1107 1086 confessio
1146 1042 1222 1084 illa
1255 1042 1491 1084 Doctorum
1527 1041 1764 1092 Ecclesiae,
1809 1041 1928 1083 cuius

158 1124 279 1165 spem
311 1111 510 1165 praebuit
543 1111 591 1153 R.
620 1111 663 1152 P.
701 1110 990 1163 Hieronymus
1024 1108 1252 1150 Torrensis
1266 1108 1296 1150 5.
1351 1108 1397 1150 P.
1431 1107 1617 1148 Ioannes
1650 1106 1929 1149 Zanthaenus

159 1189 236 1229 per
268 1169 502 1218 aduentum
536 1178 580 1217 et
612 1175 990 1229 quadragesimam
1024 1172 1256 1228 Neumagij
1293 1172 1576 1215 concionatus
1609 1175 1698 1214 est:
1742 1170 1928 1226 permoti

160 1241 487 1294 Neumagenses
517 1241 748 1283 Societatis
782 1253 958 1294 operam
992 1241 1226 1292 expetunt:
1261 1238 1394 1281 uellet
1416 1238 1466 1280 R..
1492 1237 1538 1281 Ρ.
1563 1237 1843 1279 Leonardus6
1876 1236 1928 1278 ad

161 1306 210 1348 R.
236 1306 280 1349 P.
306 1306 606 1360 Praepositum
641 1306 887 1359 generalem
922 1318 1043 1346 suam
1078 1303 1333 1358 petitionem
1366 1303 1619 1353 scriberent,
1655 1306 1699 1345 et
1730 1302 1785 1345 ad
1809 1301 1856 1345 R.
1884 1302 1928 1345 P.

163 1375 281 1413 tuam
295 1371 322 1414 ⁷.
365 1372 408 1414 Si
432 1371 532 1424 quid
555 1371 779 1414 literarum
806 1369 1038 1425 acceperis,
1063 1383 1169 1422 rogo
1194 1383 1369 1411 causam
1392 1367 1563 1423 patriae
1586 1367 1700 1422 apud
1724 1367 1768 1410 P.
1791 1367 1929 1410 Gene-

161 1436 307 1488 ralem,
353 1439 562 1490 quantum
603 1439 741 1491 potes,
786 1436 956 1479 adiuua.
1022 1435 1166 1489 Digna
1206 1448 1392 1488 namque
1436 1433 1590 1476 ciuitas
1631 1433 1706 1475 illa
1745 1432 1930 1483 uidetur,

163 1503 229 1544 cui
272 1502 523 1544 beneficium
567 1503 739 1556 aliquod
775 1501 971 1545 Societas
1003 1502 1213 1555 praestet,
1259 1514 1369 1554 quae
1402 1502 1469 1542 tot
1502 1499 1710 1542 Societati
1740 1499 1932 1551 insignes

163 1567 384 1623 operarios
418 1569 535 1611 dedit
549 1569 577 1611 8.

282 1634 399 1675 Bene
446 1634 544 1675 uale
591 1633 822 1675 admodum
870 1632 1124 1674 Reuerende
1171 1632 1215 1673 in
1263 1631 1432 1673 Christo
1481 1631 1624 1673 Pater.
1689 1629 1927 1672 Plurimam

163 1699 212 1742 R.
238 1699 286 1743 T.
320 1699 505 1741 salutem
539 1701 742 1753 precatur
775 1698 825 1741 R.
851 1698 896 1740 P.
920 1697 1171 1739 Leonardus
1205 1696 1448 1739 Chesselius
1483 1697 1656 1747 Rector‚
1706 1698 1750 1738 et
1792 1697 1932 1738 totum

164 1764 412 1818 Collegium.
479 1764 565 1806 Ora
598 1779 674 1818 pro
707 1765 830 1806 nobis
864 1762 1059 1804 omnibus
1093 1764 1137 1804 et
1170 1761 1412 1804 Coloniensi
1445 1761 1656 1804 Ecclesia.
1715 1759 1931 1811 Coloniae,

165 1843 276 1872 anno
310 1830 467 1872 Christi
506 1831 645 1873 l.5.72
679 1830 746 1872 die
783 1831 848 1873 15.
874 1828 1047 1882 Aprilis.

504 1901 554 1944 R.
580 1901 625 1944 P.
651 1901 697 1944 T.
733 1914 884 1942 seruus
916 1900 958 1941 in
992 1898 1160 1942 Christo
1193 1898 1377 1940 Ioannes
1410 1897 1592 1940 Rhetius

240 1972 417 2015 Doctori
452 1973 579 2015 Petro
613 1972 782 2015 Canisio
816 1971 1036 2024 Theologo
1071 1970 1303 2013 Societatis
1335 1969 1481 2012 IESV.
1533 1968 1860 2023 Oenipontuni²³.

285 2047 450 2083 Canisius
476 2047 607 2083 Rethio
634 2048 820 2093 respondit
846 2048 940 2082 inter
967 2048 1101 2082 Maium
1130 2048 1166 2080 et
1192 2046 1373 2080 ineuntem
1405 2044 1530 2079 lulium
1561 2044 1662 2079 1572.

167 2152 317 2191 1787.
426 2154 643 2189 CANISIUS
683 2154 854 2188 cardinali
897 2151 1156 2188 θΤΤθΝΙ
1198 2149 1598 2187 TRUCHSESS
1640 2151 1786 2195 epicopo
1826 2160 1935 2193 augu-

355 2210 458 2243 stano
478 2211 543 2243 etc.
564 2208 697 2242 Romae
725 2208 881 2251 degenti.
1020 2207 1220 2252 Oeniponte
1247 2206 1342 2240 circa
1361 2205 1516 2239 medium
1535 2217 1581 2239 m.
1604 2203 1764 2249 Aprilem
1786 2203 1888 2238 1572.

289 2276 560 2318 Commendat
604 2277 639 2317 ei
671 2276 954 2317 Laurentium
991 2274 1167 2315 Surium
1211 2274 1455 2315 canonicum
1500 2272 1767 2314 Zubecensem.
1832 2269 1937 2312 ls'ide

169 2341 334 2383 initium
371 2343 573 2397 epistulae
607 2343 735 2383 1788.

285 2422 313 2454 a)
335 2423 418 2448 Ham·
439 2423 657 2453 inscriptionem
677 2422 799 2447 Retlzins
820 2421 848 2446 iu
871 2421 963 2452 capite
984 2419 1186 2445 conmucntarii
1202 2418 1312 2451 posuit.

291 2506 299 2525 ¹
326 2506 380 2539 lta
407 2506 440 2539 in
469 2504 848 2539 excommunicationis
884 2514 1071 2538 censuram
1109 2501 1385 2547 implicabantur
1419 2500 1640 2539 sacerdotes,
1677 2498 1737 2543 qui
1763 2497 1840 2533 sine
1866 2497 1937 2531 sin-

169 2559 284 2602 gulari
312 2558 484 2593 facultate
512 2559 672 2593 homines
699 2570 719 2592 a
748 2558 873 2600 ‚,casu“
904 2557 1066 2591 haeresis
1092 2555 1253 2601 pontifici
1280 2556 1467 2589 reservato
1494 2552 1682 2588 absolvere
1714 2562 1937 2597 „praesume-

169 2613 274 2646 bant“
309 2613 413 2655 (Can.
443 2612 491 2646 IV
518 2613 585 2647 508
600 2613 638 2655 ¹).
856 2613 867 2631 ²
894 2611 931 2644 lo
961 2610 1013 2652 10,
1043 2611 1081 2645 11
1115 2610 1169 2644 14.
1319 2609 1330 2628 ⁸
1360 2609 1394 2642 10
1427 2608 1476 2648 10,
1509 2608 1560 2641 12.

290 2666 301 2685 ⁴
329 2665 527 2700 indiculum
555 2665 723 2699 librorum
752 2665 796 2699 ab
823 2677 863 2699 eo
890 2664 1105 2709 scriptorum
1135 2663 1252 2708 posuit
1272 2664 1339 2696 Ios.
1359 2662 1569 2695 Ilartzhee'm
1591 2659 1624 2694 S.
1645 2660 1688 2700 J.‚
1717 2657 1939 2693 Bibliotheca

171 2718 402 2761 Coloniensis,
431 2718 598 2753 Coloniae
628 2720 728 2759 1747,
757 2719 813 2753 99.

290 2773 302 2791 ⁵
329 2773 380 2807 De
407 2772 474 2806 hac
505 2771 684 2814 „Quatuor
710 2771 770 2806 SS.
791 2771 1005 2806 Doctorum⁸²
1037 2768 1269 2805 Confessione
1301 2767 1519 2811 „catholica“
1551 2779 1583 2801 v.
1610 2768 1696 2801 Can.
1718 2765 1767 2799 VI
1796 2764 1875 2799 737.

292 2827 304 2845 ⁶
330 2825 467 2867 Kessel,
496 2828 612 2859 rector
638 2825 779 2869 collegii
808 2823 1035 2859 coloniensis.

291 2879 303 2899 ⁷
330 2879 382 2913 De
401 2879 703 2922 Noviomagorum
730 2879 861 2913 litteris
880 2878 982 2923 plura
1002 2878 1164 2912 dicentur
1183 2876 1288 2916 infra,
1315 2887 1369 2920 ep.
1390 2887 1422 2909 n.
1448 2874 1558 2915 1795;
1584 2873 1668 2907 item
1689 2872 1731 2906 de
1749 2872 1788 2906 P.
1810 2871 1939 2905 Ioanne

172 2933 365 2968 zantheno.

292 2987 304 3007 ⁸
331 2986 476 3020 Petrum
497 2987 532 3019 ct
549 2985 808 3019 Theodericum
829 2984 1002 3026 Canisios,
1030 2983 1224 3018 Heni-icum
1246 2982 1466 3027 Dionysium,
1495 2980 1688 3014 Henricum
1717 2981 1753 3013 et
1771 2978 1938 3012 Ioannem

174 3042 209 3074 et
234 3041 380 3074 Petrum
409 3041 445 3073 et
463 3039 685 3073 Theodorum
714 3043 749 3073 et
774 3039 947 3073 'rhomam
976 3039 1145 3078 Busaeos,
1173 3037 1342 3070 Ioannem
1369 3034 1588 3069 Zanthenum
1617 3033 1676 3076 (de
1703 3043 1773 3076 quo
1793 3033 1939 3065 Hansen

174 3094 195 3128 l.
223 3105 252 3128 c.
281 3093 377 3137 362),
413 3091 632 3137 Stephanum
668 3091 761 3125 boon
799 3092 898 3135 (ibid.
927 3090 1141 3134 783-785),
1179 3089 1359 3124 sibertum
1387 3088 1429 3122 de
1457 3086 1677 3121 Brouchorst
1713 3085 1813 3129 (ibid.
1842 3083 1938 3127 783),

176 3148 340 3181 Ioannem
368 3145 486 3180 lacobi
514 3145 703 3180 Astensmn
733 3144 840 3187 (Gan.
869 3145 918 3180 lV
944 3144 1029 3187 983)
1059 3146 1127 3178 etc.
