2062 3443
647 160 760 195 Roma
785 161 818 195 4.
849 159 896 203 (5.
909 158 944 203 ‘?)
973 159 1095 194 Martii
1124 159 1228 194 1575.
1746 162 1831 203 283

62 279 336 324 Praeceptorem
372 290 435 323 pro
472 278 611 312 duobus
645 276 730 322 filijs
756 277 831 311 suis
867 276 1062 321 postulare,
1099 276 1158 319 qui
1187 276 1344 320 quotidie
1371 276 1507 320 aliquot
1533 276 1630 310 horis
1665 278 1762 310 ante·
1799 278 1833 309 et

62 331 303 377 pomeridiano
338 334 498 376 tempore
524 331 559 364 in
586 331 734 365 aedibus
770 330 937 374 ipsorum,
974 341 1064 373 quas
1089 329 1250 374 priuatas
1278 329 1442 363 habitant
1477 340 1536 363 eos
1563 329 1726 363 doceret:
1769 329 1833 363 Cui

62 396 128 428 ego
153 384 206 419 sic
231 384 409 429 respondi,
436 387 476 418 ut
502 395 669 426 magnam
695 384 773 417 fore
799 382 1053 417 difficultatem
1079 383 1317 422 ostenderem,
1353 394 1419 417 nec
1444 394 1659 427 quemquam
1686 382 1755 416 nisi
1782 394 1833 416 re-

61 438 253 472 uerendum
289 437 550 472 Paternitatem
585 437 755 471 Vestram
790 447 895 481 posse
931 436 1135 470 concedere.
1187 435 1324 469 Rettuli
1360 438 1466 470 etiam
1502 435 1626 470 statim
1662 435 1705 469 ad
1733 435 1774 469 R.
1794 436 1833 469 P.

61 491 351 525 Prouincialem¹
385 502 407 525 a
447 502 517 534 quo
550 491 584 524 id
620 501 831 535 responsum
867 489 945 530 tuli,
980 491 1020 523 ut
1052 489 1244 533 diligenter
1279 501 1358 523 cum
1386 488 1600 533 consiliarijs
1627 488 1834 531 colligerem

63 544 230 585 rationes,
266 544 396 588 quibus
422 543 680 578 Serenissimus
708 544 879 587 Princeps
906 554 927 576 a
952 554 1017 576 suo
1043 542 1232 586 Proposito
1259 543 1373 576 auerti
1402 546 1532 587 posset,
1560 542 1590 575 si
1618 543 1708 575 sorte
1735 553 1834 586 aper-

61 598 134 632 tius
158 597 377 642 postularet:
404 597 450 631 Et
475 600 515 631 ut
533 600 648 631 totum
668 596 855 640 negocium
882 608 950 630 non
978 596 1021 630 ad
1049 597 1178 641 ipsum,
1204 597 1265 630 sed
1286 597 1328 630 ad
1357 596 1396 630 R.
1418 596 1457 630 P.
1478 596 1645 629 Vestram
1671 595 1834 639 reijcere-

62 662 160 685 mus:
204 650 317 692 Quam
344 650 582 685 Prouincialis
608 651 883 684 instructionem
909 654 1067 690 secutus
1095 650 1146 683 ita
1173 661 1253 683 cum
1280 649 1510 683 serenissimo
1537 649 1739 683 Archiduce
1767 650 1834 692 egi,

61 706 102 738 ut
135 703 240 749 plane
272 715 293 738 a
327 715 391 738 suo
427 704 614 748 Proposito
650 704 834 737 uideretur
869 703 1052 743 desistere,
1090 702 1229 746 hocque
1265 714 1373 736 unum
1405 703 1507 737 nobis
1539 703 1761 746 iniungeret,
1796 705 1835 735 ut

61 756 186 791 Virum
224 757 379 802 aliquem
419 757 586 791 idoneum
625 757 930 801 perquireremus,
970 757 1029 800 qui
1071 768 1115 789 ex
1154 756 1377 800 praescripto
1415 758 1538 790 nostro
1576 755 1836 790 Archiducales

60 810 192 846 liberos
218 811 377 845 doceret:
412 809 546 844 Verum
584 813 778 854 antequam
812 821 1027 854 quemqnam
1065 809 1133 843 huc
1160 809 1419 843 aduocaremus
1446 809 1537 843 Ecce
1564 809 1606 843 de
1642 809 1836 854 improuiso

60 864 253 898 denunciat
291 864 393 899 nobis
430 876 494 909 per
521 863 780 898 Cancellarium
817 875 921 897 suum
949 874 1097 907 grauem
1129 862 1410 906 indignationem
1446 874 1548 896 suam
1584 862 1651 897 hoc
1686 863 1835 903 adiecto,

60 918 155 962 quod
190 929 306 962 neque
338 930 400 963 per
435 929 500 952 nos
534 929 650 961 neque
687 929 732 951 ex
766 917 869 951 nobis
905 916 1060 961 amplius
1097 916 1185 950 uelit
1220 917 1506 960 Praeceptorem,
1547 916 1835 961 quandoquidem

60 971 149 1005 nihil
176 971 330 1005 uelimus
357 971 399 1005 ob
418 970 622 1016 superbiam
642 973 801 1004 nostram
821 971 855 1004 in
875 971 1029 1014 gratiam
1049 971 1126 1004 eius
1152 970 1288 1003 facere:
1317 981 1399 1004 cum
1426 969 1486 1003 ille
1504 981 1567 1014 per
1594 969 1661 1003 hoc
1679 970 1836 1003 maxime

61 1036 126 1059 nos
152 1025 307 1059 uoluerit
333 1036 470 1064 ornare,
497 1026 534 1058 et
559 1024 741 1069 publicum
767 1024 1013 1057 testimonium
1041 1024 1173 1057 amoris
1201 1023 1235 1056 in
1262 1034 1326 1056 nos
1353 1023 1407 1056 sui
1434 1023 1625 1067 praebere:
1653 1023 1836 1057 Excusaui

61 1089 147 1122 ergo
173 1089 237 1112 nos
264 1079 378 1112 denuo
415 1078 509 1123 apud
536 1077 686 1112 eundem
723 1089 929 1122 supremum
958 1076 1258 1118 Cancellariu111⁹,
1295 1076 1353 1110 uel
1381 1076 1447 1110 hoc
1473 1077 1630 1110 maxime
1657 1076 1750 1120 quod
1777 1076 1835 1110 ab·

59 1131 176 1166 solute
211 1143 279 1165 non
306 1143 508 1175 negassem,
543 1131 606 1165 sed
632 1130 745 1165 solam
774 1130 1012 1164 obedientiam
1039 1129 1251 1169 obuertisse,
1287 1141 1308 1163 a
1335 1141 1404 1173 qua
1431 1129 1516 1163 mihi
1552 1129 1640 1163 haec
1675 1131 1836 1174 potestas

60 1195 242 1228 nunquam
281 1185 392 1219 fuerit
427 1196 619 1219 concessa:
655 1183 864 1229 promisisse
897 1185 1005 1217 etiam
1041 1183 1134 1227 quod
1161 1183 1297 1227 absque
1333 1194 1432 1216 mora
1467 1183 1511 1216 ad
1539 1183 1579 1216 R.
1607 1182 1647 1216 P.
1667 1182 1836 1216 Vestram

60 1238 265 1280 scriberem,
301 1238 498 1282 rogauique
533 1240 574 1272 ut
608 1249 672 1272 nos
699 1237 765 1271 hoc
791 1238 934 1271 nomine
960 1239 1144 1282 purgaret,
1182 1237 1274 1281 quod
1310 1248 1349 1270 se
1380 1237 1561 1270 facturum
1587 1236 1742 1280 recepit;
1779 1247 1836 1270 me

60 1290 155 1325 enim
181 1303 299 1326 coram
327 1303 365 1326 se
391 1291 582 1326 admittere
608 1291 781 1335 Princeps
816 1290 940 1332 noluit,
977 1291 1062 1334 quid
1089 1290 1243 1334 amplius
1270 1289 1311 1324 R.
1331 1289 1373 1324 V.
1395 1290 1600 1323 Paternitas
1627 1289 1832 1323 faciendum

60 1346 163 1389 putet
189 1344 392 1388 intelligere
418 1344 540 1389 cupio‘
574 1347 634 1386 (ex
661 1348 822 1387 autogr.;
851 1344 971 1379 Germ.
993 1345 1059 1378 136
1075 1344 1098 1378 f.
1118 1344 1228 1387 188³).

182 1406 351 1439 Canis-ius
374 1406 604 1439 Ferclinandi
628 1406 835 1438 arclziclueis
861 1406 1020 1438 [zozimum
1050 1406 1220 1447 offensum
1246 1404 1394 1446 placare
1421 1403 1573 1436 iubetur.

179 1483 247 1524 Ex
276 1482 466 1526 adiuncti
489 1481 644 1537 capitis
666 1481 905 1532 literarum,
939 1496 1047 1535 quas
1078 1482 1132 1523 ad
1165 1481 1211 1524 P.
1238 1481 1418 1522 Paulum
1442 1480 1670 1522 Hoffaeum
1694 1479 1836 1521 scribo

61 1545 326 1603 [exemplo]⁸
357 1548 406 1591 Τ.
431 1548 480 1591 R.
514 1547 732 1601 intelliget
773 1548 886 1600 quod
928 1561 1026 1589 nam
1070 1560 1212 1588 meum
1246 1545 1505 1588 desiderium
1539 1545 1597 1587 sit
1629 1548 1678 1586 ut
1711 1544 1838 1587 Sere-

61 1613 226 1656 nissimi
247 1613 504 1656 Archiducis
536 1613 797 1655 Ferdinandi
830 1611 1020 1654 animum
1051 1614 1099 1654 tu
1132 1611 1224 1666 ipse
1257 1611 1428 1653 reddita
1460 1611 1552 1652 eius
1584 1609 1837 1652 Celsitudini

60 1679 259 1734 epistola,
293 1693 422 1732 quam
456 1679 511 1721 ad
543 1693 639 1720 eum
672 1678 827 1729 scribo,
860 1678 1010 1728 lenias,
1051 1677 1087 1719 si
1119 1677 1234 1719 forte
1268 1677 1450 1719 alienior
1481 1691 1507 1719 a
1538 1675 1661 1718 nobis
1693 1675 1837 1718 factus

60 1745 144 1788 erit
163 1765 172 1776 ·
191 1758 330 1798 neque
362 1758 466 1786 uero
500 1747 576 1787 aut
608 1744 643 1786 si
676 1743 913 1798 periculum
946 1743 1031 1786 erit
1061 1743 1105 1784 in
1138 1756 1272 1793 mora,
1308 1745 1384 1784 aut
1415 1742 1451 1783 si
1483 1741 1743 1783 iudicaueris
1774 1741 1838 1783 ita

61 1809 266 1865 expedire
308 1810 392 1852 erit
424 1810 472 1853 T.
496 1809 546 1851 R.
582 1809 901 1863 expectandum
944 1809 1116 1862 aliquod
1159 1823 1184 1850 a
1217 1808 1349 1850 Patre
1381 1807 1641 1849 Prouinciali
1679 1806 1722 1848 in
1754 1806 1836 1848 hac

61 1889 109 1917 re
142 1875 379 1927 consilium,
422 1889 476 1917 ne
517 1874 554 1916 si
587 1889 672 1929 qua
713 1874 804 1916 eius
837 1874 1113 1917 Celsitudinis
1145 1873 1288 1916 animo
1327 1872 1540 1915 resederit
1573 1871 1836 1914 abalienatio

60 1940 369 1992 inueterascat,
404 1944 448 1983 et
470 1940 686 1982 difficilius
709 1939 852 1982 curari
880 1940 1030 1994 possit.
1077 1940 1142 1982 De
1173 1941 1268 1982 toto
1291 1939 1354 1980 rei
1378 1938 1499 1980 exitu
1526 1937 1660 1979 facies
1683 1939 1838 1991 postea

62 2019 131 2048 me
164 2006 479 2060 quamprimum
525 2005 768 2049 certiorem.
831 2005 928 2059 Jpsi
972 2019 1075 2047 uero
1110 2003 1393 2047 Serenissimo
1437 2002 1626 2056 Principi
1668 2015 1837 2043 omnem

61 2074 308 2114 nostrorum
351 2085 527 2125 operam
561 2073 606 2113 et
637 2070 795 2120 uerbis,
829 2073 874 2113 et
905 2084 952 2112 re
985 2083 1242 2124 quacunque
1284 2068 1453 2111 ratione
1485 2067 1672 2110 uoluerit
1705 2066 1839 2109 alacri

62 2136 205 2178 animo
246 2150 342 2178 meo
381 2136 553 2178 nomine
586 2135 838 2190 spondebis,
879 2138 1011 2189 atque
1054 2136 1162 2178 adeo
1203 2133 1465 2189 praestabis.
1527 2133 1604 2175 Jta
1642 2132 1756 2174 enim
1794 2135 1839 2175 et

63 2215 160 2243 cum
192 2201 266 2244 illo
297 2205 389 2245 tam
422 2201 475 2243 de
507 2201 629 2243 nobis
662 2200 943 2251 benemerito,
978 2203 1022 2243 et
1043 2201 1124 2243 hoc
1145 2203 1343 2254 tempore
1366 2199 1581 2249 conuenit,
1615 2212 1698 2251 quo
1722 2198 1840 2240 Deus

64 2266 206 2320 aperit
237 2280 393 2309 uenam
414 2280 618 2320 magnam
641 2266 964 2308 misericordiae
986 2280 1092 2308 suae
1114 2266 1169 2308 ad
1191 2264 1424 2307 iuuandam
1450 2263 1749 2306 Germaniam·
1766 2268 1837 2305 ete.

66 2331 231 2374 Romae
258 2329 440 2386 .1V.b[?]
475 2332 544 2374 die
576 2331 723 2386 Martij
762 2332 890 2375 1575.

180 2413 220 2447 In
247 2413 453 2458 apographo
479 2413 635 2457 quidem,
671 2424 740 2457 quo
767 2424 855 2447 usus
880 2424 971 2453 sum,
998 2413 1030 2447 d.
1061 2411 1157 2455 „.V.“
1188 2411 1310 2445 Martii
1337 2410 1421 2445 huic
1456 2409 1633 2455 epistulae
1659 2408 1840 2453 ascriptus

63 2468 138 2507 est;
164 2466 227 2501 sed
252 2467 289 2501 in
315 2466 448 2501 litteris
474 2465 720 2511 autographis,
748 2466 879 2510 quibus
906 2465 1073 2500 Canisius
1090 2465 1317 2499 Mercuriano
1344 2463 1540 2508 respondit,
1568 2474 1647 2497 eam
1664 2463 1698 2497 4.
1716 2461 1840 2496 Martii

64 2519 185 2554 datam
211 2531 291 2554 esse
316 2519 469 2563 legitur;
497 2520 654 2554 fortasse
680 2521 737 2554 die
763 2521 796 2554 4.
815 2520 950 2565 scripta
977 2522 1013 2553 et
1040 2520 1083 2561 5.,
1120 2519 1181 2563 qui
1207 2520 1285 2552 erat
1310 2517 1513 2557 sabbatum,
1552 2515 1742 2550 tabellario
1769 2517 1839 2549 tra-

64 2572 140 2607 dita
167 2575 240 2613 est;
268 2574 314 2607 cf.
337 2575 423 2608 Can.
443 2573 475 2607 V
501 2574 566 2613 42;
594 2573 645 2608 VI
673 2573 752 2608 119.

182 2627 411 2661 Mercuriani
459 2627 502 2661 ad
543 2626 730 2661 Hoffaeum
778 2625 1038 2672 provincialem
1072 2625 1254 2666 *litterae,
1294 2623 1338 2658 ad
1372 2634 1462 2668 quas
1497 2622 1665 2657 Canisius
1703 2622 1738 2655 in
1772 2620 1840 2656 hac

67 2678 222 2724 epistula
247 2680 455 2721 remittitur,
488 2680 601 2714 Roma
628 2680 660 2714 5.
689 2680 726 2722 (4
738 2680 774 2723 Ῥ)
802 2679 925 2714 Martii
954 2679 1044 2713 1575
1071 2679 1176 2712 datae
1203 2679 1288 2712 sunt
1298 2690 1305 2717 ;
1344 2677 1380 2710 in
1406 2676 1536 2720 quibus
1562 2675 1661 2717 haec,
1697 2677 1841 2721 praeter

65 2731 147 2774 alia,
173 2732 364 2768 dicuntur:
394 2733 470 2776 „Ex
497 2733 666 2768 adiuncto
692 2733 878 2767 literarum
898 2731 1062 2777 exemplo
1088 2734 1151 2765 tua
1176 2731 1217 2765 R.
1237 2729 1427 2773 intelliget,
1453 2729 1538 2774 quid
1565 2728 1706 2774 cupiam
1731 2727 1840 2773 officij

64 2786 240 2830 praestari
274 2798 354 2821 cum
396 2786 632 2822 Serenissimo
667 2785 869 2820 Archiduce
905 2785 1140 2824 Ferdinand0‚
1174 2786 1215 2818 ut
1250 2784 1345 2818 sicut
1376 2794 1397 2817 a
1423 2783 1575 2817 Rectore
1613 2782 1841 2827 aenipontani

65 2838 207 2884 collegij
243 2839 365 2885 accepi
400 2840 608 2874 alieniorem
643 2851 664 2873 a
698 2839 778 2874 nob.
810 2838 1035 2873 celsitudinis
1070 2849 1158 2872 suae
1192 2837 1350 2871 animum
1388 2838 1533 2881 propter
1568 2835 1841 2878 denegationem

65 2892 265 2936 paedagogi
312 2904 417 2937 quem
465 2893 611 2938 petebat
648 2904 666 2926 e
703 2893 837 2927 nostris
870 2891 1058 2926 leniamus.
1109 2891 1190 2926 Jam
1225 2890 1320 2925 enim
1364 2889 1542 2934 conijcere
1575 2891 1696 2934 potest
1730 2887 1772 2923 R.
1800 2887 1840 2921 T.

185 2974 214 3006 a)
234 2976 294 3000 Hoc
315 2984 337 2999 ι·.
357 2975 552 3006 supplendum
573 2982 634 3000 esse
654 2975 758 2999 suade!
782 2981 830 2999 res
850 2975 934 3006 ip.s·c1,·
960 2975 996 3004 cf.
1016 2974 1103 2998 etiam
1125 2981 1218 3005 supra
1235 2980 1267 3004 p.
1288 2973 1348 2997 289.
1442 2971 1474 3003 b)
1494 2972 1574 3002 Vide,
1594 2979 1667 3003 quae
1687 2971 1739 2996 sub
1760 2971 1842 3003 ipsas

64 3015 120 3041 has
139 3016 255 3042 litteras
272 3017 370 3048 primo
389 3017 449 3041 loco
468 3017 613 3041 dicentur.

189 3112 198 3132 ¹
225 3110 378 3146 Paulum
406 3111 608 3145 Hoffaeum.

184 3165 199 3186 ²
224 3164 521 3210 Christophorum
550 3163 721 3199 Klockler
747 3163 1004 3199 cancellarium
1029 3161 1240 3197 tirolensem
1266 3160 1385 3205 (Hirn
1411 3160 1433 3195 1.
1453 3172 1482 3195 c.
1503 3160 1519 3194 Ι
1537 3160 1636 3202 463).
