2062 3443
582 155 802 199 Ingolstadio
828 154 928 189 initio
956 153 1112 188 Ianuarii
1139 165 1170 187 a.
1193 153 1294 187 1577.
1739 155 1820 197 381

52 274 298 327 intelligis·‚
342 287 392 315 ac
434 275 667 327 praeterea
708 273 912 314 Ioannem
954 274 1151 313 nostrum
1185 272 1430 326 Baptistam
1473 285 1498 313 a
1539 271 1824 313 sectariorum

53 339 209 381 iniuria
241 353 378 394 nuper
409 339 707 380 vindicatum¹
741 337 885 390 legisti
921 337 1085 387 sedulo,
1122 339 1167 378 et
1198 338 1361 379 lectum
1395 341 1470 380 tuo
1504 336 1635 378 etiam
1660 337 1826 378 calculo

51 405 230 458 dignum
271 404 547 447 existimasti.
620 403 785 446 Deinde
831 403 1098 444 nobilissima
1143 405 1187 445 et
1231 401 1551 444 illustrissimab
1594 401 1730 453 Virgo
1773 401 1827 442 ad

53 483 156 511 vere
189 469 375 511 nobilem
408 469 707 522 illustremque
741 468 982 522 Principem
1019 467 1172 509 merito
1206 469 1408 516 mittitur,
1451 480 1546 507 eum
1581 466 1826 520 praecipue,

52 535 125 588 qui
155 534 344 588 antiqui⁰
376 535 621 578 stemmatis
655 533 914 587 dignitatem
943 547 994 574 ac
1027 533 1209 586 gloriam
1245 533 1515 574 heroicarum
1549 545 1717 584 quoque
1740 531 1828 573 vir-

53 602 196 642 tutum
230 601 461 654 splendore
493 613 767 654 summopere
801 602 928 640 ornat
961 601 1092 651 atque
1135 597 1448 640 commendatd.
1513 596 1598 638 Sed
1633 600 1678 639 et
1708 596 1827 647 illud,

54 679 122 707 me
155 665 208 707 ad
242 666 322 707 hoc
356 680 463 720 opus
496 665 574 708 tibi
608 664 940 718 nuncupandum
975 663 1172 712 adduxit,
1218 663 1331 716 quod
1365 661 1675 712 existimarem,
1720 675 1830 714 quae

52 730 108 772 de
153 730 344 773 MARIA
390 745 610 786 nunquam
656 731 765 773 satis
811 729 990 772 laudata
1036 729 1218 783 Virgine
1265 729 1580 777 scriberentur,
1626 727 1830 780 religioso

55 795 243 850 Principi
277 810 360 838 non
393 810 521 851 posse
554 810 637 838 non
674 795 861 850 probari,
897 794 967 847 qui
990 794 1179 836 iaminde
1203 808 1228 836 a
1261 795 1401 848 prima
1424 795 1570 836 aetate
1594 792 1831 834 MARIAM

52 860 97 902 in
141 875 308 904 summo
352 861 498 916 precio
546 862 792 912 habuisset,
838 864 884 903 et
927 860 1120 901 eiusdem
1165 859 1317 902 honori
1361 872 1533 912 semper
1576 857 1830 907 studuisset,

58 927 353 981 memoriaque
401 927 556 969 fuisset
601 927 833 981 plurimum
879 927 1161 969 delectatus⁰.
1235 925 1377 973 Quare
1422 938 1507 965 non
1554 923 1617 965 ita
1664 923 1830 977 pridem

52 991 291 1045 contigisse
313 993 525 1044 nouimus,
556 992 670 1035 sicut
692 995 737 1035 et
759 992 822 1034 illi
845 992 916 1045 qui
941 1006 1087 1034 coram
1111 991 1292 1033 adfuere
1315 988 1567 1042 magnatess
1597 991 1831 1039 testantur,

69 1059 118 1099 vt
151 1057 487 1111 Ottingensemg
528 1058 679 1100 aedem
723 1058 947 1111 religionis
981 1071 1086 1110 ergo
1119 1056 1346 1106 inuiseres,
1390 1059 1434 1096 et
1467 1055 1621 1096 eximis
1658 1053 1833 1107 quibus-

56 1121 156 1164 dam
190 1123 348 1166 oblatis
382 1124 435 1165 ad
470 1124 610 1166 altare
634 1124 883 1165 muneribus
915 1122 1088 1177 publice
1112 1121 1435 1164 cohonestareS.
1488 1120 1663 1172 Loquor
1686 1121 1832 1161 autem

53 1187 108 1230 de
141 1192 397 1242 peruetusta
423 1190 536 1243 apud
561 1189 871 1242 Ottingensesh
905 1188 1012 1231 aede
1026 1188 1056 1237 2,
1090 1201 1219 1241 quam
1253 1190 1430 1229 sanctus
1453 1184 1665 1235 Antistes,
1698 1184 1834 1225 idem-

53 1267 140 1307 que
182 1254 452 1296 Bauarorum
496 1254 594 1296 olim
629 1255 868 1309 Apostolus
911 1254 1161 1308 Rupertus3
1203 1252 1293 1294 suis
1334 1250 1595 1294 venerandis
1637 1249 1835 1291 manibus

56 1319 241 1373 primum
283 1320 326 1361 in
369 1319 532 1362 ditione
572 1319 668 1362 tuai
701 1319 1016 1369 consecrauit4,
1061 1331 1278 1372 quamque
1319 1316 1535 1371 gloriosus
1576 1315 1620 1357 in
1663 1314 1835 1357 Sanctis

56 1385 206 1426 Deus5
238 1385 408 1438 magnis
441 1399 652 1440 persaepe
674 1385 922 1427 miraculis¹
956 1385 998 1426 in
1032 1385 1145 1426 hunc
1169 1397 1305 1436 vsque
1329 1382 1441 1424 diem
1463 1381 1670 1430 illustrat,
1705 1394 1834 1433 quam

55 1449 228 1492 demum
263 1464 343 1493 nec
375 1450 535 1493 Bauari
578 1450 731 1501 solum,
775 1451 851 1492 sed
884 1450 1015 1492 etiam
1050 1449 1191 1492 exteri
1223 1448 1467 1502 complures
1499 1449 1753 1489 reuerenter
1785 1459 1836 1488 ac

57 1514 312 1569 frequenter
345 1517 520 1566 adeunt,
553 1515 806 1569 ingentique
829 1530 923 1558 cum
948 1516 1107 1565 fructu,
1142 1518 1524 1568 quantumcunque
1550 1512 1651 1554 noui
1674 1512 1836 1554 calum-

179 1627 208 1658 a)
230 1628 264 1652 1η
285 1629 311 1653 Β
332 1629 401 1653 Can.
421 1628 464 1653 sic
482 1628 610 1653 correrii
631 1636 667 1652 eac
687 1626 820 1652 libenter
840 1627 871 1652 et
891 1633 981 1659 saepe
1002 1625 1171 1657 cognoscis.
1255 1625 1284 1653 b)
1306 1626 1341 1650 In
1356 1626 1382 1650 B
1402 1633 1418 1649 (t
1442 1626 1500 1649 (fan
1523 1632 1597 1649 corr.
1617 1631 1653 1648 es
1674 1621 1785 1648 nobilis
1806 1622 1837 1647 et

58 1666 199 1694 illustris.
266 1670 293 1700 e)
315 1669 365 1702 qui
387 1669 433 1694 sui
454 1670 626 1702 peruetusti
647 1670 676 1694 C.
739 1668 769 1700 d)
788 1670 823 1694 In
838 1670 863 1694 B
885 1670 954 1693 Can.
975 1669 1017 1693 sic
1037 1668 1165 1693 correxit
1185 1675 1221 1692 ex
1243 1666 1294 1700 qui
1314 1674 1380 1692 cum
1402 1665 1520 1698 antiqui
1541 1664 1716 1691 stemmatis
1737 1664 1836 1696 gloria

59 1709 116 1735 hoc
141 1709 207 1736 loco
234 1716 296 1736 non
322 1711 490 1744 repetenda
516 1711 655 1736 heroicas
681 1717 804 1743 quoque
829 1710 973 1737 uirtutes,
1000 1710 1031 1735 et
1051 1709 1080 1734 in
1102 1709 1150 1734 his
1176 1709 1322 1742 pietatem
1348 1708 1471 1737 auitam,
1498 1706 1638 1732 studiose
1668 1705 1836 1737 coniungit.

57 1751 86 1782 e)
107 1752 141 1776 In
163 1753 189 1777 B
206 1753 336 1784 primum
357 1754 473 1784 quidem
493 1754 634 1784 scriptum
656 1756 737 1777 erat:
765 1751 822 1777 Sed
845 1752 876 1777 et
895 1750 969 1776 illud
990 1758 1090 1776 meum
1112 1751 1141 1776 in
1163 1749 1333 1776 dediCando
1354 1749 1531 1774 institutum
1558 1748 1728 1776 confirmat.
1756 1747 1837 1780 quod

56 1799 136 1825 quae
152 1792 188 1818 de
204 1793 300 1820 Maria
318 1801 474 1827 nunquam
495 1794 573 1820 satis
588 1793 711 1819 laudata
725 1793 852 1826 Virgine
872 1793 1058 1822 scribuntur.
1079 1792 1217 1821 religiosi
1232 1791 1382 1824 Principis
1397 1791 1497 1816 animo
1520 1790 1608 1816 facile
1629 1788 1838 1817 adlubescant,

55 1834 124 1859 eius
143 1835 284 1865 maxime,
304 1835 357 1868 qui
377 1836 435 1862 iarn
456 1836 526 1861 inde
548 1843 565 1861 a
584 1835 692 1868 primis
713 1835 801 1861 annis
816 1834 942 1860 Mariam
957 1835 987 1860 in
1005 1834 1103 1867 pretio
1124 1833 1240 1863 habuit,
1261 1835 1294 1858 ut
1313 1840 1369 1866 par
1389 1833 1465 1861 erat,
1485 1831 1627 1861 maximo,
1648 1832 1680 1857 et
1699 1830 1837 1856 eiusdem

59 1875 168 1902 honori
193 1884 316 1910 Semper
341 1877 469 1907 studuit,
495 1877 662 1910 sanctaque
690 1876 838 1902 memoria
857 1876 965 1902 crebro
987 1875 1178 1907 delectatur;
1205 1876 1310 1900 deinde
1330 1878 1425 1899 (tutem
1449 1876 1518 1899 Can.
1537 1875 1641 1898 horum
1662 1881 1705 1898 ιϊ.
1725 1874 1784 1898 loco
1803 1880 1836 1897 ea

0 1930 1 1942 l
52 1919 163 1950 posuit,
190 1927 264 1951 quae
283 1928 376 1951 supra
397 1923 465 1945 sunt
481 1920 590 1951 posim,
613 1923 823 1950 praeterquam
845 1919 919 1950 quor!
941 1920 999 1943 loco
1016 1926 1040 1943 v.
1062 1916 1298 1950 nuncupandum
1317 1917 1437 1948 scripsit
1464 1914 1702 1944 inscribendum,
1728 1917 1837 1946 etpost

0 1959 1 1971 ¹
57 1966 119 1985 non
139 1959 264 1992 probari
283 1962 403 1993 scripsit
424 1961 451 1986 ei
472 1961 612 1988 maxime.
633 1960 694 1993 qui.
785 1960 809 1992 s)
831 1962 891 1985 Hoc
912 1970 934 1985 r.
955 1968 1011 1985 non
1033 1963 1073 1984 est
1097 1960 1125 1983 in
1147 1960 1180 1984 B.
1274 1960 1305 1990 g)
1327 1957 1544 1989 Oetiugenseni
1566 1958 1594 1982 C.
1681 1955 1712 1987 h)
1734 1954 1838 1981 Oetin-

57 2008 168 2034 genses
190 2004 218 2027 C.
321 2002 340 2035 i)
362 2004 395 2028 In
412 2005 438 2028 B
457 2012 473 2027 α
496 2004 564 2028 Can.
586 2011 661 2027 corr.
681 2010 717 2027 ρει·
737 2001 766 2027 in
788 2001 928 2028 Baua-ria.
1038 2000 1069 2032 k)
1092 2003 1125 2026 In
1148 2003 1173 2026 B
1192 2004 1357 2032 sequuntur
1379 2008 1419 2025 vr.
1439 1998 1520 2024 sicut
1539 1999 1631 2024 etiam
1653 1998 1682 2023 in
1704 1996 1838 2023 Donten-

57 2041 186 2074 hausen,
210 2045 298 2070 omitt.

182 2192 190 2212 ¹
217 2191 273 2226 Cf.
291 2191 395 2231 infra,
422 2202 578 2226 monum.
601 2191 703 2226 1102.

178 2244 192 2266 ²
219 2244 260 2279 P.
289 2246 425 2278 Paulus
450 2246 627 2288 Hoffaeus
653 2244 688 2278 S.
717 2245 750 2279 J.
778 2244 812 2278 S.
841 2244 1033 2279 Francisco
1071 2243 1223 2286 Borgiae
1250 2243 1418 2285 Augusta
1445 2241 1476 2274 7.
1505 2239 1641 2284 Aprilis
1670 2239 1758 2274 1571
1797 2238 1839 2272 de

56 2298 205 2333 Alberto
233 2298 276 2332 V.
295 2297 486 2343 *scripsitz
519 2298 789 2343 „Superioribus
816 2298 941 2332 diebus
967 2297 1153 2343 profectus
1180 2299 1235 2330 est
1261 2307 1341 2330 cum
1367 2297 1445 2329 tota
1471 2294 1575 2328 domo
1602 2293 1778 2327 Bauarica
1804 2293 1839 2325 in

54 2352 237 2396 quendam
272 2351 390 2386 locum
426 2351 468 2386 D.
497 2351 639 2396 Virginj
676 2362 818 2386 sacrum
854 2352 915 2386 vbi
952 2352 986 2385 in
1024 2350 1150 2385 habitu
1186 2349 1314 2384 Ducali
1351 2347 1512 2392 formalj,
1548 2346 1840 2381 sacrificantibus

57 2405 338 2450 Archiepiscopo
374 2405 628 2449 Salzburgensi
669 2410 704 2439 et
740 2405 917 2449 Episcopo
956 2403 1198 2445 Passauiensi‚
1235 2403 1366 2438 obtulit
1393 2402 1432 2436 B.
1451 2401 1596 2445 Virgini
1629 2402 1841 2434 ornamenta

54 2459 307 2501 sacerdotalia,
346 2461 488 2493 statuas
524 2461 718 2502 argenteas
745 2458 998 2503 Apostolorum
1039 2462 1075 2491 et
1109 2469 1174 2492 sex
1209 2457 1360 2491 aliorum
1387 2457 1606 2496 sanctorum,
1642 2452 1776 2498 Christj
1805 2455 1841 2486 et

57 2514 95 2546 et
113 2513 154 2547 B.
173 2512 335 2556 Virginis
355 2512 490 2546 statuis
514 2512 701 2553 inauratis,
729 2524 821 2556 quae
844 2512 962 2546 onmia
989 2523 1099 2556 supra
1117 2511 1249 2555 viginti
1267 2509 1381 2544 millia
1406 2509 1621 2543 florenorum
1648 2506 1841 2541 aestimata

57 2566 162 2600 sunt“
195 2567 257 2608 (ex
283 2568 444 2609 autogr.;
474 2565 594 2600 Germ.
617 2566 700 2600 1332
725 2566 751 2599 f.
771 2565 885 2609 200³).

179 2620 192 2639 ³
217 2619 270 2653 De
297 2619 330 2654 S.
351 2620 511 2664 Ruperto
537 2620 652 2664 primo
679 2620 846 2664 episcopo
873 2617 1136 2663 salisburgensi
1163 2629 1196 2652 v.
1220 2619 1310 2652 Can.
1330 2616 1380 2650 Vl
1406 2616 1514 2650 430¹.

177 2674 191 2693 ⁴
218 2671 390 2717 Ottingae
419 2672 631 2716 (Altiitting)
666 2684 809 2707 sacram
835 2672 970 2707 Beatae
998 2671 1134 2706 Mariae
1162 2670 1325 2714 Virginis
1351 2669 1551 2704 aediculam
1579 2678 1600 2701 a
1627 2667 1661 2702 S.
1681 2667 1841 2712 Ruperto

54 2728 305 2760 consecratam
340 2737 420 2760 esse
455 2726 654 2760 affirmavit
688 2726 840 2760 Ioannes
876 2725 1042 2759 Turmair
1076 2724 1154 2759 sive
1189 2724 1393 2758 Aventinus
1430 2723 1466 2765 (†
1502 2721 1609 2763 1534)
1646 2720 1841 2754 historicus

57 2778 215 2813 bavarus
241 2779 278 2813 in
302 2790 369 2813 sua
399 2779 580 2822 „Historia
607 2779 828 2823 Oetingae‘3
857 2790 964 2823 quem
991 2778 1170 2812 Martinus
1197 2777 1411 2819 Eisengrein
1438 2775 1639 2819 collegialis
1667 2773 1841 2808 ecclesiae

0 2845 1 2876 ς
58 2831 267 2876 ottinganae
310 2833 538 2877 praepositus
582 2836 617 2866 et
655 2833 907 2866 universitatis
951 2832 1238 2875 ingolstadianae
1276 2828 1599 2864 vicecancellarius
1641 2828 1676 2861 in
1720 2827 1841 2861 libello

0 2924 1 2928 Ἰ
62 2885 202 2927 „Vnser
239 2886 332 2920 liebe
362 2886 463 2919 Fraw
502 2882 541 2919 2¹]
568 2886 678 2920 Alten
706 2885 878 2929 Oetting‘
909 2885 1125 2929 Ingolstadii
1164 2895 1196 2918 a.
1228 2884 1315 2918 1571
1355 2894 1376 2917 a
1410 2895 1449 2916 se
1476 2882 1573 2916 edito
1599 2883 1748 2916 secutus
1774 2882 1841 2914 est.

0 2953 1 2968 i
58 2937 195 2972 Verum
221 2939 292 2973 iam
319 2939 401 2973 inde
427 2939 472 2973 ab
500 2939 601 2972 initio
627 2938 763 2973 saeculi
791 2938 905 2973 XVII.
925 2939 1129 2983 complures
1163 2937 1327 2971 historici
1359 2947 1492 2980 graves
1518 2946 1595 2969 eam
1623 2934 1841 2969 sententiam

59 2991 119 3025 vel
157 2991 193 3025 in
232 2992 377 3026 dubium
412 2995 636 3026 vocaverunt
677 2991 731 3026 vel
769 2992 912 3026 omnino
948 2991 1196 3036 improbarunt
1236 2990 1298 3033 (G.
1331 2991 1465 3033 Ηαρεν,
1505 2989 1541 3022 in
1585 2987 1670 3031 „Die
1709 2987 1841 3021 Kunst-

55 3044 251 3079 denkmale
278 3045 341 3079 des
367 3044 762 3088 Regierungsbezirkes
777 3045 1023 3091 Oberbayern,
1051 3044 1251 3078 bearbeitet
1278 3055 1348 3077 von
1368 3043 1428 3077 Dr.
1452 3044 1589 3076 Gustav
1615 3052 1677 3075 ron
1699 3041 1841 3083 Bezold,

56 3097 120 3132 Dr.
139 3097 542 3186 Bittgplzslffgegihggr.
566 3100 682 3142 Georq
708 3100 844 3142 Hayer,
870 3098 933 3140 Ill,
961 3097 1141 3132 Miinchen
1171 3097 1272 3138 1905,
1299 3095 1565 3139 2383—2387).
