2051 3433
186 150 272 190 744
958 145 1052 178 Mon.
1083 142 1183 178 1188.

182 264 452 308 temporalium“
483 266 518 298 S.
545 265 580 297 .].
611 265 743 297 Romae
780 265 817 295 c'u
852 264 953 295 ‹Iomo
983 263 1149 305 professa
1185 262 1382 304 ‹leyentt'um
1408 274 1443 294 ιι.
1472 263 1564 294 1574
1598 262 1732 303 scripto
1756 260 1812 292 his
1848 260 1958 292 verbis

184 323 497 352 commemoratur:
523 316 662 351 Jtalus:
691 315 879 351 Saluatore
905 315 950 349 da
975 314 1213 359 Coldiscepoli
1239 314 1272 348 di
1301 316 1359 347 eta
1385 314 1420 347 di
1448 314 1503 349 30.
1522 314 1617 353 anni,
1645 315 1746 346 entro
1773 313 1808 346 in
1836 313 1958 354 Roma,

183 383 253 405 non
280 371 326 405 ha
352 382 485 405 ancora
513 371 604 404 fatto
626 370 635 403 i
654 369 730 403 uoti
756 368 931 412 semplici,
958 370 976 402 e
1003 368 1208 402 coadiutore
1234 367 1441 412 temporale,
1468 370 1527 401 sta
1546 366 1616 400 alla
1642 367 1777 407 cimina,
1804 370 1822 400 e
1841 365 1960 400 habile

184 436 247 469 per
273 426 355 468 ogni
382 428 478 458 sorte
505 423 536 457 d’
549 423 667 457 officio
694 422 864 456 etiamdio
891 422 925 455 di
952 421 1214 455 sottcministro
1240 421 1276 455 al
1308 433 1372 454 suo
1405 424 1535 465 tempo,
1570 421 1615 455 ha
1644 419 1759 454 buona
1784 431 1888 454 mano
1915 419 1960 453 da

184 479 344 512 scrinei-e
371 477 502 522 perche
530 477 568 510 fu
594 479 732 514 notaro.
759 487 858 514 sano,
886 478 921 508 et
947 474 1135 518 gagliardo
1163 476 1226 515 (er
1244 475 1456 517 archetypam·
1484 476 1574 508 Hist.
1597 478 1673 508 Soc.
1693 476 1749 515 41,
1773 486 1808 516 p.
1826 475 1900 514 55).

305 532 411 565 Hunc
447 533 558 573 iye'tm·
588 531 814 573 Oenipontem
848 540 963 562 secum
999 529 1153 561 adduxit
1185 529 1219 562 P.
1246 529 1466 561 Francis-cus
1492 531 1652 562 Antonio
1679 530 1715 562 S.
1734 529 1783 570 J,
1819 528 1962 560 Mariae

185 587 426 629 ‘imperatricis
451 586 689 617 contionator.
738 584 807 624 Qui
828 583 927 616 Ηαῑα
953 585 986 616 Ξ.
1007 583 1100 615 Maii
1120 585 1213 615 1575
1240 583 1474 616 Mercuriano
1500 581 1692 625 *scrip-sit:
1717 581 1789 614 Alli
1817 580 1883 614 28.
1904 579 1962 614 del

184 641 343 684 passato,
370 638 521 683 piaeque
547 637 580 670 al
600 637 729 680 Signor
755 636 862 670 Jddio
889 635 942 669 ch'
959 635 1193 668 arriuassimo
1220 646 1240 668 a
1267 635 1425 678 Jnspruc
1451 635 1540 673 sani,
1570 634 1706 669 benche
1732 634 1887 668 stracchi
1914 633 1963 667 dil

185 692 332 735 viaggio
359 695 395 725 et
421 691 617 725 desiderosi
645 691 679 723 di
717 689 915 723 consolarsi
950 700 1015 722 con
1051 687 1132 732 quej
1160 688 1279 729 Padri,
1316 688 1360 722 da
1388 688 1484 732 quali
1522 689 1672 722 fussimo
1708 687 1860 721 riceuuti
1898 698 1963 720 con

186 745 298 779 molta
330 745 456 785 carita,
493 746 528 778 et
563 744 733 778 massime
760 742 818 776 dal
846 742 884 776 P.
913 741 1066 781 (lamisio,
1105 741 1139 775 al
1166 741 1271 785 quale
1298 741 1342 775 ho
1373 742 1584 785 consignato
1608 741 1637 786 jl
1663 752 1727 775 suo
1755 751 1964 784 compagn0‚

187 801 222 833 et
247 800 506 833 sommamente
542 797 719 840 ringratia
746 795 788 829 V.
810 795 848 829 P.
875 798 911 828 et
936 806 980 828 ne
1006 797 1104 828 resta
1130 794 1240 829 molto
1276 797 1443 829 contento
1482 798 1545 836 (ex
1571 800 1730 837 autoyr.;
1759 796 1876 828 Germ.
1897 796 1967 827 136

186 853 213 895 f.
240 853 358 893 208³).
410 853 469 885 Ad
503 851 587 884 haec
614 852 870 884 Mercuricmus
905 850 1020 882 Romu
1045 850 1217 882 21.Ma2'17
1244 851 1338 882 1575
1374 847 1604 892 *respondir:
1638 847 1747 882 Resto
1783 847 1965 882 consolato

188 918 254 941 con
281 905 467 939 intendere
493 904 529 938 la
556 903 800 938 consolatione
819 903 884 936 che
904 902 927 935 il
946 902 986 937 P.
1007 902 1150 936 Canisio
1177 901 1224 935 ha
1250 902 1412 936 riceuuto
1439 914 1502 946 per
1521 902 1544 935 il
1564 902 1771 946 Compagno
1797 901 1966 934 mandato

186 959 212 994 li
238 959 272 993 di
300 959 360 1002 qui
395 959 454 999 (ex
482 969 605 1002 apogr.
633 957 794 991 eiusdem
828 958 959 1000 temp.;
997 955 1121 989 Austr.
1151 955 1181 996 1,
1208 967 1241 1000 p.
1262 956 1335 998 54).
1376 957 1553 999 Hoffueus
1588 959 1707 989 tamen
1735 954 1967 1000 provincialis

188 1012 389 1057 Oeniponte
407 1012 464 1046 23.
484 1012 568 1045 Maii
592 1011 682 1045 1575
709 1009 977 1043 Mercurianum
1004 1008 1192 1043 *monuitz
1223 1008 1411 1051 ‚Saluator
1434 1009 1494 1043 ille
1513 1009 1754 1043 Amanuensis
1774 1008 1811 1042 P.
1833 1007 1968 1052 Canisij

189 1066 259 1100 huc
285 1065 460 1110 peruenit,
487 1065 550 1099 sed
577 1065 654 1098 sine
681 1063 755 1097 vlla
781 1062 1053 1101 informatione;
1089 1063 1191 1096 aiunt
1217 1074 1296 1096 esse
1322 1062 1502 1096 hominem
1529 1062 1724 1101 Nuuitium,
1761 1061 1822 1106 qui
1846 1063 1968 1095 tamen

190 1120 253 1154 vix
279 1118 484 1162 gustauerit
510 1118 745 1152 nouitiatum:
777 1116 837 1161 alij
866 1128 946 1150 eum
975 1115 1226 1150 Coadiutorem
1254 1119 1440 1154 vocarunt,
1466 1118 1577 1158 negat
1603 1116 1680 1160 ipse
1707 1118 1743 1149 et
1768 1114 1968 1149 scholarem

190 1185 229 1209 se
256 1175 373 1210 vocat.
409 1172 596 1215 vtiturque
630 1170 758 1204 habitu
794 1169 973 1214 clericalj:
1010 1169 1165 1203 nondum
1193 1170 1283 1204 satis
1318 1169 1477 1203 iudicare
1504 1181 1695 1214 possumus
1721 1172 1894 1212 quantum
1923 1167 1971 1201 sit

190 1227 401 1272 profuturus
439 1225 476 1258 P.
506 1224 650 1259 Canisio
691 1232 753 1264 (er
788 1224 1026 1266 ααιοῳάρῖιο,
1065 1225 1158 1266 quod
1194 1229 1240 1257 est
1278 1225 1409 1257 Romae
1448 1225 1486 1256 in.
1523 1223 1668 1257 archivo
1707 1224 1807 1265 requi
1844 1222 1970 1262 italici,

192 1281 301 1315 Arch.
330 1281 386 1312 det*
425 1280 584 1312 Gesm'ti:
618 1279 756 1312 Lettere
782 1279 1053 1312 1548—1575).
1105 1278 1164 1310 Ad
1198 1278 1282 1310 haec
1320 1279 1574 1310 ruerem-ianus
1600 1277 1754 1319 Hoffaeo
1788 1278 1844 1309 25.
1871 1275 1973 1308 Iunii

195 1337 286 1369 1575
313 1334 525 1376 *rescripsit
536 1345 547 1366 .·
573 1332 626 1366 De
645 1331 833 1364 Saluatore
853 1357 860 1365 .
882 1357 889 1364 .
910 1357 917 1364 .
938 1331 1026 1363 bene
1052 1341 1185 1371 mones,
1214 1331 1307 1374 quod
1334 1331 1441 1364 etiam
1469 1333 1553 1363 tuae
1571 1329 1612 1364 R.
1631 1329 1858 1363 scribendum
1878 1327 1970 1371 cogi-

193 1388 334 1422 tabam:
362 1386 463 1420 illum
490 1385 635 1420 circiter
661 1396 794 1419 annum
821 1384 893 1418 iam
920 1395 999 1418 esse
1025 1395 1105 1417 cum
1132 1384 1177 1417 ad
1203 1384 1433 1430 probationes
1460 1383 1640 1417 admissus
1658 1383 1715 1423 sit,
1742 1383 1802 1426 qui
1829 1393 1908 1415 cum
1936 1381 1973 1414 in

193 1440 355 1486 negocijs
382 1440 603 1474 notariorum
630 1440 799 1473 uersatus
826 1440 932 1478 esset,
960 1437 1249 1471 existimauilnus
1276 1449 1381 1482 posse
1408 1449 1487 1471 eum
1515 1437 1708 1481 aliquando
1734 1435 1858 1470 utilem
1887 1435 1973 1475 fore,

194 1494 252 1528 uel
278 1494 328 1528 ad·
349 1493 545 1527 iuuandum
572 1492 846 1526 Procuratorem
876 1490 1100 1531 Generalem,
1128 1490 1186 1524 uel
1211 1491 1255 1524 ad
1283 1491 1454 1525 eiusmodi
1483 1490 1554 1524 alia
1580 1491 1614 1524 in
1642 1490 1784 1533 exiguis
1811 1487 1974 1532 collegijs

195 1547 355 1591 agenda:
392 1549 429 1580 et
455 1558 532 1580 eam
561 1546 604 1580 ob
631 1557 705 1579 rem
733 1544 850 1590 pileus
876 1544 928 1577 illi
955 1543 1133 1578 clericalis
1160 1544 1266 1578 datus
1292 1548 1357 1584 est,
1384 1549 1426 1578 ut
1450 1543 1485 1577 in
1512 1543 1628 1577 literis
1653 1542 1888 1577 humaniorib.
1915 1541 1973 1575 fir-

195 1602 309 1635 miora
344 1612 423 1635 cum
458 1600 594 1634 iaceret
628 1599 864 1633 fundamenta
899 1600 977 1630 tum
1003 1609 1067 1631 suo
1098 1600 1258 1642 tempore
1294 1597 1407 1632 sacris
1442 1597 1658 1634 initiaretur,
1693 1597 1722 1630 si
1750 1596 1784 1629 in
1812 1594 1973 1629 uirtutib.

196 1654 321 1689 solidis
348 1653 605 1688 conuenientes
631 1663 846 1697 progressus
873 1650 1034 1684 fecisset.
1075 1650 1129 1684 De
1155 1651 1223 1685 hac
1249 1663 1287 1685 re
1312 1651 1473 1685 nonnihil
1500 1651 1544 1685 ad
1566 1650 1602 1684 P.
1624 1649 1806 1684 Canisinm
1833 1647 1973 1693 scripsi,

195 1710 237 1741 ut
264 1707 316 1741 illi
343 1719 449 1741 curae
475 1707 524 1740 sit
551 1707 664 1751 ipsius
690 1704 932 1739 Amanuensis
957 1703 1110 1738 uictoria
1138 1704 1180 1738 de
1206 1716 1244 1738 se
1271 1705 1394 1749 ipso¹:
1431 1704 1657 1738 Tantundem
1683 1707 1768 1736 tuae
1796 1702 1836 1736 R.
1863 1700 1974 1745 Scrip-

195 1764 301 1795 turus
327 1763 367 1794 ut
393 1760 496 1799 facio,
523 1771 676 1804 eumque
702 1758 768 1793 tibi
787 1759 821 1791 in
842 1757 992 1791 Domino
1019 1757 1274 1792 commendans
1301 1759 1364 1800 (ear
1391 1760 1640 1792 conmentario
1665 1768 1774 1789 manu
1794 1754 1974 1789 Posset-ini

197 1816 342 1858 scripto,
373 1815 416 1848 G.
437 1815 524 1857 Sul).
546 1817 565 1847 1
591 1815 618 1855 f.
637 1815 715 1853 28).

318 1868 425 1901 Brevi
449 1872 567 1900 tamen
591 1871 668 1910 post
690 1867 857 1900 Cauc'sius
876 1865 1026 1906 Hoffaeo
1053 1869 1196 1898 (tractore
1215 1866 1262 1898 ad
1285 1866 1555 1898 Mem-ursanum
1580 1865 1726 1906 rettulit,
1756 1863 1976 1896 Salvatorem

199 1933 308 1966 neque
334 1933 482 1964 corpore
515 1932 626 1964 neque
652 1922 773 1954 animo
805 1919 920 1952 valere
948 1919 1090 1962 ideoque
1120 1920 1310 1961 Oem'ponte
1335 1919 1607 1952 amandandum
1634 1928 1704 1950 esse
1729 1916 1866 1956 videri;
1903 1914 1978 1947 ride

198 1987 311 2019 supra
335 1987 370 2018 p.
398 1978 477 2008 295.
522 1968 706 2016 'Hoffaeus
740 1975 890 2018 denique
917 1977 1080 2017 Auyusta
1109 1977 1138 2006 5.
1168 1973 1382 2015 Septembris
1409 1974 1502 2005 1575
1529 1972 1762 2004 Merum-iano
1788 1968 1980 2011 *scripsiw

200 2029 424 2063 Saluatorem
445 2028 484 2062 P.
505 2026 639 2061 Canisii
656 2027 923 2062 Amanuensem
950 2027 1202 2062 existimamus
1229 2026 1349 2069 potius
1366 2025 1402 2058 in
1420 2024 1569 2059 Jtaliam
1595 2023 1851 2057 remittendum
1870 2031 1976 2066 quam

200 2094 218 2117 e
237 2082 416 2116 Societate
443 2081 707 2121 dimittendum,
733 2092 850 2125 neque
877 2081 971 2116 enim
998 2080 1197 2114 mirandum
1219 2081 1274 2113 est
1300 2079 1328 2112 si
1358 2079 1392 2112 in
1418 2078 1606 2112 scribendo
1632 2088 1702 2110 non
1730 2078 1849 2121 potest
1874 2074 1978 2109 satis-

199 2136 320 2170 facere
346 2135 386 2169 P.
406 2134 560 2176 Canisio,
588 2134 644 2179 cuj
671 2133 848 2169 hactenus
873 2128 978 2168 nemo
1004 2134 1090 2167 fecit
1117 2133 1217 2167 satis.
1263 2132 1386 2175 Jgitur
1411 2131 1440 2165 si
1466 2131 1504 2164 P.
1525 2130 1691 2165 Canisius
1718 2130 1753 2163 in
1781 2128 1905 2163 eadem
1931 2127 1980 2161 sit

200 2188 381 2224 sententia
407 2190 448 2222 vt
474 2188 630 2222 retinere
665 2187 844 2222 hominem
872 2188 972 2225 nolit,
1000 2187 1058 2221 vel
1084 2187 1113 2220 si
1144 2187 1219 2231 ipse
1247 2196 1388 2229 quoque
1422 2185 1513 2218 citra
1538 2183 1732 2218 laesionem
1762 2181 1981 2216 valetudinis

202 2254 346 2277 manere
363 2254 433 2276 non
452 2241 578 2286 possit,
605 2253 685 2275 cum
705 2241 787 2285 alijs
805 2243 838 2276 4.
858 2241 1024 2285 sequenti
1050 2240 1273 2274 hebdomade
1291 2239 1326 2272 in
1346 2238 1493 2273 Jtaliam
1513 2237 1653 2275 redibit,
1681 2237 1800 2280 ibique
1818 2234 1982 2269 haerebit

202 2296 261 2330 vbi
288 2295 328 2330 P.
348 2294 391 2329 V.
420 2307 482 2339 per
516 2295 641 2328 literas
677 2295 708 2328 ei
744 2295 964 2338 significabit
1000 2293 1219 2328 haerendum
1257 2304 1353 2333 esse,
1391 2292 1548 2335 alioquin
1585 2293 1683 2324 recta
1719 2289 1866 2323 Romam
1904 2299 1980 2333 per-

202 2351 369 2384 recturus
395 2349 458 2390 (ex
485 2353 647 2391 autom-4
678 2350 796 2383 Germ.
819 2352 887 2382 136
911 2349 938 2390 f.
960 2349 1074 2388 144³).

205 2431 222 2465 l
232 2430 354 2466 188.
431 2430 523 2466 1555.
568 2429 660 2465 1576.

328 2492 509 2534 Hodinqus
529 2491 756 2523 calvinianus
776 2491 908 2533 Socios,
937 2491 1114 2532 imprimis
1134 2489 1332 2531 Cauislmn,
1353 2489 1502 2531 pessime
1520 2487 1775 2520 calumniatur.
1812 2485 1984 2518 Perellius

205 2545 369 2586 (Rabies)
398 2549 427 2577 et
458 2546 547 2577 (1¹th
575 2546 606 2578 ei
632 2545 853 2587 respondent.

328 2609 619 2642 Bartholomaeus
644 2609 686 2641 de
711 2609 837 2642 Portia
864 2607 1012 2641 nuntius
1038 2605 1256 2651 apostolicus
1284 2606 1449 2648 Augusta
1476 2606 1508 2639 9.
1538 2604 1615 2638 Iulii
1649 2603 1737 2637 1575
1765 2602 1912 2635 Romam
1939 2599 1984 2634 ad

205 2661 422 2696 cardinalem
450 2661 661 2696 Comensem
697 2661 786 2695 haec
820 2661 981 2695 rettulit:
1022 2659 1219 2702 „Scrivessi
1247 2659 1311 2693 che
1332 2687 1339 2693 .
1359 2685 1367 2694 .
1388 2685 1395 2692 .
1439 2659 1477 2692 fu
1503 2658 1655 2692 recitata
1683 2657 1715 2690 in
1746 2654 1986 2697 Heidelberga

208 2714 263 2748 un'
292 2715 524 2748 acerbissima
551 2714 711 2749 oratione
729 2716 854 2748 contra
881 2714 916 2747 la
934 2713 1149 2758 compagnia
1167 2715 1202 2746 et
1221 2712 1369 2746 insieme
1388 2714 1512 2746 contra
1538 2712 1573 2745 ia
1592 2710 1764 2753 religione
1783 2706 1980 2743 catholica*

214 2768 441 2811 (Schellhass‚
467 2767 577 2801 Nunt.
600 2768 627 2801 V
656 2768 730 2811 75).

328 2820 536 2854 Orationem
573 2821 666 2855 hanc
694 2820 821 2855 habuit
847 2819 1062 2854 Guilielmus
1089 2818 1229 2861 Roding
1257 2817 1540 2861 (1549—1603).
1576 2815 1714 2851 Nicolai
1742 2814 1883 2858 Roding
1909 2824 1986 2858 pro-

209 2874 421 2907 testantium
457 2874 769 2917 uun-burgensium
795 2873 950 2907 ministri
977 2876 1011 2906 et
1038 2871 1239 2916 theologiae
1275 2871 1490 2916 professoris
1525 2869 1632 2910 filius,
1669 2869 1729 2912 qui
1757 2880 1797 2901 eo
1828 2871 1987 2911 tempore

211 2926 394 2969 Marburgi
424 2926 457 2960 in
485 2927 707 2971 paedagogio
735 2926 908 2968 magister
934 2929 1010 2960 erat
1037 2928 1073 2959 et
1099 2928 1223 2969 postea
1250 2925 1360 2959 libros
1387 2924 1536 2968 aliquot,
1570 2922 1744 2966 imprimis
1774 2918 1984 2963 „Manuale‘

213 2979 389 3023 quoddam
409 2979 495 3013 iuris
515 2981 713 3016 cameralis.
733 2980 845 3014 edidit
865 2980 1076 3022 (Eisenhart
1094 2980 1128 3012 in
1151 2978 1395 3021 „Aligemeine
1415 2976 1596 3011 Deutsche
1611 2973 1846 3019 Biographie¹⁴
1869 2970 1989 3006 XXIX

213 3032 383 3075 30—32).
436 3032 551 3066 Huius
578 3034 687 3076 igitur
714 3033 827 3067 oratio
854 3034 979 3077 postea
1005 3032 1102 3077 typis
1129 3043 1269 3075 quoque
1296 3035 1351 3064 est
1377 3031 1578 3075 exscripta:

340 3133 348 3151 ¹
374 3131 465 3165 Vide
491 3143 599 3177 supra
627 3145 659 3177 p.
687 3133 768 3167 296.
