2051 3433
221 131 304 171 244
455 125 556 162 1905.
585 124 750 160 Canisius
776 125 941 160 Andreae
968 125 1141 160 Fabricio.
1186 125 1386 171 Oeniponte
1413 126 1446 162 5.
1466 125 1632 161 Octobris
1661 126 1762 161 1574.

220 246 291 300 qui
332 245 475 300 reipsa
518 244 712 287 declarat
757 257 804 286 se
846 243 1020 286 minime
1065 243 1361 286 Caluinianum
1404 257 1513 295 esse,
1560 258 1689 297 quum
1734 244 1990 298 plaerosque

221 310 441 353 ministros
474 323 497 352 e
520 309 609 351 suis
633 309 865 352 ditionibus
899 308 1109 362 exegerit,
1144 309 1257 362 quod
1281 323 1307 351 a
1328 308 1518 352 Luthero
1552 309 1606 351 ad
1629 309 1853 351 Caluinum
1887 308 1991 350 defi-

220 377 411 419 cerentl.
476 375 593 417 Malo
626 374 778 428 inquit,
821 374 1015 417 Jesuitas
1048 374 1164 416 ferre
1197 388 1325 428 quam
1359 374 1633 424 Caluinistas‚
1672 374 1838 428 gratior
1869 373 1991 416 nobis

222 444 410 496 papatus
443 455 572 494 quam
596 440 895 482 Caluinismus.
942 439 1075 482 Miser
1100 440 1284 494 populus
1306 440 1587 483 uehementer
1608 439 1840 482 offenditur
1862 442 1993 492 atque

222 505 480 550 distrahitur
502 505 567 547 his
591 506 814 548 doctorum
838 519 1012 546 suorum
1036 504 1236 556 dissidiis,
1267 519 1378 558 quae
1400 505 1540 558 magis
1563 508 1607 547 et
1628 504 1768 558 magis
1790 504 1832 546 in
1854 505 1993 546 lucem

221 572 448 627 prodeunt,
492 584 729 625 pacemque
763 573 807 613 et
840 570 1114 613 concordiam
1149 571 1466 613 Catholicorum
1499 570 1647 614 multis
1689 570 1917 613 amabilem
1950 572 1994 611 et

222 637 456 692 optabilem
490 636 688 679 reddunt.
752 636 931 679 Vtinam
967 636 1087 678 breui
1120 649 1174 678 ex
1207 636 1416 687 Romano,
1451 639 1528 678 aut
1559 635 1703 690 potius
1737 634 1993 678 Germanico

224 702 454 745 seminario
488 703 728 755 emergant,
763 715 943 754 quorum
977 715 1080 743 usus
1113 715 1208 743 esse
1241 702 1379 755 possit
1410 702 1453 743 in
1476 701 1681 744 sanandis
1705 700 1911 754 aegrotis,
1945 714 1995 742 ac

223 767 403 810 mortuis
437 766 569 810 etiam
603 767 657 809 ad
690 781 839 809 ueram
872 766 1007 809 uitam
1042 766 1285 809 excitandis
1311 767 1392 809 Dei
1424 767 1568 821 gratia
1601 767 1644 808 in
1676 766 1994 820 Septentrione.

224 833 363 883 Nunc,
397 832 604 886 Princeps
644 835 794 875 noster
836 846 932 874 cum
972 832 1174 875 Electore
1208 832 1380 875 Saxone
1421 835 1636 882 uersatur,
1678 832 1754 874 sed
1785 831 1865 873 hoc
1903 831 1994 886 ipso

224 911 383 948 mense,
417 900 465 940 ut
498 900 668 951 putant,
702 897 785 939 huc
817 899 1112 940 reuersurus2.
1166 897 1421 953 Ingolstadij
1456 912 1552 940 cum
1585 898 1766 940 Alberto
1800 896 1996 951 Principe

222 965 324 1005 Dux
341 963 366 1004 J
372 963 600 1006 uliacensis
624 966 668 1006 et
690 963 761 1017 alij
782 963 975 1004 nonnulli
994 963 1229 1006 Lutherani
1248 963 1385 1006 amice
1403 963 1755 1016 congrediuntur,
1779 962 1996 1005 hilariter·

224 1042 306 1082 que
338 1027 491 1070 uiuunt
523 1028 842 1083 proculdubi03.
892 1028 1057 1070 Felices
1089 1043 1180 1079 uos,
1215 1029 1368 1082 quibus
1401 1028 1584 1081 contigit
1616 1028 1696 1070 hoc
1728 1031 1922 1082 tempore
1953 1026 1997 1068 in

225 1094 331 1136 urbe
363 1097 516 1136 sancta
546 1093 706 1136 morari
729 1097 773 1137 et
801 1094 980 1148 jubilaei
1012 1094 1201 1148 gratiam
1225 1094 1425 1149 excipere
1439 1095 1467 1137 4.
1514 1094 1665 1148 Belgio
1688 1093 1868 1136 meliora
1899 1106 1997 1147 pre-

224 1173 370 1201 cemur
414 1159 539 1210 licet,
586 1159 784 1213 grauiter
825 1159 938 1201 enim
980 1162 1201 1202 nostrates
1242 1160 1444 1202 laborare
1486 1159 1627 1203 audio,
1690 1159 1900 1201 Dominus
1932 1157 1997 1200 af-

224 1225 354 1267 flictis
386 1224 543 1278 ubique
575 1225 769 1278 gentium
804 1225 1054 1280 opituletur.
1107 1225 1226 1267 Bene
1259 1225 1357 1267 uale
1389 1225 1456 1267 uir
1487 1225 1673 1268 amiciss.
1708 1227 1753 1267 et
1782 1223 1996 1266 Canisium

225 1294 346 1333 tuum
389 1290 501 1332 habe
544 1290 620 1333 tibi
663 1303 836 1344 semper
878 1290 1239 1334 commendatum.
1305 1290 1538 1345 Oeniponti
1581 1292 1605 1332 5
1641 1289 1841 1333 Octobris
1884 1289 1998 1331 1574

227 1355 417 1410 Raptim,

1440 1415 1601 1458 Seruus
1633 1415 1675 1457 in
1709 1414 1879 1457 Christo

1461 1487 1619 1530 Petrus
1650 1485 1859 1529 Canisius.

345 1569 604 1623 Pergratum
646 1569 729 1612 erit
770 1583 1045 1624 cognoscere,
1087 1572 1240 1624 pateat
1280 1584 1334 1612 ne
1374 1570 1493 1613 locus
1538 1570 1703 1612 duobus
1745 1569 1915 1612 Geldris
1954 1568 1998 1610 in

227 1634 410 1689 collegio
434 1634 704 1687 Germanico,
738 1635 774 1677 si
797 1636 979 1678 Romam
1002 1635 1182 1678 ueniant
1204 1635 1440 1691 praeclaris
1473 1635 1645 1678 dotibus
1667 1634 1997 1678 commendati5.

343 1717 604 1761 Doctissimo
642 1717 735 1759 viro
768 1717 952 1760 Domino
985 1719 1037 1761 D.
1061 1717 1264 1761 Andreae
1295 1718 1507 1770 Fabricio,
1550 1719 1726 1773 Doctorj
1761 1718 1997 1772 Theologo,

223 1783 438 1826 Canonico
472 1782 784 1835 Traiectensiss,
820 1783 958 1825 amico
992 1783 1306 1827 colendissimo.
1430 1784 1607 1827 Romae.

221 1947 427 1992 ceptoribus
463 1950 541 1982 erat
567 1946 710 1982 Ernesti
737 1947 914 1982 Bavariae
940 1947 1112 1992 principis
1138 1949 1247 1992 atque
1274 1948 1545 1993 episcopatuum
1571 1948 1800 1992 frisingensis
1826 1951 1862 1983 et
1887 1948 1997 1983 hilde-

222 2001 352 2035 siensis
380 2000 693 2042 administratoris,
721 2012 825 2045 quem
845 2001 1016 2036 Albertus
1034 2001 1077 2035 V.
1098 2003 1210 2045 pater,
1238 2013 1307 2045 quo
1334 2001 1462 2036 melius
1488 2002 1532 2035 ad
1558 2013 1662 2036 sacra
1688 2002 1745 2047 pie
1763 2004 1800 2036 et
1816 2003 1998 2048 sapienter

221 2054 506 2088 administranda
541 2054 803 2096 institueretur,
832 2054 995 2098 Gregorii
1024 2054 1119 2088 XIII.
1148 2055 1303 2089 invitatu
1330 2067 1415 2090 vere
1441 2056 1523 2090 anni
1552 2056 1645 2090 1574
1670 2055 1819 2090 Romam
1851 2056 1996 2091 miserat

224 2108 410 2151 (leeiner,
437 2108 528 2141 Ann.
548 2108 573 2149 I,
601 2108 636 2141 in
663 2119 694 2142 a.
718 2107 818 2150 1574,
845 2120 878 2142 n.
898 2108 954 2150 25,
981 2109 1047 2149 263
1074 2109 1218 2142 Riezler
1243 2108 1266 2143 l.
1285 2121 1315 2143 c.
1334 2109 1384 2143 IV
1412 2109 1630 2153 612—613).

343 2168 354 2187 ¹
378 2168 577 2210 Augustus,
590 2166 767 2201 Saxoniae
778 2168 945 2213 princeps
957 2168 1091 2203 elector
1102 2168 1325 2210 lutheranus,
1341 2179 1420 2203 cum
1433 2181 1464 2203 a.
1476 2169 1567 2203 1574
1578 2169 1819 2214 professorum
1832 2169 1997 2204 aliorum-

222 2231 302 2264 que,
341 2220 402 2264 qui
437 2220 576 2255 occulte
609 2220 1071 2256 Calvinismum-colebant
1103 2224 1139 2256 et
1173 2222 1431 2267 propagabant,
1468 2223 1606 2257 artibus
1639 2234 1678 2257 se
1704 2223 1892 2268 deceptum
1919 2235 1998 2258 esse

224 2273 552 2312 animadvertisset.
579 2285 706 2308 severe
741 2274 777 2308 in
804 2286 864 2309 eos
891 2275 1180 2309 animadvertere
1206 2278 1242 2309 et
1271 2275 1692 2320 „cryptocalvinisniuni“
1724 2287 1769 2311 ex
1796 2277 1902 2312 terris
1922 2277 1998 2312 suis

229 2327 473 2361 exterminare
500 2327 628 2372 coepit.
674 2327 727 2363 Cf.
747 2330 901 2362 Jews-sen
930 2329 951 2363 1.
971 2340 1001 2366 c,
1021 2328 1071 2362 IV
1087 2330 1180 2349 '5-“3
1206 2329 1404 2364 374—382.

344 2381 357 2401 ²
385 2380 630 2414 Ferdinandus
656 2381 699 2415 II.
730 2393 774 2415 ex
803 2381 992 2423 Karlsbad,
1029 2382 1157 2427 oppido
1192 2382 1376 2416 bohemico
1402 2382 1599 2417 salubrium
1626 2394 1799 2427 aquarum
1826 2395 1894 2418 usu
1930 2384 1996 2418 fre-

222 2434 358 2477 quenti,
385 2434 418 2468 2.
438 2433 614 2475 Octobris,
651 2437 691 2468 ut
718 2435 870 2476 videtur,
898 2447 928 2469 a.
951 2436 1042 2469 1574
1069 2435 1243 2470 Dresdam
1279 2436 1323 2469 ad
1351 2436 1555 2479 Augustum
1587 2436 1772 2481 profectus
1798 2440 1854 2471 est
1882 2437 1995 2481 (Hb-n

224 2488 349 2522 l.c.II
380 2488 499 2531 151³).
1396 2499 1399 2501 ·

345 2541 358 2561 ⁸
382 2540 554 2575 Albertus
580 2540 622 2576 V.
652 2541 707 2576 25.
737 2541 957 2586 Septembris
986 2542 1078 2578 1574
1102 2542 1335 2586 Neoburgum
1361 2543 1404 2577 ad
1431 2542 1636 2577 Danuvium
1664 2546 1821 2586 venerat,
1860 2544 1904 2578 ad
1930 2543 1997 2579 sol-

225 2593 356 2628 lemnia
382 2594 600 2639 nuptiarum,
627 2606 718 2639 quae
740 2595 926 2640 Philippus
946 2596 1149 2631 Ludovicus
1168 2596 1366 2637 Palatinus,
1393 2597 1465 2630 dux
1492 2597 1750 2640 neoburgensis
1776 2597 1996 2638 lutheranus,

224 2659 305 2681 cum
323 2648 435 2687 Anna,
464 2646 645 2682 Guilielmi
673 2648 774 2683 ducis
800 2649 1007 2684 iuliacensis
1034 2653 1069 2684 et
1095 2649 1266 2684 clivensis
1292 2650 1460 2684 catholici
1486 2650 1570 2691 filia,
1598 2650 1820 2691 celebrabat;
1849 2651 1999 2685 aderant

223 2712 365 2744 quoque
401 2701 615 2736 Guilielmus
655 2702 737 2742 dux,
777 2702 980 2737 Ludovicus
1019 2705 1055 2737 et
1090 2703 1267 2747 Georgius
1302 2703 1453 2737 Ioannes
1479 2703 1647 2744 Palatini,
1686 2703 1889 2739 Ludovicus
1924 2705 1996 2739 dux

227 2754 593 2798 wurttembergeusis,
631 2754 845 2790 Guilielmus
872 2756 1024 2791 Hassiae
1051 2756 1289 2799 lantgravius,
1324 2756 1513 2801 Philippus
1548 2757 1706 2791 marchio
1736 2757 1903 2793 badensis
1929 2760 1996 2792 etc.

228 2807 368 2849 (Goetz,
397 2808 566 2850 Beitrage
592 2808 660 2842 824
674 2809 714 2852 ⁸).

346 2862 359 2880 ‘²
387 2860 436 2893 De
463 2860 529 2894 hoc
557 2861 710 2896 iubilaeo
738 2873 772 2896 v.
792 2874 901 2907 supra
927 2874 960 2908 p.
981 2863 1084 2898 2:31³.

347 2914 359 2933 ⁵
387 2913 519 2947 Eratne
546 2914 669 2948 horum
698 2927 789 2949 unus
815 2916 972 2951 ,lacobus
998 2915 1172 2961 Rijswick
1193 2916 1326 2951 Canisii
1352 2928 1471 2961 nepos,
1499 2917 1542 2951 de
1568 2929 1637 2962 quo
1663 2928 1773 2962 supra
1798 2929 1831 2962 p.
1850 2917 1919 2952 202
1930 2922 1949 2951 ἱ)

347 2966 359 2986 ⁶
386 2966 587 3001 Fabricium
631 2968 690 3002 vel
732 2969 889 3004 Traiecti
931 2970 976 3004 ad
1019 2969 1181 3004 Rhenum
1227 2970 1433 3014 (Uti-seht),
1472 2970 1530 3005 vel
1573 2971 1730 3005 Traiecti
1772 2972 1816 3005 ad
1858 2971 1994 3006 Mosam

228 3019 476 3063 (Maastricht)
504 3022 755 3055 canonicatum
782 3022 951 3057 habuisse
977 3034 1153 3067 nusquam
1184 3023 1304 3057 inveni
1333 3027 1587 3065 memoratum
1624 3026 1767 3058 constat
1793 3035 1889 3065 vero,
1915 3035 1995 3058 eum

230 3072 349 3106 Leodii
388 3074 474 3117 (quo
509 3074 723 3119 episcopalis
758 3076 862 3110 sedes
894 3077 1102 3120 tungrensis
1133 3076 1298 3111 'l'raiecto
1334 3077 1377 3110 ad
1409 3077 1547 3111 Mosam
1580 3077 1757 3112 translata
1793 3077 1876 3111 olim
1901 3080 1994 3120 erat)

226 3126 437 3160 canonicum
465 3127 638 3161 ecclesiae
665 3128 883 3164 cathedralis
910 3130 1022 3164 fuisse
1050 3129 1199 3173 (Lossen
1225 3129 1533 3174 1.e.725—728).
