2051 3433
172 140 258 182 834
604 135 700 170 Mon.
724 135 827 170 1261.
871 135 901 168 A
931 135 985 169 13.
1006 134 1050 169 ad
1080 134 1132 169 19.
1155 133 1377 179 Septembris
1405 134 1506 169 1580.

171 266 242 289 una
277 266 357 289 cum
386 253 595 298 Praeposito
624 251 841 297 Prouincialj
878 251 1044 296 seligant,
1081 262 1173 295 quae
1207 250 1281 285 sint
1316 249 1584 295 congregationj
1612 248 1829 294 Prouincialj
1866 260 1943 294 pro—

171 308 344 353 ponenda,
370 318 461 351 quae
487 306 700 352 reijcienda:
736 307 772 339 et
806 305 922 350 priore
949 305 1091 349 quidem
1127 304 1202 338 loco
1229 303 1366 338 electus
1393 306 1449 338 est
1474 304 1516 338 R.
1546 304 1583 339 P.
1604 303 1733 337 Petrus
1760 302 1944 338 Canisius:

171 361 327 396 secundo
362 372 446 394 uero
481 360 558 394 loco
585 360 623 393 Ρ.
652 359 894 393 Theodoricus
921 358 1097 392 Canisius.
1149 357 1310 402 Denique
1345 358 1388 391 ad
1425 356 1527 402 plura
1561 357 1734 401 suffragia
1768 358 1943 390 statutum

172 416 237 456 est,
272 417 313 448 ut
347 414 390 448 ad
427 414 492 448 hos
518 414 657 453 Patres,
694 416 778 447 ante
812 415 955 446 noctem
990 412 1152 456 proxime
1187 411 1372 455 sequentis
1407 411 1488 456 diej,
1525 411 1676 445 afferant
1705 420 1829 444 omnes
1854 420 1946 453 quae

173 467 442 512 congregationi
471 466 696 512 proponenda
723 466 936 500 habuerunt.

294 528 348 562 19.
367 526 588 572 Septembris
615 537 695 560 cum
722 528 805 559 ante
832 527 868 559 et
894 527 975 570 post
1000 524 1185 558 meridiem
1204 524 1332 558 Patres
1358 523 1637 558 conuenissent.
1657 550 1665 558 .
1686 550 1693 557 .
1721 534 1766 556 ex
1791 522 1836 567 ijs
1855 533 1946 566 quae

176 581 304 615 Patres
331 580 493 625 deputati
519 579 737 623 selegerunt,
764 579 843 613 uisa
869 581 954 612 sunt
979 580 1168 622 sequentia
1193 578 1335 612 nomine
1355 576 1653 621 Congregationis
1679 576 1795 617 huius,
1814 575 1948 610 Romae

175 646 256 669 esse
282 633 523 679 proponenda.
544 660 551 667 .
571 660 578 667 .
599 660 606 666 .

294 694 324 728 1.
353 692 443 735 Quia
470 692 578 736 longa
597 694 633 726 et
658 692 829 736 frequens
848 691 1070 736 experientia
1089 691 1216 725 docere
1234 690 1388 732 uidetur,
1414 693 1558 724 nostros
1583 690 1745 724 homines
1768 689 1949 734 plerisque

173 747 209 781 in
235 747 324 782 locis
350 747 480 790 exiguo
507 758 587 780 cum
615 746 745 788 fructu,
774 748 810 780 et
832 757 962 789 magno
989 748 1062 778 tam
1082 756 1147 779 suo
1167 756 1272 789 quam
1293 744 1483 779 Societatis
1501 744 1723 778 incommodo
1742 742 1948 787 Principum

173 802 331 835 uirorum
352 800 600 835 Confessarios
619 811 746 842 agere;
775 799 893 843 Rogat
912 799 1152 842 congregatio
1178 800 1219 832 ut
1244 798 1371 832 modus
1397 800 1433 832 et
1459 798 1550 831 ratio
1576 797 1853 842 praescribatur,
1879 806 1950 839 qua

174 854 298 888 utilius
324 855 359 888 et
386 853 605 888 commodius
632 853 745 897 nostrj
772 864 903 887 munus
929 853 995 887 hoc
1022 852 1118 886 obire
1146 851 1294 897 possint.
1345 851 1395 886 Vt
1422 863 1506 885 uero
1541 851 1621 896 plus
1648 851 1792 884 luminis
1818 850 1854 883 in
1880 849 1947 883 hac

172 920 211 942 re
247 907 473 950 praebeatur,
509 907 640 941 delecti
667 909 751 940 sunt
788 907 945 940 omnium
973 917 1150 941 consensu
1176 917 1196 939 a
1222 905 1264 939 R.
1292 905 1330 940 P.
1362 905 1575 950 Prouincialj
1603 905 1671 939 duo
1699 916 1743 938 ex
1771 903 1950 944 Patribus,

174 961 313 996 scilicet
340 961 380 995 R.
412 961 448 995 P.
478 960 723 994 Fer-dinandus
749 960 859 994 Alber
884 960 1016 994 Rector
1043 959 1318 1001 Monachiensis,
1346 961 1382 993 et
1408 959 1449 993 R.
1472 959 1508 992 P.
1535 958 1715 1003 Casparus
1743 956 1949 1002 Heyuodus,

175 1015 235 1059 qui
262 1014 382 1058 aliqua
406 1014 579 1057 colligant
596 1014 639 1048 ad
667 1013 762 1047 hunc
787 1014 894 1047 finem
920 1013 1136 1058 pertinentia
1155 1012 1302 1046 Romam
1323 1024 1343 1046 a
1360 1012 1401 1046 R.
1424 1012 1461 1046 P.
1482 1011 1698 1056 Prouincialj
1726 1009 1948 1056 perferenda.

176 1070 336 1103 Secundo
355 1071 429 1103 loco
448 1070 670 1112 conyreyatso
685 1070 799 1111 petiit,
823 1073 860 1101 ut
881 1065 1136 1112 ,‚Re9e›ztibu.s·“
1156 1068 1322 1100 domuum
1343 1067 1581 1100 convictorum
1609 1076 1796 1109 eorumqae
1813 1065 1950 1107 officia-

174 1124 266 1156 libus
303 1124 423 1156 certae
459 1121 620 1165 Regulae
658 1122 1001 1166 praescriberentur,
1044 1132 1135 1164 quae
1173 1119 1256 1154 huic
1292 1120 1504 1154 Prouinciae
1542 1119 1616 1153 sint
1650 1119 1948 1153 accommodatae.

175 1177 236 1212 III.
257 1176 429 1218 Quoniam
457 1175 561 1220 pauci
588 1177 673 1208 sunt
698 1175 734 1208 in
759 1174 828 1208 hac
854 1174 1045 1208 Prouincia
1074 1174 1230 1208 Professi
1257 1174 1305 1207 4.r
1327 1173 1511 1214 Votorum,
1538 1179 1575 1206 et
1601 1184 1645 1206 ex
1672 1172 1717 1218 ijs
1743 1172 1881 1216 aliquot
1906 1171 1950 1204 ad

175 1229 477 1275 peregrinandum
516 1240 719 1272 grauesque
755 1228 845 1262 alios
883 1228 1026 1262 labores
1060 1227 1226 1261 ferendos
1264 1228 1410 1272 propter
1444 1226 1687 1260 ualetudinem
1723 1228 1758 1260 et
1794 1227 1950 1259 aetatem

175 1283 322 1317 minime
360 1282 446 1327 apti.
485 1282 577 1327 petit
604 1281 864 1325 Congregatio,
902 1284 969 1316 ut.
989 1308 996 1316 .
1017 1308 1024 1315 .
1064 1292 1248 1315 numerum
1287 1281 1536 1314 Professorum
1558 1307 1565 1314 .
1585 1306 1593 1314 .
1613 1307 1620 1314 .
1661 1290 1793 1322 augere
1831 1278 1949 1312 liceat.

175 1337 237 1372 IV.
267 1336 452 1380 Contingit
488 1337 524 1369 in
558 1335 651 1370 hanc
676 1335 905 1372 Prouinciam
932 1335 1052 1369 uarias
1079 1334 1270 1369 Societatis
1306 1345 1477 1378 personas
1504 1333 1647 1367 aliunde
1672 1333 1778 1374 mitti,
1805 1332 1864 1376 qui
1892 1331 1951 1366 uel

178 1390 383 1424 immediate
419 1401 440 1423 a
466 1400 605 1423 summo
632 1388 807 1422 Pontifice
843 1389 888 1422 ad
924 1390 1022 1422 certa
1048 1387 1194 1431 negotia
1220 1387 1421 1429 mittuntur,
1456 1386 1515 1421 uel
1542 1386 1689 1430 Legatis
1715 1397 1778 1420 seu
1805 1384 1950 1429 Nuntijs

177 1443 404 1489 Apostolicis,
441 1442 593 1488 alijsque
620 1442 846 1486 Principibus
881 1443 969 1476 uiris
1004 1441 1091 1487 socij
1118 1441 1344 1482 adhibentur,
1380 1441 1435 1475 uel
1464 1440 1535 1474 alia
1561 1452 1606 1475 ex
1632 1451 1741 1474 causa
1767 1440 1802 1473 in
1828 1441 1952 1473 nostra

177 1497 367 1532 Prouincia
393 1499 595 1537 uersantur,
622 1496 682 1540 qui
708 1498 827 1530 tamen
855 1507 1112 1540 saepenumero
1138 1506 1254 1538 neque
1280 1495 1325 1529 ad
1344 1494 1504 1538 Collegia
1523 1493 1713 1528 Societatis
1731 1493 1791 1528 ubi
1810 1504 1851 1527 ea
1868 1494 1953 1527 sunt

177 1551 371 1591 diuertunt,
398 1550 460 1584 sed
488 1549 522 1583 in
549 1549 717 1594 hospitijs
743 1549 908 1594 publicis,
935 1549 992 1583 uel
1019 1549 1112 1593 apud
1132 1549 1246 1582 dictos
1265 1547 1461 1592 Principes,
1488 1547 1546 1582 uel
1560 1547 1648 1581 'alibi
1668 1548 1950 1582 commorantur:

178 1607 215 1638 et
249 1616 318 1638 non
345 1603 518 1638 consultis
553 1603 660 1638 huius
688 1603 900 1637 Prouinciae
927 1602 1187 1647 Superioribus,
1222 1601 1324 1636 uaria
1359 1613 1467 1646 saepe
1492 1601 1638 1644 negotia
1664 1602 1708 1635 ad
1735 1600 1951 1635 Societatem

177 1657 236 1691 uel
261 1657 551 1691 reformationem
588 1656 767 1701 publicam
803 1656 1020 1701 pertinentia
1047 1667 1127 1689 cum
1153 1655 1385 1697 Magnatibus
1421 1654 1547 1688 horum
1577 1653 1736 1688 locorum
1761 1653 1952 1688 tractanda

177 1713 304 1756 sponte
339 1722 404 1745 sua
440 1710 506 1755 ipsi
542 1710 763 1754 suscipiunt,
800 1709 1024 1753 ingeniorum
1060 1712 1096 1742 et
1131 1709 1373 1743 conditionum
1409 1707 1516 1742 huius
1538 1707 1762 1748 ,Prouinciae
1797 1705 1913 1750 ignarj
1933 1706 1950 1740 ¹.

178 1764 281 1798 Vnde
317 1766 353 1798 et
386 1763 557 1798 scandala
592 1763 731 1807 aliquot
764 1764 835 1797 iam
870 1765 944 1797 tam
981 1763 1074 1797 domi
1109 1774 1217 1807 quam
1252 1762 1340 1796 foris
1375 1765 1470 1804 nata,
1506 1764 1542 1795 et
1572 1761 1708 1796 maiora
1734 1760 1841 1795 etiam
1868 1762 1954 1794 sunt

178 1817 346 1851 timenda.
399 1817 489 1859 Quia
515 1829 610 1859 uero,
647 1817 707 1861 qui
741 1817 809 1851 toti
836 1816 1048 1851 Prouinciae
1082 1816 1224 1850 nomine
1251 1815 1442 1850 Societatis
1477 1815 1536 1850 hic
1571 1817 1725 1860 praeest,
1762 1814 1818 1848 his
1849 1813 1954 1848 malis

178 1874 351 1915 oportune
377 1883 446 1905 non
474 1873 594 1916 potest
627 1882 825 1911 occurrere,
861 1871 955 1915 quod
982 1870 1175 1915 pleraeque
1201 1869 1375 1904 eiusmodi
1411 1880 1585 1914 personae
1621 1868 1697 1902 eius
1724 1869 1758 1902 in
1785 1879 1824 1902 se
1847 1867 1953 1912 juris-

179 1925 370 1959 dictionem
398 1937 466 1958 non
494 1926 711 1968 agnoscant;
740 1924 830 1959 Orat
848 1924 1100 1968 Congregatio,
1128 1926 1167 1958 ut
1192 1925 1392 1968 opportuna
1419 1922 1474 1956 his
1500 1921 1734 1956 incommodis
1760 1922 1955 1955 afferantur

178 1978 347 2013 remedia.
386 1979 523 2012 Deinde
548 1981 780 2022 co›191·e9ctte'o,
803 1984 951 2022 praeter
970 1979 1056 2021 alia,
1085 1979 1273 2022 (quaesitis
1291 1979 1327 2010 V.
1347 1981 1378 2010 et
1396 1978 1425 2009 V
1425 1978 1476 2017 1.)
1503 1988 1545 2010 ex
1568 1977 1773 2019 praeposito
1796 1975 1956 2018 yenerali

180 2034 331 2076 quaerit,
367 2033 537 2076 quomodo
570 2033 607 2065 in
634 2033 739 2065 rebus
765 2033 977 2076 quibusdam
1004 2033 1102 2066 Socii
1137 2043 1220 2075 crya
1255 2032 1400 2064 nuntios
1424 2031 1632 2073 apostolicos
1657 2033 1688 2063 et
1713 2031 1955 2072 episcoporum

183 2087 337 2119 vicarios
361 2098 397 2119 se
419 2096 540 2129 ⁸(serere
566 2087 721 2119 debeant.

301 2138 625 2182 congregationem
660 2138 726 2172 has
760 2138 955 2183 petitiones
993 2139 1071 2173 sive
1107 2138 1348 2181 quaestiones,
1384 2136 1443 2170 vel
1478 2136 1606 2171 saltem
1635 2136 1672 2175 1..
1701 2134 1772 2176 lV.‚
1799 2135 1855 2175 V.,
1882 2134 1954 2175 VI„

182 2192 325 2227 Canisio
353 2193 408 2227 vel
435 2192 610 2227 suadente
636 2192 696 2226 vel
721 2203 940 2237 magnopere
975 2192 1148 2237 probante
1174 2191 1322 2225 Romam
1350 2190 1510 2225 misisse'
1529 2191 1628 2234 patet
1652 2201 1697 2223 ex
1725 2188 1858 2223 Canisii
1885 2188 1955 2233 epi-

181 2246 286 2281 stulis
312 2246 485 2291 plurimis.
541 2246 715 2280 Claudius
740 2248 926 2290 Aquaviva
954 2248 1085 2286 autem,
1113 2245 1172 2289 qui
1203 2245 1255 2279 19.
1282 2244 1467 2279 Februarii
1496 2243 1584 2278 1581
1613 2243 1750 2278 electus
1776 2246 1832 2276 est
1857 2252 1955 2287 prae-

181 2299 319 2344 positus
344 2299 535 2343 generalis,
563 2302 599 2333 et
628 2298 809 2342 „Regulas
835 2311 898 2344 pro
925 2299 1086 2343 Regente
1114 2299 1385 2332 Conuictorum“
1416 2297 1530 2331 Sociis
1555 2296 1683 2331 tribuit
1709 2299 1743 2330 et
1768 2305 1956 2330 numerum

187 2354 466 2396 „professoruw
490 2365 510 2387 a
528 2365 567 2388 se
593 2352 851 2397 amplificatum
879 2353 921 2386 iri
949 2353 1131 2397 promisit;
1160 2354 1195 2386 et
1214 2352 1256 2385 de
1275 2351 1506 2385 confessariis
1532 2351 1731 2395 principum
1752 2348 1955 2394 respondit:

187 2406 399 2449 „Curabitur
425 2406 498 2440 Deo
526 2407 681 2448 fauente,
709 2406 826 2450 quoad
852 2406 929 2452 fierj
957 2406 1100 2451 poterit,
1127 2417 1170 2439 ne
1197 2405 1282 2450 quid
1309 2404 1514 2449 detrimentj
1542 2404 1703 2438 Societas
1728 2402 1886 2448 capiat¹‘;
1914 2413 1956 2436 ac

183 2460 226 2494 de
251 2460 435 2494 sodalibus
461 2460 496 2494 in
530 2460 750 2505 provinciam
787 2459 930 2494 aliunde
964 2459 1104 2494 missis:
1145 2459 1291 2501 „Placet
1325 2457 1418 2502 quod
1454 2457 1619 2503 proponit
1646 2455 1885 2500 Congregatio
1912 2455 1956 2489 ad

183 2600 376 2645 praedictis
412 2602 447 2634 et
474 2612 518 2634 ex
545 2613 585 2635 eo
620 2600 830 2635 conficiatur
863 2600 925 2634 ille
959 2600 1150 2642 ternarius,
1186 2611 1231 2634 ex
1267 2611 1336 2644 quo
1373 2610 1481 2633 unum
1511 2597 1747 2632 Provincialis
1781 2608 1845 2631 suo
1879 2596 1957 2631 loco

183 2653 326 2688 mittere
353 2654 468 2694 debet,
497 2681 504 2689 .
525 2682 531 2687 .
552 2680 559 2688 .
587 2654 616 2688 si
643 2654 837 2699 impeditus
871 2653 1033 2697 legitime
1068 2652 1293 2687 iudicabitur.
1346 2652 1538 2686 Praeterea
1573 2654 1724 2696 quartus
1750 2655 1786 2685 et
1811 2649 1957 2694 quintus

184 2707 370 2748 addantur,
405 2710 446 2741 ut
480 2707 720 2751 subrogentur
746 2707 781 2741 in
807 2707 925 2742 locum
952 2707 1112 2748 duorum,
1148 2706 1208 2751 qui
1236 2706 1341 2741 electi
1367 2706 1481 2751 primo
1513 2706 1669 2746 fuerunt,
1704 2707 1739 2739 et
1766 2715 1847 2738 cum
1873 2702 1956 2737 Pro-

184 2760 332 2794 vinciali
352 2760 396 2794 ad
416 2760 740 2804 Congregationem
762 2761 918 2800 venient,
945 2760 976 2795 si
1002 2760 1164 2804 legitime
1191 2762 1226 2794 et
1252 2759 1320 2804 ipsi
1347 2759 1645 2804 impedi1·entur“:
1672 2758 1847 2792 For-»mla
1869 2756 1956 2790 Con-

185 2814 407 2856 gregationis
435 2814 675 2858 provincialis,
704 2826 724 2848 a
750 2815 859 2848 tertia.
886 2813 1173 2857 Congregatione
1200 2813 1359 2856 generali
1388 2812 1436 2856 (a.
1460 2812 1563 2854 1573)
1593 2811 1801 2856 approbata,
1828 2821 1905 2855 cap.
1923 2809 1956 2851 4,

184 2878 219 2900 n.
250 2868 262 2901 l
294 2867 315 2900 2
345 2866 566 2909 (Instinctam
593 2867 627 2902 S.
652 2868 685 2902 J.
714 2867 746 2902 ΙΙ
774 2867 872 2911 238).
925 2867 977 2900 De
1005 2866 1071 2901 hac
1097 2866 1271 2900 electione
1297 2867 1473 2910 Hoffaeus
1508 2864 1738 2910 provincialis
1765 2864 1851 2909 ipso,
1887 2874 1956 2907 quo

186 2920 283 2953 facta
309 2923 373 2961 est,
410 2920 476 2962 die,
504 2921 653 2954 Romam
679 2921 723 2955 ad
751 2920 950 2955 Oliverium
977 2920 1186 2954 Manareum
1213 2919 1403 2954 Societatis
1430 2919 1602 2953 vicarium
1629 2917 1835 2962 generalem
1860 2918 1957 2950 *ret-

186 2972 270 3006 tulit
297 2972 358 3016 (ex
387 2973 518 3007 litteris
544 2976 705 3017 autogr.;
735 2973 856 3008 Germ.
878 2974 943 3008 158
970 2974 994 3008 f.
1013 2974 1127 3016 284⁸).

310 3033 318 3052 ¹
346 3032 446 3073 Vide,
474 3044 564 3077 quae
591 3034 634 3067 de
662 3033 732 3068 ΡΡ.
752 3032 880 3067 Iacobo
904 3032 1137 3074 Avellaneda,
1165 3032 1320 3066 Antonio
1347 3031 1553 3072 Possevin0‚
1582 3030 1800 3075 Hieronymo
1825 3028 1956 3070 Natali,

187 3084 408 3172 {Volfggngo
421 3086 625 3172 xPyr-{inger
651 3086 748 3120 dicta
768 3088 854 3120 sunt
875 3097 984 3131 supra
1011 3097 1042 3131 p.
1065 3086 1133 3120 356
1159 3085 1228 3120 406
1255 3085 1324 3119 432
1351 3085 1430 3126 539,
1457 3087 1494 3118 et
1513 3084 1555 3118 de
1576 3083 1614 3118 P.
1633 3083 1780 3128 Aloysio
1799 3082 1841 3116 de
1860 3082 1956 3116 Men-

212 3149 274 3172 oza
327 3139 391 3172 ¹(m.
477 3140 497 3172 2
526 3140 558 3174 6.
