2062 3443
498 131 696 176 Oeniponte
723 130 829 175 paulo
855 131 938 164 ante
966 128 1071 162 finem
1100 139 1145 161 m.
1164 127 1299 172 Aprilis
1328 127 1429 162 1574.
1758 129 1840 170 207

838 253 904 295 Ad
940 255 1019 296 5.⁵¹¹‘
1043 266 1082 305 q.

195 329 295 371 Non
327 327 499 370 uidetur
541 332 672 381 opus¹¹
704 324 988 374 solicitudine,
1032 337 1085 365 ne
1120 322 1323 366 Pontifex
1360 322 1605 364 Maximus¹
1640 322 1692 363 ob
1727 321 1844 363 Prin-

78 393 184 448 cipis
207 389 675 448 opportunitatembff]
710 404 787 432 nos
810 392 967 442 urgeat
989 391 1033 431 et
1056 391 1186 441 cogat
1217 388 1364 430 facere
1397 387 1509 440 quod
1543 387 1743 429 instituto
1777 400 1844 427 re-

78 461 265 514 pugnat,
309 458 416 500 satis
458 460 603 499 autem
647 456 730 498 erit
763 456 807 497 P.
842 454 896 496 N.
933 453 1189 496 Generalem
1231 466 1536 507 praemonere,
1582 454 1631 494 ut
1676 451 1846 505 quando

78 524 294 566 uidebitur
329 522 577 564 Pontificem
613 521 664 563 de
698 534 744 562 re
777 522 872 562 tota
904 519 1038 561 faciat
1071 519 1321 561 certiorem:
1355 517 1542 560 Dubium
1572 519 1717 559 autem
1752 529 1847 558 esse

78 592 223 642 potest
255 603 310 630 an
342 587 547 642 expediat
579 586 622 628 id
655 586 760 637 fieri,
794 584 875 627 nisi
909 583 1113 626 Pontifex
1145 583 1250 637 ipse,
1295 583 1347 625 de
1380 583 1459 624 hoc
1492 582 1650 636 agendi
1682 581 1850 624 dederit

79 654 374 700 occasionem:
410 652 500 694 Nos
534 651 636 693 illud
671 651 874 705 expedire
908 663 992 691 non
1024 652 1240 703 putamus.

787 770 789 772 ·
840 745 904 786 Ad
940 745 1030 787 6:⁸⁰¹
1054 758 1093 796 q.

197 819 414 868 Quantum
456 818 510 859 ad
543 817 811 859 conditiones
844 815 1067 857 duodecim
1109 815 1177 856 uel
1217 814 1362 868 plures
1394 813 1642 868 propositas
1675 812 1847 862 attinet,

79 898 190 937 quae
231 898 256 926 a
292 884 419 925 Patre
462 882 663 935 Gener-aij
706 884 855 923 essent
899 880 1204 934 proponendae
1246 882 1289 922 et
1322 880 1376 921 ab
1414 879 1508 932 ipso
1543 878 1739 931 Principe
1772 876 1847 919 ob·

78 949 294 998 tinendae,
329 949 365 991 si
396 949 535 990 nostri
567 949 738 990 omnino
772 947 918 1000 iugum
942 945 1321 1000 Jngolstadianum
1352 944 1496 986 subire
1529 944 1740 986 debeant:
1775 943 1849 984 Di-

79 1014 214 1056 cimus
246 1014 428 1069 primum
463 1012 705 1055 huiusmodi
738 1012 1006 1054 conditiones
1029 1024 1156 1065 posse
1179 1010 1387 1059 contrahi,
1422 1013 1470 1052 ut
1501 1009 1588 1051 sint
1612 1008 1849 1063 pauciores.

79 1081 124 1122 et
155 1079 295 1121 minus
318 1079 539 1121 offendant
561 1079 716 1120 bonum
740 1080 784 1120 et
806 1077 1061 1131 prudentem
1088 1076 1328 1130 Principem
1360 1076 1536 1128 eiusque
1559 1072 1849 1122 Consiliarios‚

79 1145 142 1188 ita
173 1148 320 1187 tamen
362 1148 411 1187 ut
442 1143 698 1199 principalia
739 1156 850 1196 quae
883 1142 937 1184 ad
978 1143 1225 1184 nostrorum
1258 1141 1504 1183 libertatem
1547 1139 1849 1182 uindicandam

79 1210 300 1264 pertinent
337 1224 420 1251 non
463 1211 712 1252 taceantur:
758 1207 948 1250 Dicimus
980 1207 1142 1254 itidem,
1182 1221 1265 1248 non
1298 1206 1520 1260 probabile
1552 1205 1701 1254 uideri,
1739 1203 1851 1257 quod

80 1276 125 1318 P.
160 1278 309 1317 noster
355 1274 602 1325 Generalis,
648 1277 736 1316 tam
784 1274 921 1316 multa
963 1273 1006 1314 in
1047 1271 1310 1315 tractatione
1351 1271 1446 1325 ipsa
1487 1271 1545 1313 sit
1587 1285 1612 1312 a
1656 1268 1852 1323 Principe

80 1341 390 1395 postulaturus,
425 1340 501 1381 sed
533 1338 728 1382 remittet
760 1352 806 1380 se
839 1338 983 1392 potius
1016 1338 1070 1379 ad
1104 1337 1416 1379 Prouincialem
1451 1336 1555 1378 data
1587 1335 1650 1377 illi
1682 1337 1853 1377 secreta

81 1405 385 1448 informatione
418 1404 653 1447 secundum
687 1418 814 1457 quani
849 1402 1082 1457 procedere
1125 1402 1294 1445 debeat.
1359 1401 1505 1444 Tertio
1546 1400 1725 1442 dicimus
1767 1413 1851 1440 non

81 1485 232 1526 parum
265 1485 291 1513 a
324 1470 521 1524 Principe
555 1484 632 1512 nos
665 1470 920 1512 obtenturos
946 1468 983 1510 si
1006 1468 1251 1510 consentiat
1273 1468 1487 1522 planeque
1509 1466 1657 1508 iubeat
1680 1467 1853 1508 nostros

80 1551 159 1591 pro
191 1536 360 1578 ratione
392 1535 458 1577 sui
490 1534 693 1585 instituti,
727 1534 862 1576 libere
894 1534 1139 1587 gubernare
1172 1536 1217 1576 et
1239 1532 1504 1575 constituere
1532 1534 1670 1574 totam
1694 1531 1853 1573 artium

81 1603 351 1653 facultatem,
387 1601 513 1644 sicuti
546 1600 647 1643 alibi
680 1600 722 1642 in
755 1600 844 1642 suis
877 1599 1080 1653 Collegijs
1112 1599 1259 1641 facere
1292 1599 1445 1641 solent.
1509 1597 1626 1640 Jtem
1661 1600 1708 1639 ut
1740 1596 1852 1638 idem

83 1667 290 1722 Princeps
323 1666 570 1709 consentiat
611 1669 654 1709 et
687 1666 835 1708 iubeat
867 1668 1040 1707 nostros
1082 1679 1159 1720 pro
1198 1664 1414 1718 exemptis
1447 1663 1609 1713 haberi,
1645 1664 1854 1715 quantum

83 1733 138 1776 ad
171 1733 278 1775 alias
311 1733 546 1775 facultates
579 1736 766 1786 excepta
798 1730 1075 1785 Theologica,
1109 1730 1172 1773 ita
1204 1734 1252 1773 ut
1284 1729 1411 1772 sicuti
1444 1728 1516 1782 alij
1551 1729 1603 1770 de
1632 1727 1853 1770 Vniuersi-

83 1802 176 1842 ‘tate
208 1798 392 1841 subsunt
415 1798 588 1840 Rectori
623 1801 668 1840 et
690 1798 864 1839 Decano
887 1796 1144 1845 Facultatis,
1179 1795 1241 1838 ita
1273 1795 1413 1838 nostri
1446 1794 1538 1837 siue
1570 1794 1852 1848 professores,

83 1864 175 1906 siue
219 1863 414 1919 discipulj
449 1862 618 1906 subsint
658 1862 918 1905 Prouinciali
961 1864 1005 1904 et
1049 1861 1146 1915 alijs
1191 1861 1245 1903 ab
1289 1861 1362 1902 illo
1404 1861 1497 1914 ipso
1541 1858 1856 1902 constituendis

85 1943 140 1972 ex
181 1934 331 1972 nostra
362 1929 603 1972 Societate:
646 1929 811 1970 Rursus
856 1930 904 1970 ut
936 1927 1200 1981 Jngolstadij
1244 1940 1358 1968 noua
1387 1926 1445 1968 sit
1488 1926 1648 1968 nostris
1691 1923 1856 1966 fabrica

85 1995 261 2049 Collegij
315 1995 495 2049 plenarij
542 1995 585 2036 in
630 2009 713 2048 quo
757 1994 812 2047 alj
868 1993 1036 2048 possint
1082 1993 1180 2035 70.ta
1222 2005 1449 2047 personae.
1523 1991 1605 2033 Sed
1655 1990 1856 2033 timemus

85 2060 346 2104 eiuscemodi
386 2060 654 2103 conditiones
687 2073 741 2101 ex
783 2063 908 2114 parte
942 2058 1151 2112 Principis
1194 2061 1239 2100 et
1271 2058 1539 2100 Bauarorum
1573 2059 1663 2099 tam
1698 2055 1857 2097 arduas

84 2127 192 2178 fore,
233 2129 282 2169 ut
322 2126 376 2168 ad
416 2126 514 2168 illas
556 2125 695 2168 nolint
736 2125 1010 2175 descendere,
1053 2123 1299 2176 nostrisque
1331 2126 1481 2165 tantas
1521 2121 1856 2176 exemptiones⁰,

85 2192 324 2242 libertates,
358 2194 601 2234 structuras
633 2193 678 2233 et
710 2189 890 2245 plenarij
921 2189 1099 2244 Collegij
1134 2188 1381 2231 dotationes
1410 2187 1652 2242 pollicerid:
1685 2185 1857 2228 Jdcirco

87 2257 323 2299 consultius
356 2256 448 2299 fore
481 2259 695 2311 putamus,
730 2255 985 2310 simpliciter
1017 2268 1179 2308 negare
1212 2253 1247 2295 si
1271 2253 1475 2307 Princeps
1508 2255 1659 2306 petere
1686 2251 1793 2294 uelit
1815 2254 1860 2293 et

86 2336 242 2377 urgere
283 2336 404 2364 suam
445 2321 722 2376 petitionem:
757 2335 811 2363 ne
844 2335 1051 2374 cogamur
1092 2334 1186 2362 cum
1226 2319 1369 2371 aliquo
1402 2318 1592 2372 periculo
1626 2321 1671 2359 et
1703 2317 1859 2358 damno

88 2390 236 2431 nostro
269 2387 456 2429 uicissim
500 2401 552 2429 ea
584 2389 746 2441 petere,
789 2400 899 2440 quae
940 2386 1015 2427 uix
1057 2385 1149 2427 sine
1190 2383 1513 2437 indignatione⁰
1549 2386 1591 2425 et
1625 2381 1859 2424 offensione

87 2453 273 2506 quadarn
306 2453 574 2495 Bauarorum
608 2465 848 2507 proponere
881 2454 926 2494 et
958 2455 1108 2505 petere
1149 2463 1276 2504 posse
1308 2449 1504 2490 uidemur
1538 2449 1616 2490 hoc
1649 2451 1857 2501 tempore.

214 2554 388 2596 Hoffaens
404 2563 467 2586 sua
486 2563 594 2585 manu
612 2551 678 2585 has
696 2551 815 2595 posuit
833 2550 1135 2594 subscriptiones:
1167 2548 1316 2591 „Rector
1335 2547 1606 2592 Oenipontanus
1625 2548 1660 2580 et
1678 2545 1719 2580 R.
1739 2545 1777 2580 P.
1798 2545 1861 2580 Ca-

88 2606 234 2641 nisius.¹‘
281 2606 354 2650 Ipsi
381 2617 466 2639 vero
494 2605 563 2639 PP.
583 2604 759 2639 Volckius
786 2607 822 2638 et
840 2604 1006 2638 Canisius
1034 2604 1076 2637 de
1104 2603 1291 2643 industria,
1319 2605 1414 2647 puto,
1442 2606 1517 2635 tum
1544 2600 1747 2634 nominibus
1773 2599 1860 2638 suis,

88 2663 166 2694 tum
193 2659 269 2694 loco
297 2662 333 2693 et
358 2662 519 2705 tempore
546 2659 767 2693 ascribendis
794 2658 1095 2702 supersederunt;
1124 2658 1291 2701 poterant
1317 2655 1408 2689 enim
1437 2655 1504 2688 hae
1531 2654 1685 2694 litterae,
1714 2653 1796 2687 dum
1815 2652 1859 2686 ad

90 2713 277 2748 Hoffaeum
311 2714 550 2758 perferuntur,
586 2712 622 2746 in
658 2723 785 2746 manus
812 2711 968 2746 incidere
994 2722 1125 2751 eorum,
1162 2721 1251 2753 quos
1278 2708 1466 2753 oportebat
1491 2720 1561 2742 non
1588 2718 1814 2751 cognoscere,
1841 2718 1861 2740 a

91 2779 160 2812 quo
185 2768 342 2812 scriptae
378 2769 508 2801 essent.
562 2766 801 2810 Praecipuum
837 2767 956 2799 autem
987 2764 1190 2798 litterarum
1226 2765 1407 2797 auctorem
1437 2762 1547 2796 fuisse
1575 2761 1757 2796 Canisium
1784 2760 1861 2805 ipsa

91 2832 209 2855 rerum
245 2820 467 2865 experientia
494 2822 529 2853 et
555 2819 663 2853 animi
690 2819 897 2858 moderatio,
934 2829 1024 2862 quae
1051 2829 1096 2851 ex
1123 2817 1166 2850 iis
1193 2817 1346 2853 elucent,
1382 2815 1570 2849 ostendere
1597 2815 1785 2854 videntur3
1813 2813 1860 2846 di-

92 2873 193 2908 cendi
221 2885 363 2919 quoque
390 2885 514 2917 genus,
541 2873 609 2907 nisi
638 2872 754 2914 fallor,
782 2872 1006 2906 canisianum
1033 2873 1100 2904 est.

211 2962 239 2993 a)
261 2962 398 2993 Sequitur
418 2961 513 2992 tanta,
533 2961 623 2986 obliti.
715 2959 745 2991 b)
768 2961 814 2986 Sic
833 2963 912 2991 unt.;
932 2960 980 2984 sed
1003 2959 1100 2984 malim
1123 2959 1233 2990 leyere:
1253 2957 1528 2991 importunitatem.
1619 2957 1644 2987 c)
1668 2957 1702 2980 In
1722 2958 1781 2980 aut.
1801 2963 1862 2979 cm·-

94 3007 201 3028 '’ectum
222 3011 258 3029 ex
277 3002 482 3036 exceptiones.
557 3001 586 3034 d)
608 3003 776 3034 Sequuntur
798 3010 837 3027 vr.
859 3002 950 3034 atquo
971 3001 1140 3033 praestare,
1160 3000 1249 3025 oblite.
1324 3000 1352 3031 e)
1373 3000 1511 3031 Sequitur
1531 2997 1680 3028 obtinere,
1700 2997 1790 3021 oblitt.

218 3131 227 3150 ¹
254 3130 449 3175 Gregorius
476 3131 572 3166 XIII.
