<?xml version="1.0" encoding="UTF-8"?>
<!DOCTYPE html PUBLIC "-//W3C//DTD XHTML 1.0 Transitional//EN"
    "http://www.w3.org/TR/xhtml1/DTD/xhtml1-transitional.dtd">
<html xmlns="http://www.w3.org/1999/xhtml" xml:lang="en" lang="en">
 <head>
  <title>
</title>
<meta http-equiv="Content-Type" content="text/html;charset=utf-8" />
  <meta name='ocr-system' content='tesseract 3.04.00' />
  <meta name='ocr-capabilities' content='ocr_page ocr_carea ocr_par ocr_line ocrx_word'/>
</head>
<body>
  <div class='ocr_page' id='page_1' title='image "beatipetricanisi07cani_0958.png"; bbox 0 0 2051 3433; ppageno 0'>
   <div class='ocr_carea' id='block_1_1' title="bbox 146 147 1365 194">
    <p class='ocr_par' dir='ltr' id='par_1_1' title="bbox 146 147 1365 194">
     <span class='ocr_line' id='line_1_1' title="bbox 146 147 1365 194; baseline 0.001 -12"><span class='ocrx_word' id='word_1_1' title='bbox 146 152 231 194; x_wconf 81' lang='lat'><strong>864</strong></span> <span class='ocrx_word' id='word_1_2' title='bbox 680 148 775 183; x_wconf 89' lang='lat' dir='ltr'><strong>Mon.</strong></span> <span class='ocrx_word' id='word_1_3' title='bbox 800 147 900 183; x_wconf 84' lang='lat'>1269.</span> <span class='ocrx_word' id='word_1_4' title='bbox 946 148 1000 182; x_wconf 91' lang='lat'><strong>18.</strong></span> <span class='ocrx_word' id='word_1_5' title='bbox 1027 147 1236 182; x_wconf 83' lang='lat' dir='ltr'>Decembris</span> <span class='ocrx_word' id='word_1_6' title='bbox 1263 147 1365 183; x_wconf 88' lang='lat'>1580.</span> 
     </span>
    </p>
   </div>
   <div class='ocr_carea' id='block_1_2' title="bbox 144 263 1937 737">
    <p class='ocr_par' dir='ltr' id='par_1_2' title="bbox 144 263 1937 737">
     <span class='ocr_line' id='line_1_2' title="bbox 145 263 1912 312; baseline -0.002 -11"><span class='ocrx_word' id='word_1_7' title='bbox 145 266 482 312; x_wconf 82' lang='lat' dir='ltr'><strong>adimplebitis</strong></span> <span class='ocrx_word' id='word_1_8' title='bbox 516 266 667 309; x_wconf 87' lang='lat' dir='ltr'><strong>legem</strong></span> <span class='ocrx_word' id='word_1_9' title='bbox 702 264 950 300; x_wconf 49' lang='lat' dir='ltr'><strong>Christian</strong></span> <span class='ocrx_word' id='word_1_10' title='bbox 1002 265 1104 299; x_wconf 67' lang='lat' dir='ltr'><strong>Hocb</strong></span> <span class='ocrx_word' id='word_1_11' title='bbox 1138 276 1282 310; x_wconf 88' lang='lat' dir='ltr'><strong>possum</strong></span> <span class='ocrx_word' id='word_1_12' title='bbox 1310 277 1390 300; x_wconf 89' lang='lat' dir='ltr'><strong>cum</strong></span> <span class='ocrx_word' id='word_1_13' title='bbox 1425 265 1517 299; x_wconf 85' lang='lat' dir='ltr'><strong>bona</strong></span> <span class='ocrx_word' id='word_1_14' title='bbox 1543 265 1761 299; x_wconf 87' lang='lat' dir='ltr'><strong>conscientia</strong></span> <span class='ocrx_word' id='word_1_15' title='bbox 1785 263 1912 298; x_wconf 84' lang='lat' dir='ltr'><strong>testari</strong></span> 
     </span>
     <span class='ocr_line' id='line_1_3' title="bbox 145 318 1937 365; baseline -0.001 -11"><span class='ocrx_word' id='word_1_16' title='bbox 145 321 237 365; x_wconf 89' lang='lat' dir='ltr'><strong>quod</strong></span> <span class='ocrx_word' id='word_1_17' title='bbox 266 331 332 362; x_wconf 85' lang='lat' dir='ltr'><strong>ego</strong></span> <span class='ocrx_word' id='word_1_18' title='bbox 359 331 414 353; x_wconf 89' lang='lat' dir='ltr'><strong>me</strong></span> <span class='ocrx_word' id='word_1_19' title='bbox 440 331 508 353; x_wconf 90' lang='lat' dir='ltr'><strong>non</strong></span> <span class='ocrx_word' id='word_1_20' title='bbox 535 319 749 362; x_wconf 80' lang='lat' dir='ltr'><strong>ingesserim</strong></span> <span class='ocrx_word' id='word_1_21' title='bbox 776 320 811 352; x_wconf 90' lang='lat' dir='ltr'><strong>in</strong></span> <span class='ocrx_word' id='word_1_22' title='bbox 847 319 913 353; x_wconf 90' lang='lat' dir='ltr'><strong>hoc</strong></span> <span class='ocrx_word' id='word_1_23' title='bbox 948 330 1059 362; x_wconf 83' lang='lat' dir='ltr'><strong>graue</strong></span> <span class='ocrx_word' id='word_1_24' title='bbox 1085 329 1215 353; x_wconf 89' lang='lat' dir='ltr'><strong>munus</strong></span> <span class='ocrx_word' id='word_1_25' title='bbox 1241 321 1277 352; x_wconf 81' lang='lat' dir='ltr'><strong>et</strong></span> <span class='ocrx_word' id='word_1_26' title='bbox 1303 319 1396 363; x_wconf 93' lang='lat' dir='ltr'><strong>quod</strong></span> <span class='ocrx_word' id='word_1_27' title='bbox 1423 318 1559 352; x_wconf 89' lang='lat' dir='ltr'><strong>nullum</strong></span> <span class='ocrx_word' id='word_1_28' title='bbox 1586 318 1808 352; x_wconf 86' lang='lat' dir='ltr'><strong>commodum</strong></span> <span class='ocrx_word' id='word_1_29' title='bbox 1834 329 1912 362; x_wconf 88' lang='lat' dir='ltr'><strong>pro·</strong></span> <span class='ocrx_word' id='word_1_30' title='bbox 1934 354 1937 356; x_wconf 75' lang='grc'>,</span> 
     </span>
     <span class='ocr_line' id='line_1_4' title="bbox 145 369 1913 418; baseline -0.002 -11"><span class='ocrx_word' id='word_1_31' title='bbox 145 374 260 418; x_wconf 90' lang='lat' dir='ltr'><strong>prium</strong></span> <span class='ocrx_word' id='word_1_32' title='bbox 287 385 405 407; x_wconf 88' lang='lat' dir='ltr'><strong>meum</strong></span> <span class='ocrx_word' id='word_1_33' title='bbox 432 384 600 416; x_wconf 84' lang='lat' dir='ltr'>quaeram</span> <span class='ocrx_word' id='word_1_34' title='bbox 629 375 665 406; x_wconf 87' lang='lat' dir='ltr'><strong>et</strong></span> <span class='ocrx_word' id='word_1_35' title='bbox 692 374 880 416; x_wconf 82' lang='lat' dir='ltr'>expectem</span> <span class='ocrx_word' id='word_1_36' title='bbox 905 373 968 407; x_wconf 86' lang='lat' dir='ltr'><strong>sed</strong></span> <span class='ocrx_word' id='word_1_37' title='bbox 996 372 1039 406; x_wconf 87' lang='lat' dir='ltr'><strong>ad</strong></span> <span class='ocrx_word' id='word_1_38' title='bbox 1066 371 1179 406; x_wconf 90' lang='lat' dir='ltr'><strong>solam</strong></span> <span class='ocrx_word' id='word_1_39' title='bbox 1205 371 1269 405; x_wconf 89' lang='lat' dir='ltr'><strong>Dei</strong></span> <span class='ocrx_word' id='word_1_40' title='bbox 1305 371 1456 414; x_wconf 86' lang='lat' dir='ltr'><strong>gloriam</strong></span> <span class='ocrx_word' id='word_1_41' title='bbox 1483 371 1623 416; x_wconf 86' lang='lat' dir='ltr'><strong>cupiam</strong></span> <span class='ocrx_word' id='word_1_42' title='bbox 1651 371 1685 405; x_wconf 90' lang='lat' dir='ltr'><strong>in</strong></span> <span class='ocrx_word' id='word_1_43' title='bbox 1713 371 1780 405; x_wconf 87' lang='grc'>1130</span> <span class='ocrx_word' id='word_1_44' title='bbox 1804 369 1913 404; x_wconf 90' lang='lat' dir='ltr'><strong>nobili</strong></span> 
     </span>
     <span class='ocr_line' id='line_1_5' title="bbox 144 424 1914 470; baseline -0.001 -10"><span class='ocrx_word' id='word_1_45' title='bbox 144 428 250 461; x_wconf 89' lang='lat' dir='ltr'><strong>uinea</strong></span> <span class='ocrx_word' id='word_1_46' title='bbox 287 425 420 460; x_wconf 88' lang='lat' dir='ltr'><strong>domini</strong></span> <span class='ocrx_word' id='word_1_47' title='bbox 456 426 629 467; x_wconf 85' lang='lat' dir='ltr'><strong>laborare,</strong></span> <span class='ocrx_word' id='word_1_48' title='bbox 668 427 704 459; x_wconf 88' lang='lat' dir='ltr'><strong>et</strong></span> <span class='ocrx_word' id='word_1_49' title='bbox 741 425 905 460; x_wconf 89' lang='lat' dir='ltr'><strong>omnibus</strong></span> <span class='ocrx_word' id='word_1_50' title='bbox 943 425 1195 468; x_wconf 89' lang='lat' dir='ltr'><strong>guthertzigen</strong></span> <span class='ocrx_word' id='word_1_51' title='bbox 1234 425 1418 470; x_wconf 88' lang='lat' dir='ltr'><strong>pauperib.</strong></span> <span class='ocrx_word' id='word_1_52' title='bbox 1453 427 1490 458; x_wconf 91' lang='lat' dir='ltr'><strong>et</strong></span> <span class='ocrx_word' id='word_1_53' title='bbox 1530 425 1702 459; x_wconf 86' lang='lat' dir='ltr'><strong>diuitibus</strong></span> <span class='ocrx_word' id='word_1_54' title='bbox 1740 424 1914 458; x_wconf 83' lang='lat' dir='ltr'><strong>inseruire</strong></span> 
     </span>
     <span class='ocr_line' id='line_1_6' title="bbox 146 476 1915 524; baseline -0.002 -10"><span class='ocrx_word' id='word_1_55' title='bbox 146 480 317 524; x_wconf 72' lang='lat' dir='ltr'><strong>gratis⁰².</strong></span> <span class='ocrx_word' id='word_1_56' title='bbox 368 480 446 514; x_wconf 88' lang='lat' dir='ltr'><strong>Hoc</strong></span> <span class='ocrx_word' id='word_1_57' title='bbox 472 479 622 514; x_wconf 82' lang='lat' dir='ltr'><strong>dixerim</strong></span> <span class='ocrx_word' id='word_1_58' title='bbox 648 491 718 513; x_wconf 90' lang='lat' dir='ltr'><strong>non</strong></span> <span class='ocrx_word' id='word_1_59' title='bbox 744 478 860 513; x_wconf 91' lang='lat' dir='ltr'><strong>solum</strong></span> <span class='ocrx_word' id='word_1_60' title='bbox 888 479 930 513; x_wconf 94' lang='lat' dir='ltr'><strong>de</strong></span> <span class='ocrx_word' id='word_1_61' title='bbox 959 478 1186 522; x_wconf 77' lang='lat' dir='ltr'><strong>praedicandi</strong></span> <span class='ocrx_word' id='word_1_62' title='bbox 1212 489 1358 512; x_wconf 87' lang='lat' dir='ltr'><strong>munere</strong></span> <span class='ocrx_word' id='word_1_63' title='bbox 1383 478 1445 512; x_wconf 91' lang='lat' dir='ltr'><strong>sed</strong></span> <span class='ocrx_word' id='word_1_64' title='bbox 1473 481 1508 512; x_wconf 84' lang='lat' dir='ltr'><strong>et</strong></span> <span class='ocrx_word' id='word_1_65' title='bbox 1535 479 1578 512; x_wconf 93' lang='lat' dir='ltr'><strong>de</strong></span> <span class='ocrx_word' id='word_1_66' title='bbox 1605 477 1830 512; x_wconf 85' lang='lat' dir='ltr'><strong>Catechismo</strong></span> <span class='ocrx_word' id='word_1_67' title='bbox 1855 476 1915 510; x_wconf 90' lang='lat' dir='ltr'><strong>uel</strong></span> 
     </span>
     <span class='ocr_line' id='line_1_7' title="bbox 146 531 1917 577; baseline -0.001 -10"><span class='ocrx_word' id='word_1_68' title='bbox 146 533 370 574; x_wconf 87' lang='lat' dir='ltr'><strong>Kinderlehr,</strong></span> <span class='ocrx_word' id='word_1_69' title='bbox 398 534 440 567; x_wconf 91' lang='lat' dir='ltr'><strong>de</strong></span> <span class='ocrx_word' id='word_1_70' title='bbox 467 533 652 567; x_wconf 82' lang='lat' dir='ltr'><strong>audiendis</strong></span> <span class='ocrx_word' id='word_1_71' title='bbox 679 532 965 567; x_wconf 85' lang='lat' dir='ltr'><strong>confessionibus</strong></span> <span class='ocrx_word' id='word_1_72' title='bbox 991 535 1027 566; x_wconf 87' lang='lat' dir='ltr'><strong>et</strong></span> <span class='ocrx_word' id='word_1_73' title='bbox 1053 531 1135 577; x_wconf 84' lang='lat' dir='ltr'><strong>alijs</strong></span> <span class='ocrx_word' id='word_1_74' title='bbox 1160 531 1446 566; x_wconf 85' lang='lat' dir='ltr'><strong>sacerdotalibus</strong></span> <span class='ocrx_word' id='word_1_75' title='bbox 1473 536 1667 577; x_wconf 86' lang='lat' dir='ltr'><strong>empteren,</strong></span> <span class='ocrx_word' id='word_1_76' title='bbox 1697 542 1788 575; x_wconf 88' lang='lat' dir='ltr'><strong>quae</strong></span> <span class='ocrx_word' id='word_1_77' title='bbox 1813 531 1917 564; x_wconf 81' lang='lat' dir='ltr'><strong>iuxta</strong></span> 
     </span>
     <span class='ocr_line' id='line_1_8' title="bbox 146 583 1915 632; baseline -0.002 -12"><span class='ocrx_word' id='word_1_78' title='bbox 146 587 334 632; x_wconf 88' lang='lat' dir='ltr'><strong>probatum</strong></span> <span class='ocrx_word' id='word_1_79' title='bbox 370 598 503 621; x_wconf 88' lang='lat' dir='ltr'><strong>morem</strong></span> <span class='ocrx_word' id='word_1_80' title='bbox 539 589 683 620; x_wconf 87' lang='lat' dir='ltr'><strong>nostrae</strong></span> <span class='ocrx_word' id='word_1_81' title='bbox 709 586 894 620; x_wconf 77' lang='lat' dir='ltr'><strong>societatis</strong></span> <span class='ocrx_word' id='word_1_82' title='bbox 920 585 1054 630; x_wconf 87' lang='lat' dir='ltr'><strong>passim</strong></span> <span class='ocrx_word' id='word_1_83' title='bbox 1073 597 1094 619; x_wconf 91' lang='lat' dir='ltr'><strong>a</strong></span> <span class='ocrx_word' id='word_1_84' title='bbox 1119 585 1222 619; x_wconf 88' lang='lat' dir='ltr'><strong>nobis</strong></span> <span class='ocrx_word' id='word_1_85' title='bbox 1256 585 1434 630; x_wconf 82' lang='lat' dir='ltr'><strong>praestari</strong></span> <span class='ocrx_word' id='word_1_86' title='bbox 1459 585 1576 620; x_wconf 85' lang='lat' dir='ltr'><strong>solent</strong></span> <span class='ocrx_word' id='word_1_87' title='bbox 1603 585 1645 619; x_wconf 89' lang='lat' dir='ltr'><strong>ad</strong></span> <span class='ocrx_word' id='word_1_88' title='bbox 1673 584 1737 619; x_wconf 92' lang='lat' dir='ltr'><strong>Dei</strong></span> <span class='ocrx_word' id='word_1_89' title='bbox 1763 583 1915 628; x_wconf 80' lang='lat' dir='ltr'><strong>gloriam</strong></span> 
     </span>
     <span class='ocr_line' id='line_1_9' title="bbox 146 638 1916 683; baseline -0.002 -8"><span class='ocrx_word' id='word_1_90' title='bbox 146 643 181 675; x_wconf 87' lang='lat' dir='ltr'><strong>et</strong></span> <span class='ocrx_word' id='word_1_91' title='bbox 208 652 430 675; x_wconf 89' lang='lat' dir='ltr'><strong>communem</strong></span> <span class='ocrx_word' id='word_1_92' title='bbox 457 639 650 674; x_wconf 67' lang='lat' dir='ltr'><strong>utilitatem</strong></span> <span class='ocrx_word' id='word_1_93' title='bbox 678 639 833 673; x_wconf 89' lang='lat' dir='ltr'><strong>omnium</strong></span> <span class='ocrx_word' id='word_1_94' title='bbox 854 638 1147 673; x_wconf 85' lang='lat' dir='ltr'><strong>Christifidelium</strong></span> <span class='ocrx_word' id='word_1_95' title='bbox 1173 638 1251 672; x_wconf 88' lang='lat' dir='ltr'><strong>siue</strong></span> <span class='ocrx_word' id='word_1_96' title='bbox 1271 638 1350 673; x_wconf 86' lang='lat' dir='ltr'><strong>sani</strong></span> <span class='ocrx_word' id='word_1_97' title='bbox 1370 639 1444 673; x_wconf 91' lang='lat' dir='ltr'><strong>sint</strong></span> <span class='ocrx_word' id='word_1_98' title='bbox 1468 639 1545 673; x_wconf 89' lang='lat' dir='ltr'><strong>siue</strong></span> <span class='ocrx_word' id='word_1_99' title='bbox 1571 638 1711 680; x_wconf 90' lang='lat' dir='ltr'><strong>infirmi,</strong></span> <span class='ocrx_word' id='word_1_100' title='bbox 1737 638 1854 683; x_wconf 85' lang='lat' dir='ltr'><strong>parati</strong></span> <span class='ocrx_word' id='word_1_101' title='bbox 1880 639 1916 672; x_wconf 88' lang='lat' dir='ltr'><strong>et</strong></span> 
     </span>
     <span class='ocr_line' id='line_1_10' title="bbox 146 692 1024 737; baseline -0.001 -9"><span class='ocrx_word' id='word_1_102' title='bbox 146 694 324 728; x_wconf 87' lang='lat' dir='ltr'><strong>debitores</strong></span> <span class='ocrx_word' id='word_1_103' title='bbox 351 693 515 728; x_wconf 87' lang='lat' dir='ltr'><strong>omnibus</strong></span> <span class='ocrx_word' id='word_1_104' title='bbox 541 692 780 727; x_wconf 77' lang='lat' dir='ltr'><strong>obedientiam</strong></span> <span class='ocrx_word' id='word_1_105' title='bbox 806 692 1024 737; x_wconf 81' lang='lat' dir='ltr'><strong>praestandi.</strong></span> 
     </span>
    </p>
   </div>
   <div class='ocr_carea' id='block_1_3' title="bbox 146 749 1966 1867">
    <p class='ocr_par' dir='ltr' id='par_1_3' title="bbox 146 749 1966 1867">
     <span class='ocr_line' id='line_1_11' title="bbox 266 749 1916 797; baseline -0.002 -10"><span class='ocrx_word' id='word_1_106' title='bbox 266 752 437 795; x_wconf 79' lang='lat' dir='ltr'><strong>Quoniam</strong></span> <span class='ocrx_word' id='word_1_107' title='bbox 466 755 507 786; x_wconf 85' lang='lat' dir='ltr'><strong>vt</strong></span> <span class='ocrx_word' id='word_1_108' title='bbox 532 752 661 797; x_wconf 87' lang='lat' dir='ltr'><strong>paulus</strong></span> <span class='ocrx_word' id='word_1_109' title='bbox 687 752 739 786; x_wconf 54' lang='lat' dir='ltr'><strong>ait&gt;</strong></span> <span class='ocrx_word' id='word_1_110' title='bbox 772 764 922 796; x_wconf 89' lang='lat' dir='ltr'><strong>neque</strong></span> <span class='ocrx_word' id='word_1_111' title='bbox 958 751 1037 795; x_wconf 92' lang='lat' dir='ltr'><strong>qui</strong></span> <span class='ocrx_word' id='word_1_112' title='bbox 1073 750 1265 796; x_wconf 88' lang='lat' dir='ltr'><strong>plantat</strong></span> <span class='ocrx_word' id='word_1_113' title='bbox 1299 762 1452 794; x_wconf 90' lang='lat' dir='ltr'><strong>neque</strong></span> <span class='ocrx_word' id='word_1_114' title='bbox 1479 750 1712 794; x_wconf 85' lang='lat' dir='ltr'><strong>quirigat</strong></span> <span class='ocrx_word' id='word_1_115' title='bbox 1738 752 1810 784; x_wconf 86' lang='lat' dir='ltr'><strong>est</strong></span> <span class='ocrx_word' id='word_1_116' title='bbox 1836 749 1916 784; x_wconf 91' lang='lat' dir='ltr'><strong>ali-</strong></span> 
     </span>
     <span class='ocr_line' id='line_1_12' title="bbox 147 803 1918 851; baseline -0.003 -10"><span class='ocrx_word' id='word_1_117' title='bbox 147 806 277 851; x_wconf 92' lang='lat' dir='ltr'><strong>quid,</strong></span> <span class='ocrx_word' id='word_1_118' title='bbox 306 806 378 840; x_wconf 89' lang='lat' dir='ltr'><strong>sed</strong></span> <span class='ocrx_word' id='word_1_119' title='bbox 405 807 483 850; x_wconf 89' lang='lat' dir='ltr'><strong>qui</strong></span> <span class='ocrx_word' id='word_1_120' title='bbox 510 806 859 840; x_wconf 87' lang='lat' dir='ltr'><strong>incrementum</strong></span> <span class='ocrx_word' id='word_1_121' title='bbox 887 804 966 839; x_wconf 86' lang='lat' dir='ltr'><strong>dat</strong></span> <span class='ocrx_word' id='word_1_122' title='bbox 992 804 1150 846; x_wconf 39' lang='lat' dir='ltr'><strong>deus&amp;</strong></span> <span class='ocrx_word' id='word_1_123' title='bbox 1187 810 1223 838; x_wconf 79' lang='lat' dir='ltr'><strong>et</strong></span> <span class='ocrx_word' id='word_1_124' title='bbox 1249 805 1331 848; x_wconf 86' lang='lat' dir='ltr'><strong>quia</strong></span> <span class='ocrx_word' id='word_1_125' title='bbox 1357 804 1532 847; x_wconf 78' lang='lat' dir='ltr'><strong>scriptum</strong></span> <span class='ocrx_word' id='word_1_126' title='bbox 1559 804 1650 838; x_wconf 73' lang='lat' dir='ltr'><strong>estd.</strong></span> <span class='ocrx_word' id='word_1_127' title='bbox 1701 803 1804 837; x_wconf 91' lang='lat' dir='ltr'><strong>Nisi</strong></span> <span class='ocrx_word' id='word_1_128' title='bbox 1840 803 1918 836; x_wconf 92' lang='lat' dir='ltr'><strong>Do-</strong></span> 
     </span>
     <span class='ocr_line' id='line_1_13' title="bbox 146 857 1918 902; baseline -0.002 -8"><span class='ocrx_word' id='word_1_129' title='bbox 146 861 299 894; x_wconf 84' lang='lat' dir='ltr'><strong>minus</strong></span> <span class='ocrx_word' id='word_1_130' title='bbox 326 859 680 894; x_wconf 84' lang='lat' dir='ltr'><strong>aedit&#39;icauerit</strong></span> <span class='ocrx_word' id='word_1_131' title='bbox 707 859 891 893; x_wconf 90' lang='lat' dir='ltr'><strong>Domum</strong></span> <span class='ocrx_word' id='word_1_132' title='bbox 918 858 963 892; x_wconf 90' lang='lat' dir='ltr'><strong>in</strong></span> <span class='ocrx_word' id='word_1_133' title='bbox 990 869 1159 892; x_wconf 88' lang='lat' dir='ltr'><strong>vanum</strong></span> <span class='ocrx_word' id='word_1_134' title='bbox 1186 858 1545 892; x_wconf 84' lang='lat' dir='ltr'><strong>laborauerunt</strong></span> <span class='ocrx_word' id='word_1_135' title='bbox 1571 858 1642 902; x_wconf 89' lang='lat' dir='ltr'><strong>qui</strong></span> <span class='ocrx_word' id='word_1_136' title='bbox 1670 857 1918 891; x_wconf 85' lang='lat' dir='ltr'><strong>aedificant</strong></span> 
     </span>
     <span class='ocr_line' id='line_1_14' title="bbox 148 910 1918 957; baseline -0.002 -9"><span class='ocrx_word' id='word_1_137' title='bbox 148 916 288 948; x_wconf 84' lang='lat' dir='ltr'><strong>eam⁴:</strong></span> <span class='ocrx_word' id='word_1_138' title='bbox 322 913 487 948; x_wconf 66' lang='lat' dir='ltr'><strong>Jdcircoe</strong></span> <span class='ocrx_word' id='word_1_139' title='bbox 515 925 583 947; x_wconf 89' lang='lat' dir='ltr'><strong>non</strong></span> <span class='ocrx_word' id='word_1_140' title='bbox 610 924 756 957; x_wconf 88' lang='lat' dir='ltr'><strong>possum</strong></span> <span class='ocrx_word' id='word_1_141' title='bbox 783 912 948 946; x_wconf 87' lang='lat' dir='ltr'><strong>omittere</strong></span> <span class='ocrx_word' id='word_1_142' title='bbox 975 911 1061 956; x_wconf 90' lang='lat' dir='ltr'><strong>quin</strong></span> <span class='ocrx_word' id='word_1_143' title='bbox 1086 923 1143 945; x_wconf 90' lang='lat' dir='ltr'><strong>me</strong></span> <span class='ocrx_word' id='word_1_144' title='bbox 1169 914 1206 945; x_wconf 85' lang='lat' dir='ltr'><strong>et</strong></span> <span class='ocrx_word' id='word_1_145' title='bbox 1231 923 1360 945; x_wconf 90' lang='lat' dir='ltr'><strong>munus</strong></span> <span class='ocrx_word' id='word_1_146' title='bbox 1387 922 1504 945; x_wconf 90' lang='lat' dir='ltr'><strong>meum</strong></span> <span class='ocrx_word' id='word_1_147' title='bbox 1531 911 1759 956; x_wconf 87' lang='lat' dir='ltr'><strong>praedicandi</strong></span> <span class='ocrx_word' id='word_1_148' title='bbox 1785 910 1918 944; x_wconf 86' lang='lat' dir='ltr'><strong>vestris</strong></span> 
     </span>
     <span class='ocr_line' id='line_1_15' title="bbox 147 964 1918 1010; baseline -0.002 -9"><span class='ocrx_word' id='word_1_149' title='bbox 147 967 367 1001; x_wconf 88' lang='lat' dir='ltr'><strong>orationibus</strong></span> <span class='ocrx_word' id='word_1_150' title='bbox 394 979 473 1001; x_wconf 90' lang='lat' dir='ltr'><strong>cum</strong></span> <span class='ocrx_word' id='word_1_151' title='bbox 498 978 630 1010; x_wconf 84' lang='lat' dir='ltr'><strong>magna</strong></span> <span class='ocrx_word' id='word_1_152' title='bbox 653 966 881 1000; x_wconf 83' lang='lat' dir='ltr'><strong>solicitudine</strong></span> <span class='ocrx_word' id='word_1_153' title='bbox 900 965 1009 999; x_wconf 85' lang='lat' dir='ltr'><strong>debeo</strong></span> <span class='ocrx_word' id='word_1_154' title='bbox 1029 964 1297 999; x_wconf 69' lang='lat' dir='ltr'><strong>commendares</strong></span> <span class='ocrx_word' id='word_1_155' title='bbox 1321 976 1383 1009; x_wconf 89' lang='lat' dir='ltr'><strong>per</strong></span> <span class='ocrx_word' id='word_1_156' title='bbox 1402 976 1492 1009; x_wconf 87' lang='lat' dir='ltr'><strong>quas</strong></span> <span class='ocrx_word' id='word_1_157' title='bbox 1516 965 1718 1010; x_wconf 84' lang='lat' dir='ltr'><strong>impetretis</strong></span> <span class='ocrx_word' id='word_1_158' title='bbox 1738 966 1918 1009; x_wconf 90' lang='lat' dir='ltr'><strong>potentem</strong></span> 
     </span>
     <span class='ocr_line' id='line_1_16' title="bbox 147 1017 1920 1063; baseline -0.002 -9"><span class='ocrx_word' id='word_1_159' title='bbox 147 1021 204 1054; x_wconf 88' lang='lat' dir='ltr'><strong>dei</strong></span> <span class='ocrx_word' id='word_1_160' title='bbox 239 1021 393 1063; x_wconf 78' lang='lat' dir='ltr'><strong>gratiam</strong></span> <span class='ocrx_word' id='word_1_161' title='bbox 421 1019 463 1054; x_wconf 87' lang='lat' dir='ltr'><strong>ad</strong></span> <span class='ocrx_word' id='word_1_162' title='bbox 490 1019 556 1053; x_wconf 97' lang='grc'>1100</span> <span class='ocrx_word' id='word_1_163' title='bbox 583 1019 834 1059; x_wconf 83' lang='lat' dir='ltr'><strong>necessariam,</strong></span> <span class='ocrx_word' id='word_1_164' title='bbox 862 1021 903 1052; x_wconf 92' lang='lat' dir='ltr'><strong>vt</strong></span> <span class='ocrx_word' id='word_1_165' title='bbox 930 1018 1078 1052; x_wconf 85' lang='lat' dir='ltr'><strong>verbum</strong></span> <span class='ocrx_word' id='word_1_166' title='bbox 1107 1018 1162 1052; x_wconf 87' lang='lat' dir='ltr'><strong>dei</strong></span> <span class='ocrx_word' id='word_1_167' title='bbox 1188 1029 1257 1052; x_wconf 89' lang='lat' dir='ltr'><strong>non</strong></span> <span class='ocrx_word' id='word_1_168' title='bbox 1284 1017 1399 1052; x_wconf 90' lang='lat' dir='ltr'><strong>solum</strong></span> <span class='ocrx_word' id='word_1_169' title='bbox 1427 1029 1447 1052; x_wconf 88' lang='lat' dir='ltr'><strong>a</strong></span> <span class='ocrx_word' id='word_1_170' title='bbox 1472 1030 1528 1052; x_wconf 91' lang='lat' dir='ltr'><strong>me</strong></span> <span class='ocrx_word' id='word_1_171' title='bbox 1555 1021 1651 1052; x_wconf 89' lang='lat' dir='ltr'><strong>recte</strong></span> <span class='ocrx_word' id='word_1_172' title='bbox 1677 1020 1920 1062; x_wconf 79' lang='lat' dir='ltr'><strong>proponaturg</strong></span> 
     </span>
     <span class='ocr_line' id='line_1_17' title="bbox 148 1071 1920 1118; baseline -0.002 -11"><span class='ocrx_word' id='word_1_173' title='bbox 148 1073 213 1118; x_wconf 92' lang='lat' dir='ltr'><strong>[et]</strong></span> <span class='ocrx_word' id='word_1_174' title='bbox 226 1072 271 1117; x_wconf 69' lang='lat'><strong>[5³]</strong></span> <span class='ocrx_word' id='word_1_175' title='bbox 290 1076 467 1107; x_wconf 87' lang='lat' dir='ltr'><strong>tractetur</strong></span> <span class='ocrx_word' id='word_1_176' title='bbox 479 1072 538 1118; x_wconf 68' lang='lat'>[?],</span> <span class='ocrx_word' id='word_1_177' title='bbox 556 1073 617 1107; x_wconf 86' lang='lat' dir='ltr'><strong>sed</strong></span> <span class='ocrx_word' id='word_1_178' title='bbox 638 1073 745 1107; x_wconf 86' lang='lat' dir='ltr'><strong>etiam</strong></span> <span class='ocrx_word' id='word_1_179' title='bbox 765 1084 786 1106; x_wconf 84' lang='lat' dir='ltr'><strong>a</strong></span> <span class='ocrx_word' id='word_1_180' title='bbox 804 1072 1027 1106; x_wconf 84' lang='lat' dir='ltr'><strong>auditoribus</strong></span> <span class='ocrx_word' id='word_1_181' title='bbox 1045 1071 1152 1116; x_wconf 80' lang='lat' dir='ltr'><strong>digne</strong></span> <span class='ocrx_word' id='word_1_182' title='bbox 1170 1075 1386 1116; x_wconf 83' lang='lat' dir='ltr'><strong>acceptetur,</strong></span> <span class='ocrx_word' id='word_1_183' title='bbox 1413 1072 1551 1116; x_wconf 87' lang='lat' dir='ltr'><strong>hocque</strong></span> <span class='ocrx_word' id='word_1_184' title='bbox 1575 1072 1726 1105; x_wconf 90' lang='lat' dir='ltr'><strong>bonum</strong></span> <span class='ocrx_word' id='word_1_185' title='bbox 1751 1071 1920 1105; x_wconf 87' lang='lat' dir='ltr'><strong>semen⁵</strong></span> 
     </span>
     <span class='ocr_line' id='line_1_18' title="bbox 147 1123 1921 1170; baseline -0.002 -9"><span class='ocrx_word' id='word_1_186' title='bbox 147 1128 183 1161; x_wconf 92' lang='lat' dir='ltr'><strong>in</strong></span> <span class='ocrx_word' id='word_1_187' title='bbox 210 1123 341 1161; x_wconf 84' lang='lat' dir='ltr'><strong>bonum</strong></span> <span class='ocrx_word' id='word_1_188' title='bbox 366 1138 494 1170; x_wconf 89' lang='lat' dir='ltr'><strong>agrum</strong></span> <span class='ocrx_word' id='word_1_189' title='bbox 520 1127 655 1160; x_wconf 87' lang='lat' dir='ltr'><strong>iactum</strong></span> <span class='ocrx_word' id='word_1_190' title='bbox 674 1144 681 1151; x_wconf 93' lang='lat'>·</span> <span class='ocrx_word' id='word_1_191' title='bbox 701 1126 830 1160; x_wconf 87' lang='lat' dir='ltr'><strong>bonum</strong></span> <span class='ocrx_word' id='word_1_192' title='bbox 865 1125 1022 1159; x_wconf 85' lang='lat' dir='ltr'><strong>fructum</strong></span> <span class='ocrx_word' id='word_1_193' title='bbox 1050 1125 1250 1159; x_wconf 74' lang='lat' dir='ltr'><strong>adfe1·at1¹⁶.</strong></span> <span class='ocrx_word' id='word_1_194' title='bbox 1302 1125 1439 1159; x_wconf 90' lang='lat' dir='ltr'><strong>Beati</strong></span> <span class='ocrx_word' id='word_1_195' title='bbox 1476 1126 1568 1159; x_wconf 90' lang='lat' dir='ltr'><strong>enim</strong></span> <span class='ocrx_word' id='word_1_196' title='bbox 1606 1125 1683 1169; x_wconf 91' lang='lat' dir='ltr'><strong>qui</strong></span> <span class='ocrx_word' id='word_1_197' title='bbox 1718 1124 1921 1159; x_wconf 81' lang='lat' dir='ltr'><strong>audiunt</strong></span> 
     </span>
     <span class='ocr_line' id='line_1_19' title="bbox 148 1177 1921 1221; baseline -0.002 -6"><span class='ocrx_word' id='word_1_198' title='bbox 148 1180 341 1215; x_wconf 87' lang='lat' dir='ltr'><strong>verbum</strong></span> <span class='ocrx_word' id='word_1_199' title='bbox 369 1180 462 1221; x_wconf 82' lang='lat' dir='ltr'><strong>dei,</strong></span> <span class='ocrx_word' id='word_1_200' title='bbox 490 1183 533 1213; x_wconf 87' lang='lat' dir='ltr'><strong>et</strong></span> <span class='ocrx_word' id='word_1_201' title='bbox 559 1179 844 1214; x_wconf 87' lang='lat' dir='ltr'><strong>custodiunt</strong></span> <span class='ocrx_word' id='word_1_202' title='bbox 870 1177 1049 1214; x_wconf 67' lang='grc' dir='ltr'><strong>1111111.Π</strong></span> <span class='ocrx_word' id='word_1_203' title='bbox 1088 1179 1133 1212; x_wconf 85' lang='lat' dir='ltr'><strong>Et</strong></span> <span class='ocrx_word' id='word_1_204' title='bbox 1164 1178 1270 1212; x_wconf 77' lang='lat' dir='ltr'><strong>Paulo</strong></span> <span class='ocrx_word' id='word_1_205' title='bbox 1297 1181 1391 1213; x_wconf 83' lang='lat' dir='ltr'><strong>teste</strong></span> <span class='ocrx_word' id='word_1_206' title='bbox 1416 1178 1507 1213; x_wconf 88' lang='lat' dir='ltr'><strong>Non</strong></span> <span class='ocrx_word' id='word_1_207' title='bbox 1534 1179 1755 1212; x_wconf 88' lang='lat' dir='ltr'><strong>auditores</strong></span> <span class='ocrx_word' id='word_1_208' title='bbox 1781 1177 1921 1221; x_wconf 81' lang='lat' dir='ltr'><strong>legis¹¹</strong></span> 
     </span>
     <span class='ocr_line' id='line_1_20' title="bbox 148 1231 1922 1273; baseline -0.002 -6"><span class='ocrx_word' id='word_1_209' title='bbox 148 1233 248 1269; x_wconf 85' lang='lat' dir='ltr'><strong>Rom.</strong></span> <span class='ocrx_word' id='word_1_210' title='bbox 268 1234 301 1268; x_wconf 91' lang='grc'><strong>2.</strong></span> <span class='ocrx_word' id='word_1_211' title='bbox 352 1233 522 1267; x_wconf 87' lang='lat' dir='ltr'><strong>Estote</strong></span> <span class='ocrx_word' id='word_1_212' title='bbox 549 1235 767 1267; x_wconf 82' lang='lat' dir='ltr'><strong>factores</strong></span> <span class='ocrx_word' id='word_1_213' title='bbox 793 1233 963 1267; x_wconf 73' lang='lat' dir='ltr'><strong>uerbi9.</strong></span> <span class='ocrx_word' id='word_1_214' title='bbox 1015 1231 1115 1273; x_wconf 83' lang='lat' dir='ltr'><strong>Quod</strong></span> <span class='ocrx_word' id='word_1_215' title='bbox 1142 1232 1172 1266; x_wconf 88' lang='lat' dir='ltr'><strong>si</strong></span> <span class='ocrx_word' id='word_1_216' title='bbox 1199 1243 1304 1266; x_wconf 87' lang='lat' dir='ltr'><strong>casus</strong></span> <span class='ocrx_word' id='word_1_217' title='bbox 1330 1243 1409 1267; x_wconf 88' lang='lat' dir='ltr'><strong>sese</strong></span> <span class='ocrx_word' id='word_1_218' title='bbox 1436 1232 1563 1266; x_wconf 84' lang='lat' dir='ltr'><strong>offerat</strong></span> <span class='ocrx_word' id='word_1_219' title='bbox 1582 1235 1622 1266; x_wconf 86' lang='lat' dir='ltr'><strong>vt</strong></span> <span class='ocrx_word' id='word_1_220' title='bbox 1640 1244 1684 1266; x_wconf 80' lang='lat' dir='ltr'><strong>ex</strong></span> <span class='ocrx_word' id='word_1_221' title='bbox 1702 1231 1922 1266; x_wconf 85' lang='lat' dir='ltr'><strong>auditoribus</strong></span> 
     </span>
     <span class='ocr_line' id='line_1_21' title="bbox 149 1285 1920 1331; baseline -0.002 -10"><span class='ocrx_word' id='word_1_222' title='bbox 149 1288 240 1321; x_wconf 88' lang='lat' dir='ltr'><strong>meis</strong></span> <span class='ocrx_word' id='word_1_223' title='bbox 266 1286 409 1331; x_wconf 90' lang='lat' dir='ltr'><strong>quidam</strong></span> <span class='ocrx_word' id='word_1_224' title='bbox 437 1287 533 1320; x_wconf 85' lang='lat' dir='ltr'><strong>dicta</strong></span> <span class='ocrx_word' id='word_1_225' title='bbox 558 1298 638 1320; x_wconf 87' lang='lat' dir='ltr'><strong>mea</strong></span> <span class='ocrx_word' id='word_1_226' title='bbox 665 1286 758 1320; x_wconf 83' lang='lat' dir='ltr'><strong>male</strong></span> <span class='ocrx_word' id='word_1_227' title='bbox 784 1286 1038 1330; x_wconf 83' lang='lat' dir='ltr'><strong>intelligerent,</strong></span> <span class='ocrx_word' id='word_1_228' title='bbox 1074 1285 1133 1319; x_wconf 90' lang='lat' dir='ltr'><strong>vel</strong></span> <span class='ocrx_word' id='word_1_229' title='bbox 1159 1297 1200 1319; x_wconf 90' lang='lat' dir='ltr'><strong>ea</strong></span> <span class='ocrx_word' id='word_1_230' title='bbox 1227 1297 1374 1330; x_wconf 83' lang='lat' dir='ltr'><strong>carpere</strong></span> <span class='ocrx_word' id='word_1_231' title='bbox 1400 1286 1545 1327; x_wconf 87' lang='lat' dir='ltr'><strong>vellent,</strong></span> <span class='ocrx_word' id='word_1_232' title='bbox 1577 1288 1640 1320; x_wconf 87' lang='lat' dir='ltr'><strong>aut</strong></span> <span class='ocrx_word' id='word_1_233' title='bbox 1665 1297 1710 1320; x_wconf 83' lang='lat' dir='ltr'><strong>ex</strong></span> <span class='ocrx_word' id='word_1_234' title='bbox 1736 1286 1788 1319; x_wconf 89' lang='lat' dir='ltr'><strong>eis</strong></span> <span class='ocrx_word' id='word_1_235' title='bbox 1814 1285 1920 1318; x_wconf 85' lang='lat' dir='ltr'><strong>etiam</strong></span> 
     </span>
     <span class='ocr_line' id='line_1_22' title="bbox 149 1338 1924 1384; baseline -0.001 -10"><span class='ocrx_word' id='word_1_236' title='bbox 149 1340 413 1374; x_wconf 86' lang='lat' dir='ltr'><strong>offenderentur</strong></span> <span class='ocrx_word' id='word_1_237' title='bbox 448 1340 531 1374; x_wconf 90' lang='lat' dir='ltr'><strong>illos</strong></span> <span class='ocrx_word' id='word_1_238' title='bbox 565 1343 728 1374; x_wconf 88' lang='lat' dir='ltr'><strong>amanter</strong></span> <span class='ocrx_word' id='word_1_239' title='bbox 762 1342 908 1384; x_wconf 82' lang='lat' dir='ltr'><strong>rogatos</strong></span> <span class='ocrx_word' id='word_1_240' title='bbox 943 1339 1051 1373; x_wconf 78' lang='lat' dir='ltr'><strong>velim</strong></span> <span class='ocrx_word' id='word_1_241' title='bbox 1086 1351 1130 1372; x_wconf 90' lang='lat' dir='ltr'><strong>ne</strong></span> <span class='ocrx_word' id='word_1_242' title='bbox 1166 1339 1209 1372; x_wconf 86' lang='lat' dir='ltr'><strong>ad</strong></span> <span class='ocrx_word' id='word_1_243' title='bbox 1244 1339 1472 1373; x_wconf 85' lang='lat' dir='ltr'><strong>iudicandum</strong></span> <span class='ocrx_word' id='word_1_244' title='bbox 1507 1341 1544 1373; x_wconf 93' lang='lat' dir='ltr'><strong>et</strong></span> <span class='ocrx_word' id='word_1_245' title='bbox 1577 1339 1815 1373; x_wconf 81' lang='lat' dir='ltr'><strong>damnandum</strong></span> <span class='ocrx_word' id='word_1_246' title='bbox 1850 1338 1924 1372; x_wconf 85' lang='lat' dir='ltr'><strong>sint</strong></span> 
     </span>
     <span class='ocr_line' id='line_1_23' title="bbox 149 1392 1923 1439; baseline -0.002 -11"><span class='ocrx_word' id='word_1_247' title='bbox 149 1394 373 1439; x_wconf 86' lang='lat' dir='ltr'><strong>praecipites,</strong></span> <span class='ocrx_word' id='word_1_248' title='bbox 401 1394 495 1428; x_wconf 89' lang='lat' dir='ltr'><strong>sicut</strong></span> <span class='ocrx_word' id='word_1_249' title='bbox 520 1397 556 1428; x_wconf 88' lang='lat' dir='ltr'><strong>et</strong></span> <span class='ocrx_word' id='word_1_250' title='bbox 582 1393 739 1428; x_wconf 89' lang='lat' dir='ltr'><strong>christus</strong></span> <span class='ocrx_word' id='word_1_251' title='bbox 765 1393 972 1438; x_wconf 81' lang='lat' dir='ltr'><strong>prohibuitk</strong></span> <span class='ocrx_word' id='word_1_252' title='bbox 990 1393 1018 1414; x_wconf 91' lang='lat'><strong>¹⁰</strong></span> <span class='ocrx_word' id='word_1_253' title='bbox 1043 1393 1104 1426; x_wconf 82' lang='lat' dir='ltr'><strong>sed</strong></span> <span class='ocrx_word' id='word_1_254' title='bbox 1126 1394 1165 1426; x_wconf 89' lang='lat' dir='ltr'><strong>vt</strong></span> <span class='ocrx_word' id='word_1_255' title='bbox 1182 1393 1300 1437; x_wconf 86' lang='lat' dir='ltr'><strong>potius</strong></span> <span class='ocrx_word' id='word_1_256' title='bbox 1327 1405 1372 1427; x_wconf 88' lang='lat' dir='ltr'><strong>ex</strong></span> <span class='ocrx_word' id='word_1_257' title='bbox 1398 1392 1771 1427; x_wconf 78' lang='lat' dir='ltr'><strong>christianacaritate</strong></span> <span class='ocrx_word' id='word_1_258' title='bbox 1797 1403 1860 1436; x_wconf 90' lang='lat' dir='ltr'><strong>per</strong></span> <span class='ocrx_word' id='word_1_259' title='bbox 1884 1403 1923 1426; x_wconf 87' lang='lat' dir='ltr'><strong>se</strong></span> 
     </span>
     <span class='ocr_line' id='line_1_24' title="bbox 150 1446 1922 1492; baseline -0.001 -11"><span class='ocrx_word' id='word_1_260' title='bbox 150 1448 208 1481; x_wconf 91' lang='lat' dir='ltr'><strong>vel</strong></span> <span class='ocrx_word' id='word_1_261' title='bbox 242 1459 305 1492; x_wconf 88' lang='lat' dir='ltr'><strong>per</strong></span> <span class='ocrx_word' id='word_1_262' title='bbox 331 1447 420 1482; x_wconf 87' lang='lat' dir='ltr'><strong>alios</strong></span> <span class='ocrx_word' id='word_1_263' title='bbox 447 1459 502 1481; x_wconf 90' lang='lat' dir='ltr'><strong>me</strong></span> <span class='ocrx_word' id='word_1_264' title='bbox 528 1447 742 1481; x_wconf 86' lang='lat' dir='ltr'><strong>monendum</strong></span> <span class='ocrx_word' id='word_1_265' title='bbox 769 1449 895 1481; x_wconf 86' lang='lat' dir='ltr'><strong>curent</strong></span> <span class='ocrx_word' id='word_1_266' title='bbox 921 1447 942 1481; x_wconf 83' lang='lat'><strong>2</strong></span> <span class='ocrx_word' id='word_1_267' title='bbox 968 1449 1008 1480; x_wconf 90' lang='lat' dir='ltr'><strong>ut</strong></span> <span class='ocrx_word' id='word_1_268' title='bbox 1034 1446 1220 1480; x_wconf 84' lang='lat' dir='ltr'><strong>conferant</strong></span> <span class='ocrx_word' id='word_1_269' title='bbox 1247 1458 1384 1480; x_wconf 85' lang='lat' dir='ltr'><strong>mecum</strong></span> <span class='ocrx_word' id='word_1_270' title='bbox 1412 1447 1432 1480; x_wconf 86' lang='lat'><strong>3</strong></span> <span class='ocrx_word' id='word_1_271' title='bbox 1459 1450 1499 1480; x_wconf 92' lang='lat' dir='ltr'><strong>ut</strong></span> <span class='ocrx_word' id='word_1_272' title='bbox 1524 1447 1640 1480; x_wconf 84' lang='lat' dir='ltr'><strong>sciant</strong></span> <span class='ocrx_word' id='word_1_273' title='bbox 1666 1457 1723 1480; x_wconf 88' lang='lat' dir='ltr'><strong>me</strong></span> <span class='ocrx_word' id='word_1_274' title='bbox 1757 1447 1922 1490; x_wconf 85' lang='lat' dir='ltr'><strong>paratum</strong></span> 
     </span>
     <span class='ocr_line' id='line_1_25' title="bbox 149 1499 1923 1536; baseline -0.002 0"><span class='ocrx_word' id='word_1_275' title='bbox 149 1502 194 1536; x_wconf 89' lang='lat' dir='ltr'><strong>ad</strong></span> <span class='ocrx_word' id='word_1_276' title='bbox 220 1502 395 1535; x_wconf 87' lang='lat' dir='ltr'><strong>rationem</strong></span> <span class='ocrx_word' id='word_1_277' title='bbox 422 1501 636 1536; x_wconf 86' lang='lat' dir='ltr'><strong>reddendam</strong></span> <span class='ocrx_word' id='word_1_278' title='bbox 673 1501 737 1534; x_wconf 83' lang='lat' dir='ltr'><strong>sed</strong></span> <span class='ocrx_word' id='word_1_279' title='bbox 763 1512 843 1534; x_wconf 83' lang='lat' dir='ltr'><strong>cum</strong></span> <span class='ocrx_word' id='word_1_280' title='bbox 871 1501 965 1534; x_wconf 89' lang='lat' dir='ltr'><strong>omni</strong></span> <span class='ocrx_word' id='word_1_281' title='bbox 992 1500 1279 1534; x_wconf 77' lang='lat' dir='ltr'><strong>mansuetudine.</strong></span> <span class='ocrx_word' id='word_1_282' title='bbox 1332 1500 1386 1534; x_wconf 86' lang='lat' dir='ltr'><strong>Jn</strong></span> <span class='ocrx_word' id='word_1_283' title='bbox 1422 1499 1792 1534; x_wconf 86' lang='lat' dir='ltr'><strong>mansuetudine</strong></span> <span class='ocrx_word' id='word_1_284' title='bbox 1827 1510 1923 1533; x_wconf 87' lang='lat' dir='ltr'><strong>sus—</strong></span> 
     </span>
     <span class='ocr_line' id='line_1_26' title="bbox 151 1552 1922 1599; baseline -0.001 -11"><span class='ocrx_word' id='word_1_285' title='bbox 151 1554 302 1599; x_wconf 85' lang='lat' dir='ltr'><strong>cipite</strong></span> <span class='ocrx_word' id='word_1_286' title='bbox 328 1554 527 1588; x_wconf 88' lang='lat' dir='ltr'><strong>insitum</strong></span> <span class='ocrx_word' id='word_1_287' title='bbox 547 1554 738 1588; x_wconf 88' lang='lat' dir='ltr'><strong>verbum</strong></span> <span class='ocrx_word' id='word_1_288' title='bbox 756 1555 779 1574; x_wconf 90' lang='lat'><strong>¹¹</strong></span> <span class='ocrx_word' id='word_1_289' title='bbox 799 1554 877 1588; x_wconf 85' lang='lat' dir='ltr'><strong>Jac.</strong></span> <span class='ocrx_word' id='word_1_290' title='bbox 897 1554 927 1588; x_wconf 88' lang='lat'><strong>1.</strong></span> <span class='ocrx_word' id='word_1_291' title='bbox 956 1553 1112 1588; x_wconf 84' lang='lat' dir='ltr'><strong>Estote</strong></span> <span class='ocrx_word' id='word_1_292' title='bbox 1139 1554 1326 1588; x_wconf 88' lang='lat' dir='ltr'><strong>inuicem</strong></span> <span class='ocrx_word' id='word_1_293' title='bbox 1355 1554 1532 1598; x_wconf 88' lang='lat' dir='ltr'><strong>benigni</strong></span> <span class='ocrx_word' id='word_1_294' title='bbox 1560 1552 1922 1588; x_wconf 61' lang='lat' dir='ltr'><strong>misericordesffl.</strong></span> 
     </span>
     <span class='ocr_line' id='line_1_27' title="bbox 151 1606 1922 1652; baseline -0.001 -10"><span class='ocrx_word' id='word_1_295' title='bbox 151 1608 230 1642; x_wconf 87' lang='lat' dir='ltr'><strong>Scio</strong></span> <span class='ocrx_word' id='word_1_296' title='bbox 257 1608 351 1642; x_wconf 90' lang='lat' dir='ltr'><strong>enim</strong></span> <span class='ocrx_word' id='word_1_297' title='bbox 378 1610 550 1652; x_wconf 87' lang='lat' dir='ltr'><strong>quantum</strong></span> <span class='ocrx_word' id='word_1_298' title='bbox 578 1607 729 1641; x_wconf 86' lang='lat' dir='ltr'><strong>referat¹</strong></span> <span class='ocrx_word' id='word_1_299' title='bbox 765 1608 862 1652; x_wconf 87' lang='lat' dir='ltr'><strong>pauli</strong></span> <span class='ocrx_word' id='word_1_300' title='bbox 893 1611 1122 1652; x_wconf 81' lang='lat' dir='ltr'><strong>praeceptum</strong></span> <span class='ocrx_word' id='word_1_301' title='bbox 1151 1607 1352 1642; x_wconf 84' lang='lat' dir='ltr'><strong>obseruare.</strong></span> <span class='ocrx_word' id='word_1_302' title='bbox 1397 1607 1442 1642; x_wconf 84' lang='lat' dir='ltr'><strong>Si</strong></span> <span class='ocrx_word' id='word_1_303' title='bbox 1468 1607 1582 1641; x_wconf 87' lang='lat' dir='ltr'><strong>fieri</strong></span> <span class='ocrx_word' id='word_1_304' title='bbox 1618 1608 1779 1651; x_wconf 90' lang='lat' dir='ltr'><strong>potest</strong></span> <span class='ocrx_word' id='word_1_305' title='bbox 1805 1606 1922 1650; x_wconf 87' lang='lat' dir='ltr'><strong>quod</strong></span> 
     </span>
     <span class='ocr_line' id='line_1_28' title="bbox 151 1659 1966 1705; baseline -0.001 -9"><span class='ocrx_word' id='word_1_306' title='bbox 151 1673 204 1696; x_wconf 88' lang='lat' dir='ltr'><strong>ex</strong></span> <span class='ocrx_word' id='word_1_307' title='bbox 232 1662 369 1696; x_wconf 90' lang='lat' dir='ltr'><strong>vobis</strong></span> <span class='ocrx_word' id='word_1_308' title='bbox 394 1664 462 1696; x_wconf 87' lang='lat' dir='ltr'><strong>est</strong></span> <span class='ocrx_word' id='word_1_309' title='bbox 488 1673 579 1695; x_wconf 87' lang='lat' dir='ltr'><strong>cum</strong></span> <span class='ocrx_word' id='word_1_310' title='bbox 607 1661 822 1695; x_wconf 89' lang='lat' dir='ltr'><strong>omnibus</strong></span> <span class='ocrx_word' id='word_1_311' title='bbox 849 1660 1121 1696; x_wconf 88' lang='lat' dir='ltr'><strong>hominibus</strong></span> <span class='ocrx_word' id='word_1_312' title='bbox 1148 1672 1306 1705; x_wconf 88' lang='lat' dir='ltr'><strong>pacem</strong></span> <span class='ocrx_word' id='word_1_313' title='bbox 1332 1660 1651 1695; x_wconf 62' lang='lat' dir='ltr'><strong>habentesmffl.</strong></span> <span class='ocrx_word' id='word_1_314' title='bbox 1683 1659 1815 1694; x_wconf 88' lang='lat' dir='ltr'><strong>Verum</strong></span> <span class='ocrx_word' id='word_1_315' title='bbox 1834 1660 1923 1694; x_wconf 89' lang='lat' dir='ltr'><strong>haec</strong></span> <span class='ocrx_word' id='word_1_316' title='bbox 1961 1660 1966 1664; x_wconf 82' lang='grc'><strong>”</strong></span> 
     </span>
     <span class='ocr_line' id='line_1_29' title="bbox 151 1713 1924 1760; baseline -0.001 -11"><span class='ocrx_word' id='word_1_317' title='bbox 151 1717 241 1749; x_wconf 87' lang='lat' dir='ltr'><strong>satis</strong></span> <span class='ocrx_word' id='word_1_318' title='bbox 275 1715 498 1760; x_wconf 87' lang='lat' dir='ltr'><strong>praeambuli</strong></span> <span class='ocrx_word' id='word_1_319' title='bbox 523 1714 628 1749; x_wconf 82' lang='lat' dir='ltr'><strong>locon</strong></span> <span class='ocrx_word' id='word_1_320' title='bbox 664 1716 703 1748; x_wconf 88' lang='lat' dir='ltr'><strong>ut</strong></span> <span class='ocrx_word' id='word_1_321' title='bbox 728 1714 840 1749; x_wconf 89' lang='lat' dir='ltr'><strong>semel</strong></span> <span class='ocrx_word' id='word_1_322' title='bbox 868 1714 1047 1749; x_wconf 86' lang='lat' dir='ltr'><strong>declarem</strong></span> <span class='ocrx_word' id='word_1_323' title='bbox 1078 1727 1137 1748; x_wconf 87' lang='lat' dir='ltr'><strong>cor</strong></span> <span class='ocrx_word' id='word_1_324' title='bbox 1162 1726 1279 1748; x_wconf 88' lang='lat' dir='ltr'><strong>meum</strong></span> <span class='ocrx_word' id='word_1_325' title='bbox 1308 1717 1343 1748; x_wconf 92' lang='lat' dir='ltr'><strong>et</strong></span> <span class='ocrx_word' id='word_1_326' title='bbox 1370 1714 1406 1748; x_wconf 89' lang='lat' dir='ltr'><strong>C.</strong></span> <span class='ocrx_word' id='word_1_327' title='bbox 1426 1714 1511 1749; x_wconf 69' lang='lat' dir='ltr'>V.¹⁴</span> <span class='ocrx_word' id='word_1_328' title='bbox 1537 1714 1638 1754; x_wconf 84' lang='lat' dir='ltr'><strong>sciat,</strong></span> <span class='ocrx_word' id='word_1_329' title='bbox 1666 1713 1840 1758; x_wconf 88' lang='lat' dir='ltr'><strong>quomodo</strong></span> <span class='ocrx_word' id='word_1_330' title='bbox 1865 1725 1924 1748; x_wconf 86' lang='lat' dir='ltr'><strong>res</strong></span> 
     </span>
     <span class='ocr_line' id='line_1_30' title="bbox 152 1767 1923 1813; baseline -0.001 -11"><span class='ocrx_word' id='word_1_331' title='bbox 152 1768 359 1812; x_wconf 83' lang='lat' dir='ltr'><strong>geschaffen</strong></span> <span class='ocrx_word' id='word_1_332' title='bbox 395 1780 471 1813; x_wconf 89' lang='lat' dir='ltr'><strong>sey.</strong></span> <span class='ocrx_word' id='word_1_333' title='bbox 531 1768 578 1802; x_wconf 87' lang='lat' dir='ltr'><strong>Et</strong></span> <span class='ocrx_word' id='word_1_334' title='bbox 612 1780 717 1813; x_wconf 88' lang='lat' dir='ltr'><strong>spero</strong></span> <span class='ocrx_word' id='word_1_335' title='bbox 752 1768 846 1812; x_wconf 87' lang='lat' dir='ltr'><strong>quod</strong></span> <span class='ocrx_word' id='word_1_336' title='bbox 882 1768 965 1802; x_wconf 90' lang='lat' dir='ltr'><strong>boni</strong></span> <span class='ocrx_word' id='word_1_337' title='bbox 1000 1780 1123 1802; x_wconf 88' lang='lat' dir='ltr'><strong>omnes</strong></span> <span class='ocrx_word' id='word_1_338' title='bbox 1157 1767 1245 1802; x_wconf 86' lang='lat' dir='ltr'><strong>haec</strong></span> <span class='ocrx_word' id='word_1_339' title='bbox 1280 1768 1376 1802; x_wconf 83' lang='lat' dir='ltr'><strong>diota</strong></span> <span class='ocrx_word' id='word_1_340' title='bbox 1411 1768 1444 1801; x_wconf 93' lang='lat' dir='ltr'><strong>in</strong></span> <span class='ocrx_word' id='word_1_341' title='bbox 1480 1768 1608 1802; x_wconf 82' lang='lat' dir='ltr'><strong>bonam</strong></span> <span class='ocrx_word' id='word_1_342' title='bbox 1644 1773 1783 1812; x_wconf 86' lang='lat' dir='ltr'><strong>partem</strong></span> <span class='ocrx_word' id='word_1_343' title='bbox 1818 1768 1923 1801; x_wconf 90' lang='lat' dir='ltr'><strong>inter-</strong></span> 
     </span>
     <span class='ocr_line' id='line_1_31' title="bbox 152 1820 1923 1867; baseline -0.001 -10"><span class='ocrx_word' id='word_1_344' title='bbox 152 1823 400 1867; x_wconf 87' lang='lat' dir='ltr'><strong>pretabuntur,</strong></span> <span class='ocrx_word' id='word_1_345' title='bbox 452 1821 566 1866; x_wconf 85' lang='lat' dir='ltr'><strong>Super</strong></span> <span class='ocrx_word' id='word_1_346' title='bbox 600 1821 668 1856; x_wconf 88' lang='lat' dir='ltr'><strong>hoc</strong></span> <span class='ocrx_word' id='word_1_347' title='bbox 703 1822 796 1855; x_wconf 88' lang='lat' dir='ltr'><strong>enim</strong></span> <span class='ocrx_word' id='word_1_348' title='bbox 823 1822 1056 1855; x_wconf 84' lang='lat' dir='ltr'><strong>fundamento</strong></span> <span class='ocrx_word' id='word_1_349' title='bbox 1090 1820 1241 1866; x_wconf 86' lang='lat' dir='ltr'><strong>posthac</strong></span> <span class='ocrx_word' id='word_1_350' title='bbox 1266 1822 1300 1855; x_wconf 91' lang='lat' dir='ltr'><strong>in</strong></span> <span class='ocrx_word' id='word_1_351' title='bbox 1328 1821 1469 1855; x_wconf 90' lang='lat' dir='ltr'><strong>nomine</strong></span> <span class='ocrx_word' id='word_1_352' title='bbox 1495 1821 1636 1855; x_wconf 80' lang='lat' dir='ltr'><strong>Domini</strong></span> <span class='ocrx_word' id='word_1_353' title='bbox 1671 1821 1923 1861; x_wconf 85' lang='lat' dir='ltr'><strong>laborabimus,</strong></span> 
     </span>
    </p>
   </div>
   <div class='ocr_carea' id='block_1_4' title="bbox 153 1874 1926 1974">
    <p class='ocr_par' dir='ltr' id='par_1_4' title="bbox 153 1874 1926 1974">
     <span class='ocr_line' id='line_1_32' title="bbox 153 1874 1926 1920; baseline -0.001 -10"><span class='ocrx_word' id='word_1_354' title='bbox 153 1881 212 1911; x_wconf 85' lang='lat' dir='ltr'><strong>et⁰</strong></span> <span class='ocrx_word' id='word_1_355' title='bbox 239 1889 284 1910; x_wconf 84' lang='lat' dir='ltr'><strong>ex</strong></span> <span class='ocrx_word' id='word_1_356' title='bbox 302 1876 369 1910; x_wconf 86' lang='lat' dir='ltr'><strong>hac</strong></span> <span class='ocrx_word' id='word_1_357' title='bbox 390 1876 474 1910; x_wconf 86' lang='lat' dir='ltr'><strong>naui</strong></span> <span class='ocrx_word' id='word_1_358' title='bbox 493 1875 742 1919; x_wconf 84' lang='lat' dir='ltr'><strong>euangelicum</strong></span> <span class='ocrx_word' id='word_1_359' title='bbox 769 1879 872 1909; x_wconf 75' lang='lat' dir='ltr'><strong>retev</strong></span> <span class='ocrx_word' id='word_1_360' title='bbox 899 1875 1108 1920; x_wconf 63' lang='lat' dir='ltr'><strong>eijciemusq</strong></span> <span class='ocrx_word' id='word_1_361' title='bbox 1126 1876 1160 1910; x_wconf 80' lang='lat'><strong>&#39;⁵.</strong></span> <span class='ocrx_word' id='word_1_362' title='bbox 1194 1874 1247 1909; x_wconf 89' lang='lat' dir='ltr'><strong>Ne</strong></span> <span class='ocrx_word' id='word_1_363' title='bbox 1273 1875 1339 1909; x_wconf 85' lang='lat' dir='ltr'><strong>hoc</strong></span> <span class='ocrx_word' id='word_1_364' title='bbox 1366 1874 1496 1919; x_wconf 84' lang='lat' dir='ltr'><strong>frigido</strong></span> <span class='ocrx_word' id='word_1_365' title='bbox 1522 1879 1682 1920; x_wconf 88' lang='lat' dir='ltr'><strong>tempore</strong></span> <span class='ocrx_word' id='word_1_366' title='bbox 1701 1876 1767 1909; x_wconf 92' lang='lat' dir='ltr'><strong>sim</strong></span> <span class='ocrx_word' id='word_1_367' title='bbox 1787 1875 1926 1918; x_wconf 87' lang='lat' dir='ltr'><strong>longior</strong></span> 
     </span>
     <span class='ocr_line' id='line_1_33' title="bbox 153 1929 922 1974; baseline -0.003 -10"><span class='ocrx_word' id='word_1_368' title='bbox 153 1933 189 1964; x_wconf 86' lang='lat' dir='ltr'><strong>et</strong></span> <span class='ocrx_word' id='word_1_369' title='bbox 215 1930 274 1964; x_wconf 88' lang='lat' dir='ltr'><strong>diu</strong></span> <span class='ocrx_word' id='word_1_370' title='bbox 303 1941 368 1964; x_wconf 91' lang='lat' dir='ltr'><strong>uos</strong></span> <span class='ocrx_word' id='word_1_371' title='bbox 394 1929 584 1964; x_wconf 85' lang='lat' dir='ltr'><strong>detineam.</strong></span> <span class='ocrx_word' id='word_1_372' title='bbox 637 1929 836 1974; x_wconf 86' lang='lat' dir='ltr'><strong>Propositio</strong></span> <span class='ocrx_word' id='word_1_373' title='bbox 864 1933 922 1963; x_wconf 78' lang='lat' dir='ltr'><strong>etc.</strong></span> 
     </span>
    </p>
   </div>
   <div class='ocr_carea' id='block_1_5' title="bbox 153 2015 1927 2466">
    <p class='ocr_par' dir='ltr' id='par_1_5' title="bbox 153 2015 1927 2466">
     <span class='ocr_line' id='line_1_34' title="bbox 273 2015 1924 2049; baseline -0.001 -6"><span class='ocrx_word' id='word_1_374' title='bbox 273 2018 301 2049; x_wconf 81' lang='lat' dir='ltr'><strong>a)</strong></span> <span class='ocrx_word' id='word_1_375' title='bbox 322 2018 479 2043; x_wconf 74' lang='lat' dir='ltr'><strong>Ardrenus</strong></span> <span class='ocrx_word' id='word_1_376' title='bbox 493 2017 524 2041; x_wconf 73' lang='lat' dir='ltr'><strong>in</strong></span> <span class='ocrx_word' id='word_1_377' title='bbox 538 2017 670 2048; x_wconf 70' lang='lat' dir='ltr'><strong>maryine</strong></span> <span class='ocrx_word' id='word_1_378' title='bbox 690 2017 827 2048; x_wconf 76' lang='lat' dir='ltr'><strong>scripsit:</strong></span> <span class='ocrx_word' id='word_1_379' title='bbox 848 2015 910 2042; x_wconf 77' lang='lat' dir='ltr'><strong>Gal.</strong></span> <span class='ocrx_word' id='word_1_380' title='bbox 925 2017 950 2042; x_wconf 86' lang='lat'><strong>6.</strong></span> <span class='ocrx_word' id='word_1_381' title='bbox 1024 2015 1055 2045; x_wconf 86' lang='lat' dir='ltr'><strong>b)</strong></span> <span class='ocrx_word' id='word_1_382' title='bbox 1079 2020 1156 2047; x_wconf 69' lang='lat' dir='ltr'><strong>Quae</strong></span> <span class='ocrx_word' id='word_1_383' title='bbox 1175 2020 1348 2048; x_wconf 76' lang='lat' dir='ltr'><strong>sequuntur,</strong></span> <span class='ocrx_word' id='word_1_384' title='bbox 1369 2025 1456 2049; x_wconf 80' lang='lat' dir='ltr'><strong>usque</strong></span> <span class='ocrx_word' id='word_1_385' title='bbox 1470 2016 1509 2042; x_wconf 76' lang='lat' dir='ltr'><strong>ud</strong></span> <span class='ocrx_word' id='word_1_386' title='bbox 1529 2015 1707 2049; x_wconf 75' lang='lat' dir='ltr'><strong>praestandi</strong></span> <span class='ocrx_word' id='word_1_387' title='bbox 1728 2017 1803 2047; x_wconf 66' lang='lat' dir='ltr'><strong>incl„</strong></span> <span class='ocrx_word' id='word_1_388' title='bbox 1822 2025 1839 2041; x_wconf 82' lang='grc' dir='ltr'><strong>(ι</strong></span> <span class='ocrx_word' id='word_1_389' title='bbox 1855 2017 1924 2041; x_wconf 79' lang='lat' dir='ltr'><strong>Can.</strong></span> 
     </span>
     <span class='ocr_line' id='line_1_35' title="bbox 153 2057 1924 2092; baseline -0.001 -7"><span class='ocrx_word' id='word_1_390' title='bbox 153 2063 282 2085; x_wconf 79' lang='lat' dir='ltr'><strong>correcta</strong></span> <span class='ocrx_word' id='word_1_391' title='bbox 302 2063 371 2084; x_wconf 72' lang='lat' dir='ltr'><strong>sunt</strong></span> <span class='ocrx_word' id='word_1_392' title='bbox 391 2067 427 2084; x_wconf 68' lang='lat' dir='ltr'><strong>em</strong></span> <span class='ocrx_word' id='word_1_393' title='bbox 446 2060 492 2084; x_wconf 78' lang='lat' dir='ltr'><strong>his</strong></span> <span class='ocrx_word' id='word_1_394' title='bbox 512 2067 554 2084; x_wconf 81' lang='lat' dir='ltr'><strong>vv.</strong></span> <span class='ocrx_word' id='word_1_395' title='bbox 575 2059 610 2083; x_wconf 76' lang='lat' dir='ltr'><strong>ab</strong></span> <span class='ocrx_word' id='word_1_396' title='bbox 632 2059 777 2089; x_wconf 77' lang='lat' dir='ltr'><strong>Ardreno,</strong></span> <span class='ocrx_word' id='word_1_397' title='bbox 798 2059 916 2084; x_wconf 76' lang='lat' dir='ltr'><strong>szisio</strong></span> <span class='ocrx_word' id='word_1_398' title='bbox 936 2059 1082 2089; x_wconf 76' lang='lat' dir='ltr'><strong>dictante,</strong></span> <span class='ocrx_word' id='word_1_399' title='bbox 1101 2060 1238 2091; x_wconf 70' lang='lat' dir='ltr'><strong>scriptis:</strong></span> <span class='ocrx_word' id='word_1_400' title='bbox 1258 2058 1321 2084; x_wconf 84' lang='lat' dir='ltr'><strong>Hoc</strong></span> <span class='ocrx_word' id='word_1_401' title='bbox 1342 2057 1378 2083; x_wconf 86' lang='lat' dir='ltr'><strong>de</strong></span> <span class='ocrx_word' id='word_1_402' title='bbox 1399 2066 1445 2084; x_wconf 87' lang='lat' dir='ltr'><strong>me</strong></span> <span class='ocrx_word' id='word_1_403' title='bbox 1466 2065 1590 2092; x_wconf 84' lang='lat' dir='ltr'><strong>possum</strong></span> <span class='ocrx_word' id='word_1_404' title='bbox 1610 2057 1746 2091; x_wconf 78' lang='lat' dir='ltr'><strong>polliceri</strong></span> <span class='ocrx_word' id='word_1_405' title='bbox 1767 2057 1848 2090; x_wconf 85' lang='lat' dir='ltr'><strong>qnod</strong></span> <span class='ocrx_word' id='word_1_406' title='bbox 1868 2065 1924 2090; x_wconf 81' lang='lat' dir='ltr'><strong>ego</strong></span> 
     </span>
     <span class='ocr_line' id='line_1_36' title="bbox 153 2099 1926 2133; baseline -0.001 -7"><span class='ocrx_word' id='word_1_407' title='bbox 153 2101 191 2126; x_wconf 88' lang='lat' dir='ltr'><strong>ad</strong></span> <span class='ocrx_word' id='word_1_408' title='bbox 217 2108 326 2126; x_wconf 89' lang='lat' dir='ltr'><strong>munus</strong></span> <span class='ocrx_word' id='word_1_409' title='bbox 352 2100 409 2126; x_wconf 89' lang='lat' dir='ltr'><strong>hoc</strong></span> <span class='ocrx_word' id='word_1_410' title='bbox 431 2107 542 2126; x_wconf 89' lang='lat' dir='ltr'><strong>nouum</strong></span> <span class='ocrx_word' id='word_1_411' title='bbox 562 2099 683 2125; x_wconf 83' lang='lat' dir='ltr'><strong>veniam</strong></span> <span class='ocrx_word' id='word_1_412' title='bbox 704 2107 772 2126; x_wconf 90' lang='lat' dir='ltr'><strong>cnm</strong></span> <span class='ocrx_word' id='word_1_413' title='bbox 792 2099 872 2126; x_wconf 85' lang='lat' dir='ltr'><strong>bona</strong></span> <span class='ocrx_word' id='word_1_414' title='bbox 892 2100 1020 2133; x_wconf 85' lang='lat' dir='ltr'><strong>simplici</strong></span> <span class='ocrx_word' id='word_1_415' title='bbox 1042 2099 1073 2125; x_wconf 86' lang='lat' dir='ltr'><strong>et</strong></span> <span class='ocrx_word' id='word_1_416' title='bbox 1092 2106 1221 2132; x_wconf 86' lang='lat' dir='ltr'><strong>syncera</strong></span> <span class='ocrx_word' id='word_1_417' title='bbox 1240 2099 1400 2125; x_wconf 85' lang='lat' dir='ltr'><strong>voluntate</strong></span> <span class='ocrx_word' id='word_1_418' title='bbox 1420 2100 1538 2132; x_wconf 85' lang='lat' dir='ltr'><strong>magnis</strong></span> <span class='ocrx_word' id='word_1_419' title='bbox 1559 2100 1588 2125; x_wconf 92' lang='lat' dir='ltr'><strong>et</strong></span> <span class='ocrx_word' id='word_1_420' title='bbox 1608 2099 1711 2132; x_wconf 85' lang='lat' dir='ltr'><strong>parnis</strong></span> <span class='ocrx_word' id='word_1_421' title='bbox 1730 2099 1926 2129; x_wconf 83' lang='lat' dir='ltr'><strong>inseruiendi,</strong></span> 
     </span>
     <span class='ocr_line' id='line_1_37' title="bbox 154 2140 1926 2175; baseline -0.001 -7"><span class='ocrx_word' id='word_1_422' title='bbox 154 2142 185 2168; x_wconf 86' lang='lat' dir='ltr'><strong>in</strong></span> <span class='ocrx_word' id='word_1_423' title='bbox 205 2141 261 2168; x_wconf 85' lang='lat' dir='ltr'><strong>hac</strong></span> <span class='ocrx_word' id='word_1_424' title='bbox 281 2141 376 2167; x_wconf 86' lang='lat' dir='ltr'><strong>nobili</strong></span> <span class='ocrx_word' id='word_1_425' title='bbox 392 2141 482 2167; x_wconf 82' lang='lat' dir='ltr'><strong>vinea</strong></span> <span class='ocrx_word' id='word_1_426' title='bbox 496 2141 616 2167; x_wconf 86' lang='lat' dir='ltr'><strong>Domini</strong></span> <span class='ocrx_word' id='word_1_427' title='bbox 636 2140 770 2167; x_wconf 80' lang='lat' dir='ltr'><strong>fideliter</strong></span> <span class='ocrx_word' id='word_1_428' title='bbox 790 2141 956 2167; x_wconf 85' lang='lat' dir='ltr'><strong>laborando</strong></span> <span class='ocrx_word' id='word_1_429' title='bbox 978 2141 1065 2167; x_wconf 80' lang='lat' dir='ltr'><strong>iuxta</strong></span> <span class='ocrx_word' id='word_1_430' title='bbox 1086 2148 1181 2167; x_wconf 88' lang='lat' dir='ltr'><strong>meam</strong></span> <span class='ocrx_word' id='word_1_431' title='bbox 1203 2141 1326 2175; x_wconf 88' lang='lat' dir='ltr'><strong>quidem</strong></span> <span class='ocrx_word' id='word_1_432' title='bbox 1346 2142 1592 2174; x_wconf 82' lang='lat' dir='ltr'><strong>possibilitatem,</strong></span> <span class='ocrx_word' id='word_1_433' title='bbox 1615 2142 1646 2166; x_wconf 87' lang='lat' dir='ltr'><strong>et</strong></span> <span class='ocrx_word' id='word_1_434' title='bbox 1665 2141 1831 2167; x_wconf 79' lang='lat' dir='ltr'><strong>iniunctam</strong></span> <span class='ocrx_word' id='word_1_435' title='bbox 1852 2141 1926 2166; x_wconf 89' lang='lat' dir='ltr'><strong>mihi</strong></span> 
     </span>
     <span class='ocr_line' id='line_1_38' title="bbox 154 2182 1926 2216; baseline 0 -8"><span class='ocrx_word' id='word_1_436' title='bbox 154 2183 359 2209; x_wconf 86' lang='lat' dir='ltr'><strong>obedientiam</strong></span> <span class='ocrx_word' id='word_1_437' title='bbox 380 2183 576 2216; x_wconf 85' lang='lat' dir='ltr'><strong>praestando.</strong></span> <span class='ocrx_word' id='word_1_438' title='bbox 686 2185 711 2213; x_wconf 90' lang='lat' dir='ltr'><strong>c)</strong></span> <span class='ocrx_word' id='word_1_439' title='bbox 732 2184 802 2208; x_wconf 75' lang='lat' dir='ltr'><strong>Vide</strong></span> <span class='ocrx_word' id='word_1_440' title='bbox 822 2184 917 2215; x_wconf 78' lang='lat' dir='ltr'><strong>infra,</strong></span> <span class='ocrx_word' id='word_1_441' title='bbox 937 2184 1034 2208; x_wconf 72' lang='lat' dir='ltr'><strong>adnot.</strong></span> <span class='ocrx_word' id='word_1_442' title='bbox 1054 2185 1080 2208; x_wconf 77' lang='lat'><strong>2.</strong></span> <span class='ocrx_word' id='word_1_443' title='bbox 1192 2183 1222 2212; x_wconf 80' lang='lat' dir='ltr'><strong>d)</strong></span> <span class='ocrx_word' id='word_1_444' title='bbox 1244 2184 1401 2208; x_wconf 77' lang='lat' dir='ltr'><strong>Ardrenns</strong></span> <span class='ocrx_word' id='word_1_445' title='bbox 1420 2184 1449 2208; x_wconf 82' lang='lat' dir='ltr'><strong>in</strong></span> <span class='ocrx_word' id='word_1_446' title='bbox 1472 2184 1603 2215; x_wconf 62' lang='lat' dir='ltr'><strong>inm-gline</strong></span> <span class='ocrx_word' id='word_1_447' title='bbox 1623 2183 1760 2215; x_wconf 75' lang='lat' dir='ltr'><strong>scripsit:</strong></span> <span class='ocrx_word' id='word_1_448' title='bbox 1780 2183 1792 2208; x_wconf 93' lang='lat'>1</span> <span class='ocrx_word' id='word_1_449' title='bbox 1815 2182 1881 2208; x_wconf 87' lang='lat' dir='ltr'><strong>Cor.</strong></span> <span class='ocrx_word' id='word_1_450' title='bbox 1901 2182 1926 2210; x_wconf 85' lang='lat'><strong>9.</strong></span> 
     </span>
     <span class='ocr_line' id='line_1_39' title="bbox 153 2224 1926 2259; baseline -0.001 -9"><span class='ocrx_word' id='word_1_451' title='bbox 153 2232 198 2259; x_wconf 88' lang='lat' dir='ltr'><strong>ps.</strong></span> <span class='ocrx_word' id='word_1_452' title='bbox 221 2225 279 2251; x_wconf 88' lang='grc'>126.</span> <span class='ocrx_word' id='word_1_453' title='bbox 357 2232 383 2256; x_wconf 80' lang='grc'><strong>0)</strong></span> <span class='ocrx_word' id='word_1_454' title='bbox 408 2227 436 2250; x_wconf 85' lang='lat' dir='ltr'><strong>C.</strong></span> <span class='ocrx_word' id='word_1_455' title='bbox 456 2226 523 2250; x_wconf 77' lang='lat' dir='ltr'><strong>huic</strong></span> <span class='ocrx_word' id='word_1_456' title='bbox 543 2233 566 2250; x_wconf 86' lang='lat' dir='ltr'><strong>v.</strong></span> <span class='ocrx_word' id='word_1_457' title='bbox 587 2226 814 2257; x_wconf 73' lang='lat' dir='ltr'><strong>superscripsit:</strong></span> <span class='ocrx_word' id='word_1_458' title='bbox 835 2225 998 2257; x_wconf 81' lang='lat' dir='ltr'><strong>Demnach,</strong></span> <span class='ocrx_word' id='word_1_459' title='bbox 1018 2229 1044 2250; x_wconf 78' lang='lat' dir='ltr'><strong>et</strong></span> <span class='ocrx_word' id='word_1_460' title='bbox 1064 2226 1080 2249; x_wconf 80' lang='lat'><em>4</em></span> <span class='ocrx_word' id='word_1_461' title='bbox 1101 2233 1209 2257; x_wconf 77' lang='lat' dir='ltr'><strong>quoque</strong></span> <span class='ocrx_word' id='word_1_462' title='bbox 1229 2233 1272 2250; x_wconf 83' lang='lat' dir='ltr'><strong>vv.</strong></span> <span class='ocrx_word' id='word_1_463' title='bbox 1292 2233 1349 2256; x_wconf 80' lang='lat' dir='ltr'><strong>sqq.</strong></span> <span class='ocrx_word' id='word_1_464' title='bbox 1370 2233 1463 2256; x_wconf 76' lang='lat' dir='ltr'><strong>snpra</strong></span> <span class='ocrx_word' id='word_1_465' title='bbox 1486 2233 1599 2250; x_wconf 82' lang='lat' dir='ltr'><strong>versum</strong></span> <span class='ocrx_word' id='word_1_466' title='bbox 1619 2225 1748 2256; x_wconf 75' lang='lat' dir='ltr'><strong>scripsit.</strong></span> <span class='ocrx_word' id='word_1_467' title='bbox 1817 2224 1840 2256; x_wconf 76' lang='lat' dir='ltr'><strong>f)</strong></span> <span class='ocrx_word' id='word_1_468' title='bbox 1862 2225 1926 2256; x_wconf 69' lang='grc' dir='ltr'>δίε,-</span> 
     </span>
     <span class='ocr_line' id='line_1_40' title="bbox 155 2265 1926 2299; baseline -0.001 -7"><span class='ocrx_word' id='word_1_469' title='bbox 155 2268 206 2293; x_wconf 79' lang='lat' dir='ltr'><strong>sed</strong></span> <span class='ocrx_word' id='word_1_470' title='bbox 222 2271 348 2299; x_wconf 77' lang='lat' dir='ltr'><strong>propter</strong></span> <span class='ocrx_word' id='word_1_471' title='bbox 363 2269 378 2292; x_wconf 69' lang='lat'><em>4</em></span> <span class='ocrx_word' id='word_1_472' title='bbox 399 2268 454 2291; x_wconf 85' lang='lat' dir='ltr'><strong>illa</strong></span> <span class='ocrx_word' id='word_1_473' title='bbox 475 2276 515 2293; x_wconf 65' lang='lat' dir='ltr'><strong>tw.</strong></span> <span class='ocrx_word' id='word_1_474' title='bbox 531 2268 635 2298; x_wconf 72' lang='lat' dir='ltr'><strong>paullo</strong></span> <span class='ocrx_word' id='word_1_475' title='bbox 655 2275 749 2299; x_wconf 79' lang='lat' dir='ltr'><strong>supra</strong></span> <span class='ocrx_word' id='word_1_476' title='bbox 769 2267 874 2292; x_wconf 76' lang='lat' dir='ltr'><strong>addita</strong></span> <span class='ocrx_word' id='word_1_477' title='bbox 894 2268 941 2292; x_wconf 76' lang='lat' dir='ltr'><strong>hic</strong></span> <span class='ocrx_word' id='word_1_478' title='bbox 960 2268 1164 2298; x_wconf 75' lang='lat' dir='ltr'><strong>corriyemlum</strong></span> <span class='ocrx_word' id='word_1_479' title='bbox 1184 2268 1260 2298; x_wconf 78' lang='lat' dir='ltr'><strong>fuit:</strong></span> <span class='ocrx_word' id='word_1_480' title='bbox 1280 2265 1474 2292; x_wconf 69' lang='lat' dir='ltr'><strong>solicitudine</strong></span> <span class='ocrx_word' id='word_1_481' title='bbox 1493 2266 1712 2292; x_wconf 78' lang='lat' dir='ltr'><strong>commendem,</strong></span> <span class='ocrx_word' id='word_1_482' title='bbox 1772 2268 1801 2298; x_wconf 74' lang='lat' dir='ltr'><strong>g)</strong></span> <span class='ocrx_word' id='word_1_483' title='bbox 1822 2267 1882 2291; x_wconf 79' lang='lat' dir='ltr'><strong>Hoc</strong></span> <span class='ocrx_word' id='word_1_484' title='bbox 1902 2274 1926 2291; x_wconf 74' lang='lat' dir='ltr'><strong>v.</strong></span> 
     </span>
     <span class='ocr_line' id='line_1_41' title="bbox 154 2308 1926 2341; baseline -0.001 -7"><span class='ocrx_word' id='word_1_485' title='bbox 154 2317 172 2334; x_wconf 86' lang='grc' dir='ltr'><em>α</em></span> <span class='ocrx_word' id='word_1_486' title='bbox 193 2310 221 2334; x_wconf 85' lang='lat' dir='ltr'><strong>C.</strong></span> <span class='ocrx_word' id='word_1_487' title='bbox 242 2316 336 2341; x_wconf 72' lang='lat' dir='ltr'><strong>supra</strong></span> <span class='ocrx_word' id='word_1_488' title='bbox 363 2317 479 2334; x_wconf 73' lang='lat' dir='ltr'><strong>versum</strong></span> <span class='ocrx_word' id='word_1_489' title='bbox 504 2310 645 2341; x_wconf 70' lang='lat' dir='ltr'><strong>scriptum</strong></span> <span class='ocrx_word' id='word_1_490' title='bbox 667 2313 727 2340; x_wconf 77' lang='lat' dir='ltr'><strong>est‚·</strong></span> <span class='ocrx_word' id='word_1_491' title='bbox 753 2317 844 2341; x_wconf 68' lang='lat' dir='ltr'><strong>quare</strong></span> <span class='ocrx_word' id='word_1_492' title='bbox 863 2313 914 2334; x_wconf 79' lang='lat' dir='ltr'><strong>aut</strong></span> <span class='ocrx_word' id='word_1_493' title='bbox 935 2310 966 2334; x_wconf 75' lang='lat' dir='ltr'><strong>et</strong></span> <span class='ocrx_word' id='word_1_494' title='bbox 987 2309 1165 2339; x_wconf 72' lang='lat' dir='ltr'><strong>addendum,</strong></span> <span class='ocrx_word' id='word_1_495' title='bbox 1190 2312 1241 2333; x_wconf 73' lang='grc' dir='ltr'>(11ιί</span> <span class='ocrx_word' id='word_1_496' title='bbox 1262 2308 1412 2334; x_wconf 72' lang='lat' dir='ltr'><strong>tractetur</strong></span> <span class='ocrx_word' id='word_1_497' title='bbox 1437 2309 1661 2333; x_wconf 76' lang='lat' dir='ltr'><strong>oblitterandum</strong></span> <span class='ocrx_word' id='word_1_498' title='bbox 1681 2309 1775 2339; x_wconf 74' lang='lat' dir='ltr'><strong>fnisse</strong></span> <span class='ocrx_word' id='word_1_499' title='bbox 1802 2309 1926 2334; x_wconf 78' lang='lat' dir='ltr'><strong>videtur.</strong></span> 
     </span>
     <span class='ocr_line' id='line_1_42' title="bbox 156 2348 1925 2384; baseline 0 -9"><span class='ocrx_word' id='word_1_500' title='bbox 156 2350 187 2381; x_wconf 86' lang='grc'><strong>11)</strong></span> <span class='ocrx_word' id='word_1_501' title='bbox 208 2351 256 2375; x_wconf 80' lang='lat' dir='ltr'><strong>Sic</strong></span> <span class='ocrx_word' id='word_1_502' title='bbox 276 2354 305 2376; x_wconf 61' lang='lat' dir='ltr'><strong>s.</strong></span> <span class='ocrx_word' id='word_1_503' title='bbox 326 2351 455 2376; x_wconf 66' lang='lat' dir='ltr'><strong>correxit</strong></span> <span class='ocrx_word' id='word_1_504' title='bbox 476 2359 512 2375; x_wconf 68' lang='lat' dir='ltr'><strong>ecc</strong></span> <span class='ocrx_word' id='word_1_505' title='bbox 532 2350 561 2375; x_wconf 88' lang='lat' dir='ltr'><strong>in</strong></span> <span class='ocrx_word' id='word_1_506' title='bbox 582 2350 776 2376; x_wconf 60' lang='lat' dir='ltr'><strong>auditoribus</strong></span> <span class='ocrx_word' id='word_1_507' title='bbox 796 2351 951 2384; x_wconf 84' lang='lat' dir='ltr'><strong>operetur,</strong></span> <span class='ocrx_word' id='word_1_508' title='bbox 978 2358 1012 2375; x_wconf 87' lang='lat' dir='ltr'><strong>ac</strong></span> <span class='ocrx_word' id='word_1_509' title='bbox 1033 2350 1166 2376; x_wconf 80' lang='lat' dir='ltr'><strong>fructum</strong></span> <span class='ocrx_word' id='word_1_510' title='bbox 1187 2349 1322 2375; x_wconf 80' lang='lat' dir='ltr'><strong>debitum</strong></span> <span class='ocrx_word' id='word_1_511' title='bbox 1342 2348 1470 2375; x_wconf 84' lang='lat' dir='ltr'><strong>adferat.</strong></span> <span class='ocrx_word' id='word_1_512' title='bbox 1580 2350 1599 2380; x_wconf 68' lang='lat' dir='ltr'><strong>i)</strong></span> <span class='ocrx_word' id='word_1_513' title='bbox 1623 2350 1714 2375; x_wconf 75' lang='lat' dir='ltr'><strong>Ardr.</strong></span> <span class='ocrx_word' id='word_1_514' title='bbox 1734 2351 1764 2374; x_wconf 76' lang='lat' dir='ltr'><strong>in</strong></span> <span class='ocrx_word' id='word_1_515' title='bbox 1785 2350 1925 2382; x_wconf 63' lang='lat' dir='ltr'><strong>maraine.</strong></span> 
     </span>
     <span class='ocr_line' id='line_1_43' title="bbox 155 2390 1926 2424; baseline 0 -8"><span class='ocrx_word' id='word_1_516' title='bbox 155 2391 224 2417; x_wconf 89' lang='lat' dir='ltr'><strong>Luc.</strong></span> <span class='ocrx_word' id='word_1_517' title='bbox 247 2392 277 2417; x_wconf 95' lang='lat'><strong>11</strong></span> <span class='ocrx_word' id='word_1_518' title='bbox 296 2401 307 2423; x_wconf 88' lang='lat'><em>;</em></span> <span class='ocrx_word' id='word_1_519' title='bbox 328 2400 371 2417; x_wconf 74' lang='lat' dir='ltr'><strong>vv.</strong></span> <span class='ocrx_word' id='word_1_520' title='bbox 385 2400 454 2424; x_wconf 62' lang='lat' dir='ltr'><strong>sqq„</strong></span> <span class='ocrx_word' id='word_1_521' title='bbox 476 2400 564 2424; x_wconf 73' lang='lat' dir='ltr'><strong>usqne</strong></span> <span class='ocrx_word' id='word_1_522' title='bbox 578 2393 616 2417; x_wconf 75' lang='lat' dir='ltr'><strong>ad</strong></span> <span class='ocrx_word' id='word_1_523' title='bbox 638 2391 724 2417; x_wconf 82' lang='lat' dir='ltr'><strong>uerbi</strong></span> <span class='ocrx_word' id='word_1_524' title='bbox 745 2394 822 2423; x_wconf 66' lang='lat' dir='ltr'><strong>incl„</strong></span> <span class='ocrx_word' id='word_1_525' title='bbox 842 2401 858 2417; x_wconf 77' lang='grc' dir='ltr'><strong>(ι</strong></span> <span class='ocrx_word' id='word_1_526' title='bbox 875 2394 944 2417; x_wconf 73' lang='lat' dir='ltr'><strong>Can.</strong></span> <span class='ocrx_word' id='word_1_527' title='bbox 968 2393 1031 2424; x_wconf 72' lang='lat' dir='ltr'><strong>ipso</strong></span> <span class='ocrx_word' id='word_1_528' title='bbox 1051 2393 1155 2417; x_wconf 80' lang='lat' dir='ltr'><strong>addita</strong></span> <span class='ocrx_word' id='word_1_529' title='bbox 1175 2395 1250 2417; x_wconf 77' lang='lat' dir='ltr'><strong>sunt.</strong></span> <span class='ocrx_word' id='word_1_530' title='bbox 1312 2391 1343 2421; x_wconf 79' lang='lat' dir='ltr'><strong>k)</strong></span> <span class='ocrx_word' id='word_1_531' title='bbox 1366 2392 1456 2416; x_wconf 74' lang='lat' dir='ltr'><strong>Ardr.</strong></span> <span class='ocrx_word' id='word_1_532' title='bbox 1472 2392 1502 2416; x_wconf 86' lang='lat' dir='ltr'><strong>in</strong></span> <span class='ocrx_word' id='word_1_533' title='bbox 1524 2392 1674 2423; x_wconf 67' lang='lat' dir='ltr'><strong>maryine:</strong></span> <span class='ocrx_word' id='word_1_534' title='bbox 1694 2391 1779 2417; x_wconf 80' lang='lat' dir='ltr'><strong>matt.</strong></span> <span class='ocrx_word' id='word_1_535' title='bbox 1793 2391 1818 2417; x_wconf 82' lang='lat'><strong>7.</strong></span> <span class='ocrx_word' id='word_1_536' title='bbox 1849 2394 1886 2416; x_wconf 68' lang='lat' dir='ltr'><strong>do</strong></span> <span class='ocrx_word' id='word_1_537' title='bbox 1902 2390 1926 2417; x_wconf 76' lang='grc'><strong>7.</strong></span> 
     </span>
     <span class='ocr_line' id='line_1_44' title="bbox 155 2431 1927 2466; baseline 0 -8"><span class='ocrx_word' id='word_1_538' title='bbox 155 2431 176 2465; x_wconf 89' lang='grc'><strong>1)</strong></span> <span class='ocrx_word' id='word_1_539' title='bbox 197 2433 244 2458; x_wconf 80' lang='lat' dir='ltr'><strong>Sic</strong></span> <span class='ocrx_word' id='word_1_540' title='bbox 264 2434 292 2458; x_wconf 87' lang='lat' dir='ltr'><strong>C.</strong></span> <span class='ocrx_word' id='word_1_541' title='bbox 313 2442 367 2458; x_wconf 76' lang='lat' dir='ltr'><strong>sua</strong></span> <span class='ocrx_word' id='word_1_542' title='bbox 389 2442 477 2458; x_wconf 77' lang='lat' dir='ltr'><strong>manu</strong></span> <span class='ocrx_word' id='word_1_543' title='bbox 499 2435 627 2458; x_wconf 75' lang='lat' dir='ltr'><strong>correxit</strong></span> <span class='ocrx_word' id='word_1_544' title='bbox 647 2442 684 2459; x_wconf 66' lang='lat' dir='ltr'><strong>ea:</strong></span> <span class='ocrx_word' id='word_1_545' title='bbox 706 2442 746 2459; x_wconf 78' lang='lat' dir='ltr'><strong>vv.</strong></span> <span class='ocrx_word' id='word_1_546' title='bbox 767 2435 802 2458; x_wconf 77' lang='lat' dir='ltr'><strong>ab</strong></span> <span class='ocrx_word' id='word_1_547' title='bbox 825 2434 959 2459; x_wconf 72' lang='lat' dir='ltr'><strong>Arclreno</strong></span> <span class='ocrx_word' id='word_1_548' title='bbox 979 2434 1117 2465; x_wconf 68' lang='lat' dir='ltr'><strong>scriptis:</strong></span> <span class='ocrx_word' id='word_1_549' title='bbox 1136 2432 1319 2459; x_wconf 84' lang='lat' dir='ltr'><strong>monendum</strong></span> <span class='ocrx_word' id='word_1_550' title='bbox 1340 2433 1456 2462; x_wconf 83' lang='lat' dir='ltr'><strong>curent,</strong></span> <span class='ocrx_word' id='word_1_551' title='bbox 1477 2432 1588 2466; x_wconf 79' lang='lat' dir='ltr'><strong>quibus</strong></span> <span class='ocrx_word' id='word_1_552' title='bbox 1607 2440 1662 2464; x_wconf 81' lang='lat' dir='ltr'><strong>ego</strong></span> <span class='ocrx_word' id='word_1_553' title='bbox 1683 2440 1804 2466; x_wconf 88' lang='lat' dir='ltr'><strong>semper</strong></span> <span class='ocrx_word' id='word_1_554' title='bbox 1823 2431 1861 2458; x_wconf 76' lang='lat' dir='ltr'><strong>ad</strong></span> <span class='ocrx_word' id='word_1_555' title='bbox 1880 2440 1927 2458; x_wconf 85' lang='lat' dir='ltr'><strong>re-</strong></span> 
     </span>
    </p>
   </div>
   <div class='ocr_carea' id='block_1_6' title="bbox 171 2672 248 2674">
    <p class='ocr_par' dir='ltr' id='par_1_6' title="bbox 171 2672 248 2674">
     <span class='ocr_line' id='line_1_45' title="bbox 171 2672 248 2674; baseline 0 0"><span class='ocrx_word' id='word_1_556' title='bbox 171 2672 248 2674; x_wconf 95' lang='lat' dir='ltr'><strong> </strong></span> 
     </span>
    </p>
   </div>
   <div class='ocr_carea' id='block_1_7' title="bbox 254 2672 344 2674">
    <p class='ocr_par' dir='ltr' id='par_1_7' title="bbox 254 2672 344 2674">
     <span class='ocr_line' id='line_1_46' title="bbox 254 2672 344 2674; baseline 0 0"><span class='ocrx_word' id='word_1_557' title='bbox 254 2672 344 2674; x_wconf 95' lang='lat' dir='ltr'><strong> </strong></span> 
     </span>
    </p>
   </div>
   <div class='ocr_carea' id='block_1_8' title="bbox 155 2473 1936 2870">
    <p class='ocr_par' dir='ltr' id='par_1_8' title="bbox 155 2473 1927 2633">
     <span class='ocr_line' id='line_1_47' title="bbox 155 2473 1926 2508; baseline 0.001 -9"><span class='ocrx_word' id='word_1_558' title='bbox 155 2473 370 2507; x_wconf 82' lang='lat' dir='ltr'><strong>spondendum</strong></span> <span class='ocrx_word' id='word_1_559' title='bbox 392 2474 529 2508; x_wconf 85' lang='lat' dir='ltr'><strong>paratum</strong></span> <span class='ocrx_word' id='word_1_560' title='bbox 550 2478 580 2500; x_wconf 89' lang='lat' dir='ltr'><strong>et</strong></span> <span class='ocrx_word' id='word_1_561' title='bbox 600 2475 794 2501; x_wconf 84' lang='lat' dir='ltr'><strong>mansuetum</strong></span> <span class='ocrx_word' id='word_1_562' title='bbox 815 2483 861 2500; x_wconf 86' lang='lat' dir='ltr'><strong>me</strong></span> <span class='ocrx_word' id='word_1_563' title='bbox 887 2475 982 2501; x_wconf 82' lang='lat' dir='ltr'><strong>offero</strong></span> <span class='ocrx_word' id='word_1_564' title='bbox 1010 2475 1052 2500; x_wconf 88' lang='lat' dir='ltr'><strong>nil</strong></span> <span class='ocrx_word' id='word_1_565' title='bbox 1078 2475 1202 2507; x_wconf 82' lang='lat' dir='ltr'><strong>cupiens</strong></span> <span class='ocrx_word' id='word_1_566' title='bbox 1229 2475 1325 2507; x_wconf 79' lang='lat' dir='ltr'><strong>magis</strong></span> <span class='ocrx_word' id='word_1_567' title='bbox 1351 2481 1460 2508; x_wconf 79' lang='lat' dir='ltr'><strong>quam;</strong></span> <span class='ocrx_word' id='word_1_568' title='bbox 1485 2475 1534 2506; x_wconf 73' lang='lat' dir='ltr'><strong>qm·</strong></span> <span class='ocrx_word' id='word_1_569' title='bbox 1562 2478 1658 2499; x_wconf 80' lang='lat' dir='ltr'><strong>tamen</strong></span> <span class='ocrx_word' id='word_1_570' title='bbox 1680 2484 1720 2499; x_wconf 73' lang='lat' dir='ltr'><strong>rr.</strong></span> <span class='ocrx_word' id='word_1_571' title='bbox 1741 2473 1850 2507; x_wconf 87' lang='lat' dir='ltr'><strong>quibus</strong></span> <span class='ocrx_word' id='word_1_572' title='bbox 1870 2481 1926 2506; x_wconf 83' lang='lat' dir='ltr'><strong>ego</strong></span> 
     </span>
     <span class='ocr_line' id='line_1_48' title="bbox 155 2515 1927 2549; baseline 0.001 -8"><span class='ocrx_word' id='word_1_573' title='bbox 155 2523 276 2549; x_wconf 82' lang='lat' dir='ltr'><strong>semper</strong></span> <span class='ocrx_word' id='word_1_574' title='bbox 296 2515 333 2541; x_wconf 82' lang='lat' dir='ltr'><strong>ad</strong></span> <span class='ocrx_word' id='word_1_575' title='bbox 355 2515 602 2549; x_wconf 87' lang='lat' dir='ltr'><strong>respondendum</strong></span> <span class='ocrx_word' id='word_1_576' title='bbox 622 2520 762 2549; x_wconf 83' lang='lat' dir='ltr'><strong>paratum</strong></span> <span class='ocrx_word' id='word_1_577' title='bbox 783 2526 838 2542; x_wconf 69' lang='lat' dir='ltr'><strong>non</strong></span> <span class='ocrx_word' id='word_1_578' title='bbox 859 2518 1048 2542; x_wconf 65' lang='lat' dir='ltr'><strong>oblitteravit,</strong></span> <span class='ocrx_word' id='word_1_579' title='bbox 1136 2518 1176 2548; x_wconf 88' lang='grc'>111)</span> <span class='ocrx_word' id='word_1_580' title='bbox 1199 2517 1290 2542; x_wconf 79' lang='lat' dir='ltr'><strong>Ardr.</strong></span> <span class='ocrx_word' id='word_1_581' title='bbox 1306 2517 1336 2541; x_wconf 80' lang='lat' dir='ltr'><strong>in</strong></span> <span class='ocrx_word' id='word_1_582' title='bbox 1357 2518 1507 2548; x_wconf 64' lang='lat' dir='ltr'><strong>marqine:</strong></span> <span class='ocrx_word' id='word_1_583' title='bbox 1526 2523 1600 2541; x_wconf 84' lang='lat' dir='ltr'><strong>rom.</strong></span> <span class='ocrx_word' id='word_1_584' title='bbox 1616 2516 1658 2542; x_wconf 76' lang='lat'><strong>12.</strong></span> <span class='ocrx_word' id='word_1_585' title='bbox 1734 2517 1764 2547; x_wconf 89' lang='lat' dir='ltr'><strong>n)</strong></span> <span class='ocrx_word' id='word_1_586' title='bbox 1788 2517 1864 2547; x_wconf 79' lang='lat' dir='ltr'><strong>Quae</strong></span> <span class='ocrx_word' id='word_1_587' title='bbox 1884 2524 1927 2542; x_wconf 79' lang='lat' dir='ltr'><strong>se-</strong></span> 
     </span>
     <span class='ocr_line' id='line_1_49' title="bbox 156 2558 1927 2591; baseline 0.002 -10"><span class='ocrx_word' id='word_1_588' title='bbox 156 2561 296 2589; x_wconf 71' lang='lat' dir='ltr'><strong>quuntur,</strong></span> <span class='ocrx_word' id='word_1_589' title='bbox 316 2566 405 2590; x_wconf 74' lang='lat' dir='ltr'><strong>usque</strong></span> <span class='ocrx_word' id='word_1_590' title='bbox 426 2558 464 2583; x_wconf 83' lang='lat' dir='ltr'><strong>ad</strong></span> <span class='ocrx_word' id='word_1_591' title='bbox 485 2564 540 2590; x_wconf 84' lang='lat' dir='ltr'><strong>sey</strong></span> <span class='ocrx_word' id='word_1_592' title='bbox 560 2559 637 2590; x_wconf 65' lang='lat' dir='ltr'><strong>incl„</strong></span> <span class='ocrx_word' id='word_1_593' title='bbox 657 2567 674 2583; x_wconf 87' lang='grc' dir='ltr'><em>α</em></span> <span class='ocrx_word' id='word_1_594' title='bbox 691 2560 719 2584; x_wconf 83' lang='lat' dir='ltr'><strong>C.</strong></span> <span class='ocrx_word' id='word_1_595' title='bbox 742 2560 769 2584; x_wconf 81' lang='lat' dir='ltr'><strong>in</strong></span> <span class='ocrx_word' id='word_1_596' title='bbox 792 2560 924 2591; x_wconf 56' lang='lat' dir='ltr'><strong>maraine</strong></span> <span class='ocrx_word' id='word_1_597' title='bbox 945 2560 1048 2583; x_wconf 76' lang='lat' dir='ltr'><strong>addita</strong></span> <span class='ocrx_word' id='word_1_598' title='bbox 1062 2562 1139 2584; x_wconf 77' lang='lat' dir='ltr'><strong>sunt.</strong></span> <span class='ocrx_word' id='word_1_599' title='bbox 1212 2562 1241 2590; x_wconf 87' lang='grc'><strong>0)</strong></span> <span class='ocrx_word' id='word_1_600' title='bbox 1265 2559 1336 2583; x_wconf 77' lang='lat' dir='ltr'><strong>Tria</strong></span> <span class='ocrx_word' id='word_1_601' title='bbox 1358 2567 1399 2583; x_wconf 68' lang='lat' dir='ltr'><strong>vv.</strong></span> <span class='ocrx_word' id='word_1_602' title='bbox 1414 2567 1472 2590; x_wconf 72' lang='lat' dir='ltr'><strong>sqq.</strong></span> <span class='ocrx_word' id='word_1_603' title='bbox 1493 2567 1510 2583; x_wconf 82' lang='grc' dir='ltr'><em>α</em></span> <span class='ocrx_word' id='word_1_604' title='bbox 1525 2560 1553 2583; x_wconf 80' lang='lat' dir='ltr'><strong>C.</strong></span> <span class='ocrx_word' id='word_1_605' title='bbox 1568 2566 1660 2589; x_wconf 76' lang='lat' dir='ltr'><strong>supra</strong></span> <span class='ocrx_word' id='word_1_606' title='bbox 1683 2566 1795 2583; x_wconf 79' lang='lat' dir='ltr'><strong>versum</strong></span> <span class='ocrx_word' id='word_1_607' title='bbox 1815 2559 1927 2590; x_wconf 70' lang='lat' dir='ltr'><strong>scripta</strong></span> 
     </span>
     <span class='ocr_line' id='line_1_50' title="bbox 156 2600 1564 2633; baseline 0.001 -10"><span class='ocrx_word' id='word_1_608' title='bbox 156 2602 232 2624; x_wconf 75' lang='lat' dir='ltr'><strong>stmt.</strong></span> <span class='ocrx_word' id='word_1_609' title='bbox 306 2601 336 2632; x_wconf 89' lang='lat' dir='ltr'><strong>p)</strong></span> <span class='ocrx_word' id='word_1_610' title='bbox 358 2601 418 2625; x_wconf 83' lang='lat' dir='ltr'><strong>Hoc</strong></span> <span class='ocrx_word' id='word_1_611' title='bbox 439 2608 462 2624; x_wconf 93' lang='lat' dir='ltr'><strong>v.</strong></span> <span class='ocrx_word' id='word_1_612' title='bbox 482 2608 500 2624; x_wconf 85' lang='grc' dir='ltr'><em>α</em></span> <span class='ocrx_word' id='word_1_613' title='bbox 521 2600 549 2625; x_wconf 82' lang='lat' dir='ltr'><strong>C.</strong></span> <span class='ocrx_word' id='word_1_614' title='bbox 569 2601 703 2625; x_wconf 74' lang='lat' dir='ltr'><strong>additum</strong></span> <span class='ocrx_word' id='word_1_615' title='bbox 724 2604 775 2625; x_wconf 71' lang='lat' dir='ltr'><strong>est.</strong></span> <span class='ocrx_word' id='word_1_616' title='bbox 850 2601 880 2633; x_wconf 71' lang='lat' dir='ltr'><strong>qi</strong></span> <span class='ocrx_word' id='word_1_617' title='bbox 904 2602 981 2631; x_wconf 74' lang='lat' dir='ltr'><strong>Quae</strong></span> <span class='ocrx_word' id='word_1_618' title='bbox 1001 2604 1173 2632; x_wconf 75' lang='lat' dir='ltr'><strong>sequuntur,</strong></span> <span class='ocrx_word' id='word_1_619' title='bbox 1193 2609 1210 2625; x_wconf 78' lang='grc' dir='ltr'><strong>(ι</strong></span> <span class='ocrx_word' id='word_1_620' title='bbox 1233 2604 1261 2625; x_wconf 64' lang='grc' dir='ltr'><strong>τ’.</strong></span> <span class='ocrx_word' id='word_1_621' title='bbox 1284 2601 1344 2632; x_wconf 73' lang='lat' dir='ltr'><strong>ipso</strong></span> <span class='ocrx_word' id='word_1_622' title='bbox 1365 2601 1467 2625; x_wconf 73' lang='lat' dir='ltr'><strong>addita</strong></span> <span class='ocrx_word' id='word_1_623' title='bbox 1487 2603 1564 2625; x_wconf 72' lang='lat' dir='ltr'><strong>sicut.</strong></span> 
     </span>
    </p>

    <p class='ocr_par' dir='ltr' id='par_1_9' title="bbox 281 2721 503 2762">
     <span class='ocr_line' id='line_1_51' title="bbox 281 2721 503 2762; baseline 0.005 -7"><span class='ocrx_word' id='word_1_624' title='bbox 281 2723 289 2741; x_wconf 89' lang='lat'><strong>¹</strong></span> <span class='ocrx_word' id='word_1_625' title='bbox 318 2721 385 2755; x_wconf 85' lang='lat' dir='ltr'><strong>Gal</strong></span> <span class='ocrx_word' id='word_1_626' title='bbox 412 2722 444 2762; x_wconf 87' lang='grc'><strong>6,</strong></span> <span class='ocrx_word' id='word_1_627' title='bbox 470 2722 503 2756; x_wconf 88' lang='grc'><strong>2.</strong></span> 
     </span>
    </p>

    <p class='ocr_par' dir='ltr' id='par_1_10' title="bbox 159 2774 1936 2870">
     <span class='ocr_line' id='line_1_52' title="bbox 279 2774 1936 2820; baseline 0 -12"><span class='ocrx_word' id='word_1_628' title='bbox 279 2775 292 2794; x_wconf 79' lang='lat'><strong>‘²</strong></span> <span class='ocrx_word' id='word_1_629' title='bbox 319 2775 359 2808; x_wconf 92' lang='lat' dir='ltr'><strong>In</strong></span> <span class='ocrx_word' id='word_1_630' title='bbox 389 2775 552 2818; x_wconf 81' lang='lat' dir='ltr'><strong>margine</strong></span> <span class='ocrx_word' id='word_1_631' title='bbox 578 2786 686 2809; x_wconf 86' lang='lat' dir='ltr'><strong>manu</strong></span> <span class='ocrx_word' id='word_1_632' title='bbox 713 2775 865 2810; x_wconf 90' lang='lat' dir='ltr'><strong>Ardreni</strong></span> <span class='ocrx_word' id='word_1_633' title='bbox 901 2775 1077 2820; x_wconf 86' lang='lat' dir='ltr'><strong>scriptum</strong></span> <span class='ocrx_word' id='word_1_634' title='bbox 1104 2778 1178 2810; x_wconf 88' lang='lat' dir='ltr'><strong>est:</strong></span> <span class='ocrx_word' id='word_1_635' title='bbox 1217 2775 1331 2819; x_wconf 82' lang='lat' dir='ltr'><strong>„quod</strong></span> <span class='ocrx_word' id='word_1_636' title='bbox 1359 2776 1474 2819; x_wconf 83' lang='lat' dir='ltr'><strong>gratis</strong></span> <span class='ocrx_word' id='word_1_637' title='bbox 1499 2775 1632 2820; x_wconf 82' lang='lat' dir='ltr'><strong>accepi,</strong></span> <span class='ocrx_word' id='word_1_638' title='bbox 1667 2775 1782 2818; x_wconf 78' lang='lat' dir='ltr'><strong>gratis</strong></span> <span class='ocrx_word' id='word_1_639' title='bbox 1807 2774 1936 2815; x_wconf 61' lang='lat' dir='ltr'><strong>dare&#39;‘;v</strong></span> 
     </span>
     <span class='ocr_line' id='line_1_53' title="bbox 159 2827 1491 2870; baseline 0.001 -8"><span class='ocrx_word' id='word_1_640' title='bbox 159 2827 204 2862; x_wconf 90' lang='lat' dir='ltr'><strong>cf.</strong></span> <span class='ocrx_word' id='word_1_641' title='bbox 233 2827 288 2861; x_wconf 74' lang='lat' dir='ltr'><strong>Mt</strong></span> <span class='ocrx_word' id='word_1_642' title='bbox 315 2828 368 2869; x_wconf 88' lang='lat'><strong>10,</strong></span> <span class='ocrx_word' id='word_1_643' title='bbox 395 2828 435 2868; x_wconf 84' lang='lat'><strong>8;</strong></span> <span class='ocrx_word' id='word_1_644' title='bbox 463 2830 484 2861; x_wconf 88' lang='grc'><strong>2</strong></span> <span class='ocrx_word' id='word_1_645' title='bbox 511 2828 579 2862; x_wconf 91' lang='lat' dir='ltr'><strong>Cor</strong></span> <span class='ocrx_word' id='word_1_646' title='bbox 610 2830 660 2870; x_wconf 92' lang='grc'><strong>11,</strong></span> <span class='ocrx_word' id='word_1_647' title='bbox 688 2829 719 2863; x_wconf 88' lang='lat'><strong>7.</strong></span> <span class='ocrx_word' id='word_1_648' title='bbox 867 2830 879 2849; x_wconf 87' lang='lat'>³</span> <span class='ocrx_word' id='word_1_649' title='bbox 909 2830 924 2863; x_wconf 95' lang='lat' dir='ltr'>l</span> <span class='ocrx_word' id='word_1_650' title='bbox 954 2829 1022 2863; x_wconf 85' lang='lat' dir='ltr'><strong>Cor</strong></span> <span class='ocrx_word' id='word_1_651' title='bbox 1049 2829 1080 2869; x_wconf 86' lang='lat'><strong>3,</strong></span> <span class='ocrx_word' id='word_1_652' title='bbox 1109 2829 1140 2863; x_wconf 77' lang='lat'><strong>7.</strong></span> <span class='ocrx_word' id='word_1_653' title='bbox 1240 2831 1251 2849; x_wconf 81' lang='lat'><strong>⁴</strong></span> <span class='ocrx_word' id='word_1_654' title='bbox 1279 2829 1327 2863; x_wconf 78' lang='lat' dir='ltr'><strong>Ps</strong></span> <span class='ocrx_word' id='word_1_655' title='bbox 1355 2829 1433 2870; x_wconf 83' lang='grc'>126,</span> <span class='ocrx_word' id='word_1_656' title='bbox 1463 2829 1491 2863; x_wconf 95' lang='grc'><strong>1.</strong></span> 
     </span>
    </p>
   </div>
   <div class='ocr_carea' id='block_1_9' title="bbox 162 2881 1928 3191">
    <p class='ocr_par' dir='ltr' id='par_1_11' title="bbox 279 2881 1448 2923">
     <span class='ocr_line' id='line_1_54' title="bbox 279 2881 1448 2923; baseline 0.001 -8"><span class='ocrx_word' id='word_1_657' title='bbox 279 2882 292 2901; x_wconf 79' lang='lat'>⁵</span> <span class='ocrx_word' id='word_1_658' title='bbox 319 2881 373 2915; x_wconf 82' lang='lat' dir='ltr'><strong>Mt</strong></span> <span class='ocrx_word' id='word_1_659' title='bbox 401 2881 454 2922; x_wconf 87' lang='lat'><strong>13,</strong></span> <span class='ocrx_word' id='word_1_660' title='bbox 481 2882 527 2915; x_wconf 82' lang='lat'><strong>24</strong></span> <span class='ocrx_word' id='word_1_661' title='bbox 553 2883 608 2915; x_wconf 81' lang='lat'><strong>37.</strong></span> <span class='ocrx_word' id='word_1_662' title='bbox 709 2883 721 2902; x_wconf 78' lang='lat'><strong>⁶</strong></span> <span class='ocrx_word' id='word_1_663' title='bbox 749 2882 802 2917; x_wconf 87' lang='lat' dir='ltr'><strong>Cf.</strong></span> <span class='ocrx_word' id='word_1_664' title='bbox 831 2882 884 2916; x_wconf 89' lang='lat' dir='ltr'><strong>Mt</strong></span> <span class='ocrx_word' id='word_1_665' title='bbox 914 2882 966 2922; x_wconf 81' lang='lat'><strong>13,</strong></span> <span class='ocrx_word' id='word_1_666' title='bbox 992 2882 1013 2916; x_wconf 88' lang='grc'>8</span> <span class='ocrx_word' id='word_1_667' title='bbox 1040 2883 1097 2916; x_wconf 87' lang='grc'><strong>23.</strong></span> <span class='ocrx_word' id='word_1_668' title='bbox 1195 2883 1208 2903; x_wconf 77' lang='lat'>⁷</span> <span class='ocrx_word' id='word_1_669' title='bbox 1235 2882 1283 2916; x_wconf 88' lang='lat' dir='ltr'><strong>Lc</strong></span> <span class='ocrx_word' id='word_1_670' title='bbox 1311 2882 1364 2923; x_wconf 88' lang='grc'><strong>11,</strong></span> <span class='ocrx_word' id='word_1_671' title='bbox 1392 2882 1448 2916; x_wconf 87' lang='grc'><strong>28.</strong></span> 
     </span>
    </p>

    <p class='ocr_par' dir='ltr' id='par_1_12' title="bbox 162 2933 1927 3029">
     <span class='ocr_line' id='line_1_55' title="bbox 279 2933 1927 2980; baseline 0 -12"><span class='ocrx_word' id='word_1_672' title='bbox 279 2934 292 2953; x_wconf 75' lang='lat'><strong>⁸</strong></span> <span class='ocrx_word' id='word_1_673' title='bbox 318 2933 407 2968; x_wconf 91' lang='lat' dir='ltr'><strong>Rom</strong></span> <span class='ocrx_word' id='word_1_674' title='bbox 435 2937 467 2975; x_wconf 87' lang='grc'><strong>2,</strong></span> <span class='ocrx_word' id='word_1_675' title='bbox 497 2934 558 2969; x_wconf 83' lang='lat'><strong>13:</strong></span> <span class='ocrx_word' id='word_1_676' title='bbox 598 2935 696 2977; x_wconf 84' lang='lat' dir='ltr'><strong>„Non</strong></span> <span class='ocrx_word' id='word_1_677' title='bbox 723 2937 816 2969; x_wconf 87' lang='lat' dir='ltr'><strong>enim</strong></span> <span class='ocrx_word' id='word_1_678' title='bbox 844 2935 1026 2969; x_wconf 84' lang='lat' dir='ltr'><strong>auditores</strong></span> <span class='ocrx_word' id='word_1_679' title='bbox 1052 2935 1143 2979; x_wconf 86' lang='lat' dir='ltr'><strong>legis</strong></span> <span class='ocrx_word' id='word_1_680' title='bbox 1174 2935 1257 2969; x_wconf 85' lang='lat' dir='ltr'><strong>iusti</strong></span> <span class='ocrx_word' id='word_1_681' title='bbox 1283 2939 1367 2969; x_wconf 85' lang='lat' dir='ltr'><strong>sunt</strong></span> <span class='ocrx_word' id='word_1_682' title='bbox 1402 2935 1496 2980; x_wconf 87' lang='lat' dir='ltr'><strong>apud</strong></span> <span class='ocrx_word' id='word_1_683' title='bbox 1524 2935 1648 2976; x_wconf 90' lang='lat' dir='ltr'><strong>Deum,</strong></span> <span class='ocrx_word' id='word_1_684' title='bbox 1682 2934 1744 2969; x_wconf 85' lang='lat' dir='ltr'><strong>sed</strong></span> <span class='ocrx_word' id='word_1_685' title='bbox 1771 2934 1927 2969; x_wconf 85' lang='lat' dir='ltr'><strong>factores</strong></span> 
     </span>
     <span class='ocr_line' id='line_1_56' title="bbox 162 2986 600 3029; baseline 0.005 -9"><span class='ocrx_word' id='word_1_686' title='bbox 162 2986 254 3029; x_wconf 90' lang='lat' dir='ltr'><strong>legis</strong></span> <span class='ocrx_word' id='word_1_687' title='bbox 280 2987 600 3022; x_wconf 85' lang='lat' dir='ltr'><strong>iustificabuntur.“</strong></span> 
     </span>
    </p>

    <p class='ocr_par' dir='ltr' id='par_1_13' title="bbox 280 3041 1454 3084">
     <span class='ocr_line' id='line_1_57' title="bbox 280 3041 1454 3084; baseline 0.001 -10"><span class='ocrx_word' id='word_1_688' title='bbox 280 3042 293 3060; x_wconf 74' lang='lat'><strong>&#39;³</strong></span> <span class='ocrx_word' id='word_1_689' title='bbox 322 3041 379 3075; x_wconf 84' lang='lat' dir='ltr'><strong>lac</strong></span> <span class='ocrx_word' id='word_1_690' title='bbox 408 3042 436 3082; x_wconf 90' lang='lat'><strong>1,</strong></span> <span class='ocrx_word' id='word_1_691' title='bbox 464 3041 520 3076; x_wconf 91' lang='grc'><strong>22.</strong></span> <span class='ocrx_word' id='word_1_692' title='bbox 647 3043 674 3063; x_wconf 88' lang='lat'><strong>¹⁰</strong></span> <span class='ocrx_word' id='word_1_693' title='bbox 701 3042 754 3076; x_wconf 84' lang='lat' dir='ltr'><strong>Cf.</strong></span> <span class='ocrx_word' id='word_1_694' title='bbox 780 3042 833 3076; x_wconf 83' lang='lat' dir='ltr'><strong>Mt</strong></span> <span class='ocrx_word' id='word_1_695' title='bbox 851 3042 882 3083; x_wconf 85' lang='lat'><strong>7,</strong></span> <span class='ocrx_word' id='word_1_696' title='bbox 914 3043 1022 3083; x_wconf 77' lang='lat'>1-5;</span> <span class='ocrx_word' id='word_1_697' title='bbox 1050 3041 1099 3076; x_wconf 87' lang='lat' dir='ltr'><strong>Lo</strong></span> <span class='ocrx_word' id='word_1_698' title='bbox 1125 3042 1157 3084; x_wconf 87' lang='lat'><strong>6,</strong></span> <span class='ocrx_word' id='word_1_699' title='bbox 1185 3042 1248 3082; x_wconf 84' lang='lat'><strong>37;</strong></span> <span class='ocrx_word' id='word_1_700' title='bbox 1278 3042 1313 3075; x_wconf 93' lang='lat' dir='ltr'><strong>Io</strong></span> <span class='ocrx_word' id='word_1_701' title='bbox 1341 3042 1372 3083; x_wconf 87' lang='lat'><strong>7,</strong></span> <span class='ocrx_word' id='word_1_702' title='bbox 1399 3041 1454 3075; x_wconf 83' lang='lat'><strong>24.</strong></span> 
     </span>
    </p>

    <p class='ocr_par' dir='ltr' id='par_1_14' title="bbox 270 3093 1928 3140">
     <span class='ocr_line' id='line_1_58' title="bbox 270 3093 1928 3140; baseline 0.001 -13"><span class='ocrx_word' id='word_1_703' title='bbox 270 3094 295 3113; x_wconf 89' lang='lat'><strong>¹¹</strong></span> <span class='ocrx_word' id='word_1_704' title='bbox 324 3094 382 3128; x_wconf 90' lang='lat' dir='ltr'><strong>Iac</strong></span> <span class='ocrx_word' id='word_1_705' title='bbox 412 3094 442 3134; x_wconf 97' lang='grc'><strong>1,</strong></span> <span class='ocrx_word' id='word_1_706' title='bbox 469 3095 525 3128; x_wconf 89' lang='grc'><strong>21.</strong></span> <span class='ocrx_word' id='word_1_707' title='bbox 627 3095 654 3116; x_wconf 82' lang='lat'><strong>¹²</strong></span> <span class='ocrx_word' id='word_1_708' title='bbox 682 3095 758 3140; x_wconf 83' lang='lat' dir='ltr'><strong>Eph</strong></span> <span class='ocrx_word' id='word_1_709' title='bbox 785 3097 817 3136; x_wconf 84' lang='lat'><strong>4,</strong></span> <span class='ocrx_word' id='word_1_710' title='bbox 846 3098 902 3130; x_wconf 81' lang='grc'><strong>32.</strong></span> <span class='ocrx_word' id='word_1_711' title='bbox 1004 3096 1030 3116; x_wconf 74' lang='lat'><strong>¹³</strong></span> <span class='ocrx_word' id='word_1_712' title='bbox 1056 3095 1143 3129; x_wconf 85' lang='lat' dir='ltr'><strong>Rom</strong></span> <span class='ocrx_word' id='word_1_713' title='bbox 1173 3095 1227 3136; x_wconf 85' lang='lat'><strong>12,</strong></span> <span class='ocrx_word' id='word_1_714' title='bbox 1258 3094 1309 3129; x_wconf 88' lang='grc'><strong>18.</strong></span> <span class='ocrx_word' id='word_1_715' title='bbox 1411 3096 1436 3116; x_wconf 89' lang='lat'><strong>¹⁴</strong></span> <span class='ocrx_word' id='word_1_716' title='bbox 1462 3094 1500 3128; x_wconf 90' lang='lat' dir='ltr'><strong>ld</strong></span> <span class='ocrx_word' id='word_1_717' title='bbox 1525 3098 1600 3129; x_wconf 84' lang='lat' dir='ltr'><strong>est:</strong></span> <span class='ocrx_word' id='word_1_718' title='bbox 1628 3093 1768 3129; x_wconf 83' lang='lat' dir='ltr'><strong>Caritas</strong></span> <span class='ocrx_word' id='word_1_719' title='bbox 1787 3094 1928 3128; x_wconf 78' lang='lat' dir='ltr'><strong>Vestra.</strong></span> 
     </span>
    </p>

    <p class='ocr_par' dir='ltr' id='par_1_15' title="bbox 272 3146 1587 3191">
     <span class='ocr_line' id='line_1_59' title="bbox 272 3146 1587 3191; baseline 0.002 -12"><span class='ocrx_word' id='word_1_720' title='bbox 272 3147 296 3166; x_wconf 78' lang='lat'><strong>¹⁵</strong></span> <span class='ocrx_word' id='word_1_721' title='bbox 323 3146 376 3180; x_wconf 77' lang='lat' dir='ltr'><strong>Cf.</strong></span> <span class='ocrx_word' id='word_1_722' title='bbox 404 3147 460 3181; x_wconf 90' lang='lat' dir='ltr'><strong>Mt</strong></span> <span class='ocrx_word' id='word_1_723' title='bbox 484 3147 517 3189; x_wconf 88' lang='lat'><strong>4,</strong></span> <span class='ocrx_word' id='word_1_724' title='bbox 547 3147 589 3182; x_wconf 89' lang='lat'><strong>18</strong></span> <span class='ocrx_word' id='word_1_725' title='bbox 619 3149 680 3189; x_wconf 77' lang='lat'><strong>193</strong></span> <span class='ocrx_word' id='word_1_726' title='bbox 709 3149 766 3182; x_wconf 91' lang='lat' dir='ltr'><strong>Mc</strong></span> <span class='ocrx_word' id='word_1_727' title='bbox 795 3149 824 3189; x_wconf 90' lang='lat'><strong>1,</strong></span> <span class='ocrx_word' id='word_1_728' title='bbox 855 3149 896 3182; x_wconf 89' lang='lat'><strong>16</strong></span> <span class='ocrx_word' id='word_1_729' title='bbox 928 3149 988 3189; x_wconf 83' lang='lat'><strong>17;</strong></span> <span class='ocrx_word' id='word_1_730' title='bbox 1018 3148 1067 3182; x_wconf 85' lang='lat' dir='ltr'><strong>Lo</strong></span> <span class='ocrx_word' id='word_1_731' title='bbox 1093 3148 1125 3191; x_wconf 88' lang='lat'><strong>5,</strong></span> <span class='ocrx_word' id='word_1_732' title='bbox 1154 3148 1286 3188; x_wconf 88' lang='lat'>1—11;</span> <span class='ocrx_word' id='word_1_733' title='bbox 1315 3147 1351 3181; x_wconf 93' lang='lat' dir='ltr'><strong>Io</strong></span> <span class='ocrx_word' id='word_1_734' title='bbox 1377 3147 1433 3189; x_wconf 88' lang='grc'><strong>21,</strong></span> <span class='ocrx_word' id='word_1_735' title='bbox 1462 3147 1587 3182; x_wconf 92' lang='grc'>1-11.</span> 
     </span>
    </p>
   </div>
   <div class='ocr_carea' id='block_1_10' title="bbox 1956 0 2051 3433">
    <p class='ocr_par' dir='ltr' id='par_1_16' title="bbox 1956 0 2051 3433">
     <span class='ocr_line' id='line_1_60' title="bbox 1956 0 2051 3433; baseline 0 0"><span class='ocrx_word' id='word_1_736' title='bbox 1956 0 2051 3433; x_wconf 95' lang='lat' dir='ltr'><strong> </strong></span> 
     </span>
    </p>
   </div>
  </div>
 </body>
</html>
