2051 3433
164 188 248 230 598
659 187 762 221 2082.
791 187 958 223 Canisius
984 189 1023 224 P.
1043 189 1156 223 Paulo
1182 189 1330 224 Hoffaeo
1351 189 1384 225 S.
1404 191 1437 225 J.

161 304 279 345 tin0¹
314 305 364 348 R.
390 305 451 354 T.‚
487 306 535 347 ut
567 319 648 358 ego
681 306 961 350 uehementer
993 308 1178 362 optarim
1204 308 1368 350 Romae
1400 309 1442 351 id
1466 324 1577 352 nunc
1610 311 1846 365 impetrari,
1882 326 1934 355 ne

164 370 345 423 posthac
383 370 519 412 nostri
553 373 642 412 tam
677 371 851 413 noxiam
886 373 1142 415 seruitutem
1181 373 1422 416 huiusmodi
1455 375 1633 431 Nuntijs
1665 376 1829 419 seruire
1864 392 1934 419 co-

163 437 336 488 gantur.
376 435 537 477 Verum
562 435 614 477 de
639 436 847 478 Bernensi
870 438 1148 487 tractatione,
1174 452 1258 490 qua
1281 453 1359 480 nos
1382 439 1535 494 dignos
1557 440 1662 484 fecit
1683 442 1893 484 Dominus
1904 443 1934 493 2,

163 499 221 543 M.
246 500 463 543 Robertus
496 500 709 553 quaedam
743 501 963 555 adiunget,
998 505 1075 545 aut
1107 503 1217 545 alias
1249 504 1437 547 mittet3.

281 570 466 614 Miratus
511 586 628 622 sum,
684 586 779 615 cum
824 574 1019 616 audirem
1064 588 1118 616 ex
1167 575 1568 627 Reuerendissimo,
1614 577 1729 630 quod
1774 577 1937 620 diceret

162 636 441 678 sexennium⁸
474 636 541 678 hic
565 638 883 692 expectandum
910 638 1044 680 videri
1068 640 1117 682 R.
1142 639 1189 682 T.
1225 639 1474 694 priusquam
1509 642 1563 683 ad
1587 642 1935 685 constituendum

163 702 393 754 collegium
438 703 683 746 veniretur:
732 706 902 747 tantam
951 705 1246 758 operariorum
1295 706 1337 747 in
1383 707 1602 760 prouintia
1647 711 1798 751 nostra
1842 722 1937 751 esse

161 767 398 820 penuriam.
450 767 619 811 Obiecit
642 772 686 811 et
708 769 827 820 illud,
862 770 912 812 R.
938 771 984 813 T.
1019 771 1176 813 iudicio
1209 772 1317 814 satis
1350 772 1456 823 fore,
1491 773 1527 814 si
1560 774 1697 816 nostri
1730 774 1810 816 hoc
1843 774 1936 816 loco

161 832 289 874 sicuti
312 833 543 888 Monachij,
577 835 740 889 templo
773 835 915 878 alieno
948 838 1177 878 vterentur
1190 837 1218 879 4.
1269 837 1352 879 Sed
1384 837 1469 879 iam
1504 852 1584 892 ego
1618 839 1758 880 minus
1791 839 1935 890 miror,

162 897 345 939 eundem
391 898 635 941 antistitem
680 914 706 941 a
747 901 993 954 plaerisque
1037 901 1229 956 consilijs
1278 902 1576 945 instructionis
1618 917 1642 945 a
1676 904 1725 947 R.
1755 904 1802 947 Τ.
1837 918 1937 946 con-

161 962 381 1016 scriptae5
413 963 635 1015 dissidere,
670 979 800 1018 quum
833 980 911 1007 suo
933 966 1077 1020 potius
1100 981 1228 1020 quam
1254 967 1486 1010 Societatis
1507 968 1663 1022 spiritu
1687 968 1783 1022 alijs
1806 969 1936 1011 etiam

160 1026 203 1068 in
236 1028 365 1069 rebus
411 1033 748 1073 commoneatur.
802 1031 964 1083 Jtaque
1006 1045 1090 1073 non
1123 1033 1338 1086 probauit,
1383 1036 1431 1075 vt
1463 1048 1541 1088 per
1580 1033 1720 1087 ipsum
1754 1037 1830 1076 aut
1862 1048 1939 1088 per

160 1106 238 1134 nos
271 1093 579 1136 admoneretur
611 1095 799 1137 Senatus
830 1096 1145 1149 Friburgensis‚
1179 1098 1469 1141 Lucernatum
1505 1099 1705 1153 exemplo
1738 1099 1937 1141 immuni—

160 1160 278 1200 tates
301 1161 345 1202 et
366 1159 595 1214 priuilegia
627 1161 788 1203 nostris
811 1162 1070 1204 concedere:
1104 1163 1233 1205 immo
1260 1177 1364 1205 uero
1388 1165 1671 1213 assecurauit,
1707 1167 1754 1206 ut
1777 1164 1936 1215 dicunt,

162 1223 384 1273 Senatum,
419 1226 532 1278 quod
564 1225 608 1267 in
641 1226 870 1280 collegium
895 1240 950 1268 ex
973 1227 1237 1281 obligatione
1259 1229 1364 1270 nihil
1388 1229 1626 1271 collaturus
1649 1229 1706 1272 sit
1720 1230 1748 1272 ⁶.
1798 1229 1938 1279 Quare

162 1302 257 1329 cum
300 1289 531 1344 obijcerem
573 1290 667 1332 fieri
708 1305 791 1333 non
826 1306 965 1346 posse,
1011 1296 1061 1335 vt
1102 1307 1156 1335 ex
1199 1294 1302 1336 solis
1340 1295 1591 1349 monasterij
1628 1294 1938 1349 prouentibus7

161 1354 389 1407 collegium
434 1360 479 1398 et
510 1355 685 1398 scholae
719 1362 1086 1407 construerentur,
1127 1359 1286 1414 alijque
1323 1363 1522 1414 sumptus
1553 1360 1785 1415 necessarij
1822 1374 1938 1402 coin-

162 1423 435 1473 pararentur,
478 1421 571 1463 sola
613 1436 691 1463 nos
732 1437 808 1476 spe
841 1424 1008 1466 lactare
1041 1425 1159 1466 uisus
1193 1427 1271 1474 est,
1315 1426 1460 1467 nescio
1501 1425 1599 1479 quid
1643 1426 1852 1480 pollicens
1886 1426 1938 1467 de

161 1487 404 1538 spontanea
427 1487 614 1529 Senatus
647 1491 691 1529 et
721 1488 990 1542 priuatorum
1023 1490 1241 1532 hominum
1276 1491 1554 1533 liberalitate.
1608 1491 1774 1532 Rursus
1808 1505 1936 1544 quum

163 1550 470 1593 admoneretur
493 1552 546 1594 de
568 1553 788 1595 soluendis
812 1555 980 1605 debitis,
1016 1569 1127 1608 quae
1150 1558 1240 1597 tum
1265 1555 1457 1610 suscepti
1480 1570 1535 1597 ex
1559 1555 1734 1610 Dilinga
1756 1555 1936 1606 itineris,

162 1619 252 1657 tum
293 1620 546 1669 paratarum
587 1619 809 1661 Lucernae
851 1620 1036 1662 uestium
1079 1620 1249 1663 ratione
1282 1621 1665 1671 contraxissemus,
1709 1635 1792 1663 non
1833 1621 1936 1663 obu-

162 1680 343 1737 lumb[?]
378 1684 566 1736 pendere
599 1685 750 1736 uoluit,
785 1700 835 1727 ac
869 1700 946 1727 nos
979 1686 1111 1729 etiam
1135 1686 1359 1737 deterruit,
1394 1701 1448 1728 ne
1474 1687 1701 1740 quicquam
1727 1701 1752 1728 a
1775 1686 1938 1729 Senatu

161 1747 477 1790 restituendum
521 1753 780 1802 peteremus,
824 1751 899 1793 sed
941 1751 1050 1794 satis
1082 1752 1176 1794 fore
1210 1752 1333 1802 dixit,
1373 1752 1408 1793 si
1442 1766 1497 1793 ex
1530 1752 1780 1805 monasterij
1816 1752 1938 1794 bonis

164 1813 371 1866 paulatim
406 1814 551 1856 debita
584 1816 658 1857 illa
691 1816 1056 1870 persoluerentur.
1102 1817 1236 1870 Atqui
1259 1818 1569 1859 monasterium
1593 1817 1698 1859 illud
1721 1818 1938 1871 permulta

162 1877 303 1929 debet,
338 1893 449 1932 quae
481 1880 658 1933 longum
691 1882 748 1923 sit
772 1895 1040 1932 enumerare,
1075 1882 1438 1935 Friburgensibus
1471 1883 1642 1935 quidem
1678 1882 1938 1935 quingentos

162 1947 415 1986 coronatos:
459 1946 783 1988 conseruandus
825 1950 1054 2001 praeterea
1095 1948 1347 2003 monasterij
1390 1951 1545 1997 status,
1590 1952 1638 1990 ut
1679 1947 1764 1989 alia
1806 1962 1939 1990 onera

160 2009 524 2062 praetermittam.
590 2011 752 2053 Fateor
784 2013 833 2055 D.
860 2012 1072 2056 Nuntium
1113 2013 1157 2054 in
1189 2027 1267 2054 nos
1300 2013 1511 2055 beneficia
1548 2027 1632 2054 non
1664 2027 1805 2067 pauca
1837 2026 1938 2054 con-

162 2074 328 2123 tulisse,
363 2079 409 2118 et
440 2075 650 2118 fundandi
684 2077 808 2119 liuius
832 2078 1004 2132 collegij
1037 2078 1315 2132 praecipuam
1340 2078 1510 2120 dedisse
1538 2092 1727 2128 causam,
1763 2077 1939 2130 eiusque

161 2138 431 2182 fundationis
476 2141 656 2183 literas8
701 2143 867 2185 Romae
914 2144 1053 2196 gratis
1102 2144 1367 2197 expeditas⁰‚
1414 2147 1458 2186 et
1505 2143 1640 2186 totius
1687 2142 1938 2197 monaster-ij

160 2205 481 2258 possessionem
514 2207 753 2250 solenniter
785 2208 886 2250 mihi
921 2223 1065 2251 coram
1107 2209 1247 2251 tribus
1281 2209 1563 2250 Senatoribus
1597 2211 1640 2250 et
1673 2208 1770 2263 alijs
1802 2207 1938 2251 tradi-

162 2270 296 2322 disse,
343 2271 520 2325 eiusque
560 2273 849 2326 possessionis
893 2277 1100 2328 acceptae
1147 2275 1484 2316 instrumentum
1529 2273 1827 2316 authenticum
1871 2273 1939 2315 hic

162 2335 388 2389 reliquisse
402 2338 430 2387 9,
471 2351 521 2379 ac
555 2338 725 2380 demum
759 2339 1024 2392 singularem
1059 2353 1206 2381 curam
1240 2342 1286 2381 et
1317 2353 1493 2392 operam
1528 2339 1624 2380 huic
1657 2339 1862 2391 erigendo
1896 2341 1939 2380 et

281 2436 307 2463 a)
330 2435 376 2458 Ita
398 2436 513 2459 omnino
536 2436 652 2460 videtur
672 2437 877 2467 1'r1r1·i1sende‹ni
899 2445 960 2461 esse
982 2445 1018 2461 ea:
1038 2436 1246 2465 sexrennium
1267 2438 1340 2468 quud
1361 2441 1401 2462 es!
1424 2438 1451 2461 iti
1474 2440 1587 2467 autoslr.
1657 2436 1687 2467 b)
1708 2437 1773 2466 S1'‹',·
1792 2437 1939 2468 corrr'gle'n·

161 2474 230 2499 ‹lzmz
251 2483 311 2500 esse
333 2476 466 2501 videtur.-
486 2476 617 2503 obolum.
694 2480 720 2509 c)
741 2480 911 2510 Sequuntur
933 2487 974 2503 rr.
993 2478 1083 2504 nobis
1104 2478 1280 2507 tradidisse,
1301 2480 1390 2503 oblite.

287 2606 294 2625 ¹
325 2606 362 2640 P.
384 2606 565 2640 Martinus
591 2606 834 2641 Leubenstain
870 2606 1012 2649 collegii
1048 2606 1271 2642 lucernensis
1297 2610 1415 2642 rector
1441 2619 1521 2641 cum
1549 2607 1698 2641 Hoffaeo
1724 2607 1768 2641 ad
1795 2618 1937 2650 congre—

164 2658 348 2701 gationem
376 2660 582 2703 generalem
611 2660 795 2705 profectus
821 2662 916 2700 erat3
943 2662 1125 2694 caeterum
1154 2671 1187 2694 v.
1205 2672 1315 2705 supra
1342 2673 1374 2705 p.
1394 2661 1464 2695 536
1492 2661 1572 2695 571.

282 2712 295 2732 ²
323 2712 375 2746 Cf.
407 2714 476 2746 Act
501 2715 533 2753 ὃ,
559 2713 617 2747 41.
765 2715 776 2734 ³
803 2714 894 2747 Vide
922 2713 1025 2754 infra,
1052 2725 1208 2748 monum.
1231 2715 1332 2748 1266.

284 2767 295 2784 ⁴
324 2765 504 2800 Monachii
537 2767 732 2800 utebantur
767 2767 901 2811 templo
939 2766 1085 2800 Pan-um
1115 2766 1354 2801 Eremitarum
1391 2767 1537 2801 Ordinis
1576 2766 1609 2800 S.
1639 2765 1853 2809 Augustini;
1894 2766 1939 2799 cf.

171 2818 257 2851 Can.
278 2818 309 2851 II
337 2818 417 2852 870.
564 2821 577 2839 ⁵
604 2819 696 2853 Vide
723 2831 831 2864 supra
859 2831 890 2864 p.
912 2820 976 2853 591
1008 2820 1086 2853 595.

284 2872 296 2890 ⁰
324 2871 375 2905 De
403 2872 470 2905 hac
501 2873 806 2913 „assecuratione“
837 2885 870 2907 v.
892 2873 995 2913 infra,
1022 2884 1177 2906 monum.
1199 2873 1301 2909 1262.

284 2925 296 2944 ⁷
323 2924 583 2959 Monasterium
610 2938 794 2960 mai-sense
820 2938 840 2961 a
868 2926 1042 2969 Gregorio
1069 2925 1164 2959 XIII.
1193 2926 1345 2970 collegio
1381 2926 1599 2970 friburgensi
1635 2925 1808 2959 tributum
1843 2927 1938 2958 erat:

165 2989 198 3011 v.
219 2988 328 3021 supra
355 2989 387 3022 p.
407 2978 487 3012 588.

286 3031 298 3050 ⁸
326 3030 401 3065 Has
429 3032 591 3074 Gregorii
612 3032 708 3067 XIII.
729 3033 881 3073 litteras,
908 3032 1021 3066 Roma
1048 3032 1102 3065 25.
1123 3032 1307 3066 Februarii
1329 3032 1419 3067 1580
1448 3034 1555 3074 (nonz
1586 3031 1690 3074 1579)
1713 3031 1815 3065 datas
1842 3030 1940 3075 typis

164 3084 360 3128 exscripsit
386 3085 550 3118 Berthier
576 3085 598 3119 l.
627 3098 655 3120 c.
676 3086 874 3121 224—230.
924 3086 1057 3120 Earum
1084 3085 1330 3129 apographum
1358 3096 1378 3119 a
1406 3084 1549 3119 Canisio
1576 3085 1725 3118 Romam
1751 3084 1796 3118 ad
1824 3083 1940 3118 Socie-

165 3137 254 3171 tatis
279 3148 466 3181 supremos
492 3138 736 3173 moderatores
763 3139 911 3173 missum
941 3141 1061 3172 exstat.
1088 3139 1121 3171 in
1150 3138 1191 3172 Gr.
1211 3138 1294 3183 Sup.
1315 3139 1359 3173 98
1388 3139 1410 3174 f.
1429 3138 1661 3173 4022—40521.
1950 3146 1953 3148 ·

285 3191 298 3210 ⁹
326 3191 400 3224 Hoc
428 3191 509 3224 vide
536 3192 639 3233 infra,
666 3204 822 3226 monum.
850 3192 951 3226 1270.
