2051 3433
161 153 242 193 158
406 151 507 185 1865.
536 150 575 184 P.
595 150 643 183 Ιο.
662 149 774 184 Wilh.
795 150 1000 184 Harlemius
1027 150 1180 185 Canisio.
1223 149 1382 184 Lovanio
1409 151 1553 184 ineunte
1579 151 1680 185 1574.

158 266 278 300 Germ.
311 266 376 300 1:33
405 266 428 299 f.
448 266 533 300 ‘201³
560 268 595 299 et
622 264 741 300 Germ.
771 265 837 300 135
864 277 898 300 n.
928 266 1024 305 111).
1077 266 1123 299 At
1158 268 1282 299 contra
1309 267 1484 309 Hoffaeus
1508 266 1734 300 Mercuriano
1763 269 1926 310 Augusta

161 321 187 354 1.
217 320 288 353 Mai
320 320 410 353 1574
435 319 451 336 ³³
464 319 628 363 scripsit:
668 319 841 361 „Quidam
875 319 945 353 mei
971 318 1143 361 Theologi
1169 319 1339 352 videntur
1375 318 1544 363 pleraque
1579 320 1693 354 denuo
1719 320 1753 353 in
1781 320 1927 355 dubium

158 375 297 411 vertere
325 384 415 416 quae
442 372 575 406 Romae
601 376 686 406 sunt
718 375 819 406 tanto
845 372 966 407 labore
993 375 1117 416 totque
1153 373 1307 406 testibus
1333 372 1492 406 resoluta
1519 372 1562 406 de
1588 374 1620 407 5.
1640 384 1702 418 pro
1729 378 1832 408 cento
1859 377 1926 408 etc.

156 426 200 459 Jd
236 426 379 470 quidem
417 437 483 468 ego
517 438 562 460 ne
598 425 733 459 faciant
769 425 948 470 prohibeo,
985 426 1046 459 sed
1075 425 1125 458 ita
1161 428 1290 467 tamen,
1327 427 1368 459 vt
1394 426 1455 469 qui
1490 426 1578 460 mihi
1613 438 1682 460 non
1718 427 1927 471 acquiescit,

156 481 269 523 possit
295 479 330 513 in
358 479 489 513 Vrbem
526 479 740 524 replicare..
761 505 770 512 .
789 507 796 513 .
835 479 1001 523 Plerique
1037 479 1231 512 etiamnum
1269 478 1461 519 haesitant,
1497 479 1554 513 cui
1589 479 1732 513 tandem
1760 481 1794 513 in
1821 480 1928 515 dictis

156 533 400 566 contractibus
419 532 540 576 quiete
559 535 595 566 et
612 544 737 566 secure
756 532 866 566 fidere
884 532 1057 566 debeant⁴‘
1084 532 1144 572 (ex
1163 536 1323 576 autogr.:
1345 531 1463 567 Germ.
1486 532 1551 566 135
1570 544 1603 567 n.
1622 533 1698 567 145.
1739 532 1792 568 Cf.
1808 534 1927 577 Dnhr,

159 586 268 619 Jes.1
297 586 513 629 717-718).

274 639 306 673 3.
343 640 419 673 Hoc
455 639 608 683 denique
644 639 777 673 iuverit
812 640 949 674 notari:
985 639 1085 681 Quod
1114 638 1280 673 Canisius
1315 639 1351 672 in
1386 639 1443 673 his
1469 639 1602 674 litteris
1628 640 1812 674 monebat:
1847 639 1927 674 Non

155 692 335 737 expedire,
362 695 400 727 ut
427 692 682 726 monasterium
704 693 737 726 S.
759 693 884 727 Crucis
910 694 945 726 in
965 692 1180 727 Societatem
1204 692 1474 734 transferretur,
1500 693 1547 733 id,
1573 705 1653 727 cum
1673 694 1731 727 diu
1752 695 1927 727 certatum

155 749 261 787 esset,
288 747 431 781 tandem
452 747 617 781 omnibus
643 747 798 791 placuit;
827 750 936 791 atque
955 748 1006 781 ita
1025 747 1057 780 id
1076 747 1332 781 monasterium
1360 758 1470 791 penes
1489 758 1630 780 sacrum
1649 747 1749 781 illum
1768 747 1927 781 ordinem

154 800 449 843 augustinianum
476 800 628 837 mansit:
657 803 693 834 et
719 801 762 834 de
779 801 936 834 Antonio
961 801 1084 834 Beirer
1110 799 1281 834 canonico
1307 800 1475 843 regulari,
1503 800 1560 834 cui
1586 800 1629 834 ob
1659 812 1776 834 mores
1801 812 1926 845 parum

156 854 323 896 probatos
358 854 474 887 officio
510 853 705 898 praepositi
740 854 918 888 movendo
946 853 1136 889 Societatis
1172 853 1277 889 amici
1304 865 1344 888 eo
1381 857 1541 898 tempore
1577 853 1770 898 plurimum
1798 865 1926 898 operae

154 906 296 947 dabant,
333 908 367 940 in
394 908 590 941 *Historia
625 907 769 951 collegii
804 908 1009 950 Augustani
1044 919 1152 942 manu
1189 907 1279 942 Socii
1317 907 1469 941 alicuius
1505 918 1617 951 eaque
1652 907 1742 941 satis
1778 907 1927 951 antiqua

154 962 325 994 testatum
355 963 430 995 est:
466 961 554 1003 „Hic
583 988 591 995 .
612 988 619 995 .
640 988 647 995 .
675 962 803 995 deinde
831 961 1023 996 Societatis
1052 965 1197 996 nostrae
1226 964 1398 1006 patronus
1427 961 1622 1004 singularis
1653 964 1695 1005 et¹
1717 961 1837 994 fautor
1867 972 1926 995 ex-

153 1013 258 1055 stitit,
292 1016 478 1058 uitamque
512 1014 682 1058 religioso
717 1014 859 1049 homine
894 1015 1039 1058 dignam
1075 1015 1274 1059 transegit“
1317 1015 1417 1056 (Cod.
1449 1014 1563 1056 „Hist.
1594 1014 1673 1049 coll.
1702 1014 1816 1057 Aug.⁴‘
1851 1013 1926 1058 [qui

154 1070 209 1102 est
234 1068 399 1111 Friburgi
428 1068 675 1102 Helvetiorum
703 1069 739 1102 in
765 1068 985 1103 bibliotheca
1010 1069 1247 1113 reipublicae;
1284 1069 1328 1102 cf.
1352 1069 1438 1102 Can.
1464 1068 1496 1102 ΙΙ
1522 1067 1675 1111 Ll—Lll]
1702 1080 1736 1112 p.
1755 1068 1925 1103 61—621.

154 1121 250 1163 Quas
276 1121 402 1156 laudes
437 1134 529 1156 anno
561 1122 648 1156 1727
676 1122 716 1157 Ρ.
744 1124 909 1166 Jynatms
935 1125 1107 1166 Ayrscola
1134 1122 1167 1157 S.
1193 1123 1225 1156 J.
1249 1123 1455 1166 provinciae
1487 1121 1701 1156 Germaniae
1731 1122 1926 1167 superioris

156 1174 349 1209 historicus
374 1187 443 1209 non
474 1175 588 1209 solum
617 1176 854 1217 confirmavit,
894 1177 955 1211 sed
983 1177 1089 1210 etiam
1118 1177 1219 1210 auxit
1247 1176 1286 1218 (l.
1317 1187 1346 1209 c.
1379 1176 1392 1209 1
1419 1175 1504 1209 Dec.
1534 1176 1579 1215 4.‚
1614 1187 1649 1210 n.
1678 1175 1855 1219 76—78);
1891 1179 1926 1209 et

154 1230 338 1263 Maximus
363 1231 544 1272 Manqold,
572 1229 632 1273 qui
660 1229 819 1263 eiusdem
847 1230 1054 1274 provinciae
1080 1232 1241 1274 tempore
1259 1229 1451 1264 Societatis
1477 1240 1666 1274 supressae
1695 1228 1820 1272 (1773)
1847 1240 1925 1274 pro-

153 1281 319 1316 vincialis
345 1283 474 1323 fuerat,
500 1287 626 1327 postea
653 1283 870 1320 affirmavit:
902 1284 1026 1327 Usque
1052 1284 1096 1318 ad
1122 1283 1209 1317 illud
1236 1286 1380 1328 tempus
1406 1282 1665 1317 monasterium
1684 1282 1717 1316 S.
1738 1282 1864 1317 Crucis
1890 1286 1924 1316 et

153 1335 343 1379 collegium
380 1340 623 1379 augustanum
659 1347 801 1380 semper
840 1341 986 1380 „sancta
1022 1336 1287 1371 necessitudine
1323 1336 1525 1370 arctissime
1560 1336 1654 1369 inter
1689 1348 1728 1370 se
1763 1347 1925 1370 connexa

153 1390 381 1423 manserunt“
416 1389 541 1433 (Origo
568 1390 711 1433 collegii
739 1390 931 1424 Societatis
957 1391 1039 1425 Iesu
1066 1391 1109 1424 ad
1137 1390 1308 1425 Sanctum
1336 1389 1560 1424 Salvatorem
1588 1390 1775 1432 Augustae
1793 1389 1925 1423 Vinde-

153 1441 313 1484 licorum,
341 1444 527 1487 Augustae
553 1443 695 1478 Vindel.
717 1443 819 1485 1786,
848 1444 1019 1487 23—24).

275 1502 525 1537 Mercurianus
552 1502 696 1537 Canisio
721 1503 909 1548 respondit
936 1504 990 1538 16.
1010 1503 1166 1537 Ianuarii
1195 1503 1296 1537 1574.

154 1611 308 1648 1865.
371 1613 431 1648 P.
452 1612 751 1649 IOANNES
771 1613 1134 1649 WILHELMI
1152 1612 1560 1649 HARLEMIUS
1581 1612 1633 1648 S.
1647 1612 1701 1648 J.
1722 1613 1921 1648 CANISIO.

1360 1673 1519 1707 Lovanio
1546 1673 1691 1707 ineunte
1718 1684 1749 1707 a.
1772 1674 1873 1707 1574.

272 1741 374 1781 Vale
412 1741 547 1793 infra,
591 1756 652 1795 ep.
688 1742 816 1782 1868.
880 1742 952 1781 Ad
998 1742 1169 1782 eandem
1214 1741 1435 1795 epistulam
1473 1741 1686 1794 pertinere
1730 1740 1924 1781 ridentur

153 1821 214 1857 ea,
251 1820 357 1860 quae
392 1806 525 1857 infra,
569 1821 629 1861 ep.
666 1808 793 1859 1883,
830 1807 1031 1848 Canisius
1067 1807 1212 1848 εονὶὒῖΐ
1245 1821 1269 1847 α
1309 1806 1393 1857 ,,Μ.
1419 1805 1652 1846 Harlenio“
1692 1806 1750 1845 ad
1782 1820 1823 1846 se.
1856 1821 1922 1847 re-

152 1872 238 1911 lam
272 1885 357 1912 esse
391 1872 440 1912 de
470 1886 581 1913 nova
614 1873 801 1927 quadam
835 1873 1017 1913 editione
1049 1872 1242 1913 Petrum.

153 1991 308 2027 1866.
394 1992 815 2030 EVERARDUS
841 1993 1336 2030 MERCITRIANUS
1362 1994 1589 2039 praepositus
1610 1994 1790 2037 generalis
1809 1992 1923 2027 Socie-

341 2048 429 2081 tatis
455 2047 536 2081 Iesu
565 2047 766 2083 CANISlO.
1368 2048 1481 2081 Roma
1510 2048 1566 2082 16.
1584 2047 1741 2081 Ianuarii
1772 2047 1875 2081 1574.

275 2117 329 2151 Ex
367 2117 575 2162 apographo
612 2118 670 2152 vel
706 2119 962 2153 commentario
998 2120 1155 2153 eiusdem
1192 2119 1375 2163 temporis,
1411 2119 1504 2163 quod
1532 2118 1576 2152 ab
1608 2118 1684 2163 ipso
1712 2117 1748 2151 P.
1770 2117 1925 2151 Antonio

152 2171 349 2205 Possevino
377 2171 569 2205 Societatis
603 2173 798 2206 secretario
833 2173 1007 2218 scriptum
1044 2185 1123 2207 esse
1153 2173 1315 2213 videturp
1352 2173 1387 2206 in
1423 2172 1596 2216 margine,
1634 2171 1758 2205 eadem
1793 2182 1921 2204 manu:

155 2224 212 2265 „P.
234 2224 410 2259 Canisio.“
459 2225 499 2259 G.
528 2225 613 2270 Sup.
640 2226 655 2260 1
686 2226 711 2260 f.
734 2227 783 2262 bb.

273 2290 429 2334 Colquia
453 2293 696 2333 yermaw'cum
725 2297 753 2323 ιη’
781 2294 1048 2326 constantiense.
1093 2293 1274 2335 Hoffaens.
1314 2291 1400 2335 5⁰]0.
1446 2292 1702 2324 Mommeterium
1728 2290 1761 2323 S.
1786 2290 1921 2324 Crucis.

152 2344 264 2377 Liber
295 2345 486 2379 Tem-riam.

964 2401 1091 2442 Jesus

271 2593 383 2635 Sane
415 2594 517 2635 mihi
551 2597 706 2648 gratae
747 2595 922 2638 litterae
963 2596 1140 2638 fuerunt
1178 2609 1286 2648 quas
1320 2596 1374 2635 22
1408 2591 1642 2647 superioris
1675 2591 1835 2633 mensis
1866 2592 1920 2633 ad

149 2672 217 2699 me
259 2658 462 2701 dedistib:
507 2663 551 2701 et
583 2660 726 2702 nescio
772 2660 843 2714 qui
885 2675 983 2702 nam
1026 2661 1054 2715 ij
1088 2661 1196 2703 sintc
1238 2674 1261 2701 e
1302 2659 1463 2701 nostris
1505 2657 1575 2711 qui
1620 2657 1919 2706 dehortantur,

150 2724 384 2776 quominus
417 2725 566 2767 selecti
609 2725 910 2768 adolescentes
951 2740 1005 2768 ex
1050 2725 1282 2768 Germania
1325 2724 1556 2767 mittantur
1594 2722 1648 2764 ad
1690 2721 1918 2774 collegium

151 2788 495 2832 Germanicum2.
550 2790 669 2839 Quod
703 2790 913 2833 hactenus
946 2795 1088 2834 actum
1123 2794 1190 2832 est
1213 2804 1308 2832 cum
1332 2788 1547 2831 Cardinali
1570 2785 1919 2829 Constantiensi³

150 2853 305 2907 placet.
370 2854 453 2895 Sed
495 2857 543 2896 ut
585 2869 662 2896 nos
702 2855 771 2897 hic
812 2856 925 2910 apud
960 2856 1210 2898 Pontificem
1244 2854 1373 2897 aliam
1417 2854 1542 2895 liuius
1575 2851 1738 2905 negotij
1772 2865 1917 2893 euram

269 2946 297 2977 a)
317 2946 387 2971 Vide
406 2946 501 2977 iufra.
521 2947 616 2971 aanor.
643 2950 661 2971 1.
744 2947 774 2973 Μ
796 2948 842 2971 Im
863 2947 892 2971 τή
914 2955 1013 2978 “pogna
1035 2950 1192 2971 cori-ectum
1214 2950 1256 2970 ›as-t
1275 2955 1311 2970 ox
1331 2945 1471 2971 dedistis.
1552 2945 1578 2973 c)
1601 2944 1664 2968 ΡΜ)
1687 2950 1726 2967 1·ῑί
1746 2950 1804 2973 ⁸<1‘1-
1826 2950 1917 2973 WP'W

151 2994 265 3012 versum
284 2988 397 3019 scripta
416 2991 492 3012 sunt.

273 3100 282 3120 ¹
310 3099 576 3136 M.=Ma1·ia:
614 3101 769 3135 fortasse
805 3103 924 3134 tamen
953 3101 988 3134 in
1023 3101 1099 3135 solo
1135 3101 1199 3135 hoc
1233 3101 1439 3145 apographo
1467 3100 1525 3133 vel
1562 3095 1816 3133 commentario
1851 3095 1917 3129 hoe

150 3163 277 3185 nomen
304 3153 460 3197 positum
487 3156 554 3187 est.
702 3154 714 3173 ²
741 3153 832 3187 Vide
857 3165 968 3198 supra
994 3166 1026 3198 p.
1053 3155 1126 3188 151.
1277 3155 1289 3174 ³
1318 3153 1406 3188 Vide
1433 3164 1542 3199 supra
1567 3165 1600 3198 p.
1625 3153 1819 3189 140—141-
