2051 3433
189 127 274 168 372
375 124 476 158 1962.
505 122 670 158 Canisius
697 123 880 157 Everardo
907 123 1143 158 Mercuriano.
1183 122 1382 157 Ratisbona
1412 123 1466 158 18.
1484 124 1639 168 Augusti
1670 124 1772 158 1576.

188 243 240 284 de
274 257 350 284 suo
384 240 601 295 dependit,
644 240 834 294 mihique
865 241 950 283 iam
984 240 1230 284 numerauit
1263 241 1450 295 optimus
1484 242 1738 292 Cardinalis,
1778 245 1960 297 paratus

188 311 232 350 et
264 307 441 360 reliquis
474 306 598 348 annis
631 305 701 347 uel
732 319 811 359 per
842 320 902 356 se,
936 307 1004 348 uel
1038 320 1115 361 per
1147 306 1274 348 Pont.
1298 306 1414 348 Max.
1448 307 1707 349 tantundem
1741 308 1960 350 exoluere.

186 373 386 415 Alteram
420 374 589 425 partem
613 370 853 425 Episcopus
881 372 1165 424 Augustanus
1184 372 1209 422 ¹,
1243 371 1307 413 uti
1340 371 1606 414 Ratisbonae
1638 372 1849 426 promisit,
1883 387 1961 415 nu-

188 437 387 480 merabit.

306 514 333 565 †
367 512 609 555 Admodum
648 512 905 554 Reuerendo
946 513 990 555 in
1023 513 1188 556 Christo
1222 512 1344 555 Patri
1386 515 1548 565 nostro,
1583 514 1705 556 Patri
1738 513 1962 556 Euerardo

186 577 475 627 Mercuriano,
510 577 743 620 Societatis
775 577 915 620 JESV
947 578 1205 632 Praeposito
1239 578 1447 631 generali.
1570 579 1749 622 Romae.

309 665 339 698 1.
367 665 448 699 Una
474 676 553 698 cuin
582 664 649 699 hac
677 664 833 709 epistula
860 665 1087 699 Mercuriano
1118 665 1250 699 missae
1276 667 1361 699 sunt
1386 665 1558 699 *litterae
1585 665 1783 699 Ratisbona
1812 665 1864 700 17.
1894 665 1963 699 Au-

189 720 287 761 gusti
316 718 407 752 1576
434 730 454 751 a
482 718 520 752 P.
544 719 738 752 Francisco
766 720 923 752 Antonio
951 718 984 752 S.
1002 719 1035 752 J.
1063 719 1106 753 ad
1143 730 1223 752 eum
1262 719 1379 758 datae,
1415 719 1545 763 quibus
1581 731 1632 760 03,
1669 730 1760 763 quae
1798 718 1965 753 Canisius

187 773 231 806 de
270 772 488 806 monasterio
527 770 716 805 Scotorum
751 772 896 812 scribit,
936 772 1165 806 illustrantur
1203 775 1239 806 et
1277 772 1557 816 amplificantur.
1621 772 1809 817 „Accepi“‚
1848 772 1964 816 inquit

190 826 355 865 Antonio,
387 824 483 867 „heli
503 836 594 869 quas
620 824 661 859 T.
681 824 721 858 R.
741 824 783 859 P.
802 825 857 859 28.
878 825 965 870 Julij
993 826 1037 859 ad
1056 837 1113 859 me
1132 825 1240 866 dedit,
1269 837 1313 859 ex
1332 825 1462 870 quibus
1490 828 1526 859 et
1551 824 1632 870 alijs
1659 825 1703 859 ad
1723 825 1762 860 P.
1782 825 1963 860 Canisium

188 880 284 913 datis
310 878 473 913 intellexi
501 890 593 922 quae
620 880 718 912 esset
736 878 778 912 de
805 878 928 912 futuro
947 879 1004 913 hic
1024 879 1193 921 collegio,
1225 879 1261 913 Ρ.
1282 878 1324 913 V.
1344 879 1524 913 sententia
1550 882 1585 912 et
1604 878 1785 913 voluntas.
1823 878 1964 913 Visum—

193 945 263 977 que
290 932 433 975 Vtrique
469 934 535 972 est,
573 930 927 965 Reuerendissimum
955 932 1132 966 Nuncium
1160 931 1436 977 Apostolicum2,
1474 932 1547 974 (cui
1574 931 1855 966 Jllustrissimus
1882 931 1966 966 Car-

189 985 320 1019 dinalis
347 997 393 1018 ex
419 984 579 1029 podagra
606 984 822 1018 decumbens
858 984 1066 1030 injunxerat
1091 988 1132 1019 vt
1168 997 1247 1019 curn
1276 985 1374 1020 Duce
1401 986 1578 1019 Bauariae
1605 996 1647 1019 ea
1681 985 1724 1019 de
1759 997 1797 1019 re
1823 987 1964 1028 ageret)

189 1051 273 1073 mox
299 1039 407 1079 adire,
436 1043 472 1071 et
499 1050 568 1081 quo
595 1038 631 1072 in
658 1041 758 1072 statu
783 1050 841 1072 res
868 1042 966 1072 esset
991 1040 1205 1083 percontari,
1233 1038 1413 1083 simulque
1439 1038 1618 1072 hominem
1655 1039 1769 1072 nostri
1796 1039 1966 1073 amantis-

187 1093 320 1126 simum
347 1092 550 1131 admonere,
578 1103 671 1135 quae
699 1094 796 1125 esset
822 1092 862 1126 P.
882 1091 924 1127 V.
945 1092 987 1126 de
1014 1092 1081 1126 hoc
1106 1092 1251 1135 negotio
1278 1092 1470 1127 sententia.
1520 1091 1719 1137 Respondit
1745 1092 1785 1133 is,
1820 1103 1859 1126 se
1885 1103 1966 1126 cum

190 1147 290 1180 Duce
316 1145 493 1179 Bauariae
521 1144 640 1188 egisse
667 1156 820 1189 eumque
847 1145 926 1190 ejus
952 1157 1031 1180 esse
1057 1146 1178 1187 animi,
1214 1148 1255 1179 vt
1281 1146 1376 1180 sicut
1402 1148 1509 1180 antea
1535 1157 1556 1179 a
1583 1145 1728 1180 Summo
1754 1145 1857 1180 Pont.
1886 1145 1966 1180 Sco-

189 1204 307 1233 torum
335 1199 402 1233 hoc
429 1199 687 1232 monasterium
723 1211 786 1243 pro
822 1199 992 1242 erigendo
1020 1199 1180 1243 Collegio
1215 1199 1392 1245 petijsset,
1427 1200 1479 1234 ita
1515 1201 1623 1233 etiam
1651 1198 1745 1233 velle
1780 1210 1819 1233 se
1844 1210 1967 1233 omnes

188 1263 318 1287 neruos
353 1252 539 1286 intendere
575 1256 616 1285 vt
650 1252 727 1286 voti
762 1264 907 1297 compos
942 1252 1016 1291 fiat.
1050 1264 1116 1287 nec
1152 1253 1317 1287 dubitare
1344 1253 1429 1297 quin
1462 1264 1543 1286 cum
1571 1252 1736 1293 Caesare,
1772 1256 1807 1286 et
1833 1252 1967 1286 Senatu

190 1306 445 1351 Ratisponensi
483 1306 597 1350 possit
633 1306 751 1340 omnia
786 1306 905 1349 quiete
939 1306 1189 1341 conficere-ad
1226 1318 1331 1350 quem
1369 1306 1546 1346 effectum,
1583 1306 1668 1350 quia
1693 1307 1768 1351 ipse
1803 1317 1887 1339 mox
1913 1308 1969 1339 est

190 1359 421 1394 Monachium
440 1359 633 1404 profectus,
661 1360 826 1404 promisit
843 1371 882 1394 se
908 1360 1032 1394 statim
1053 1360 1304 1394 Consiliarium
1324 1371 1433 1394 vnum
1453 1372 1498 1393 ex
1516 1360 1592 1394 suis
1611 1360 1680 1394 huc
1704 1359 1967 1403 ablegaturum.

192 1415 281 1448 Cum
309 1412 369 1447 illo
396 1413 517 1456 igitur,
553 1413 612 1447 vbi
650 1413 848 1453 aduenerit,
883 1414 934 1447 ait
961 1414 1296 1448 Reuerendissimus
1323 1413 1485 1448 Nuncius
1510 1413 1688 1456 agendum
1717 1424 1807 1453 esse,
1843 1415 1884 1447 vt
1910 1411 1968 1446 vel

190 1467 380 1511 collegium
418 1467 589 1510 erigatur,
625 1467 683 1501 vel
711 1466 817 1501 Scoto
852 1466 958 1512 alicuj
986 1467 1096 1511 probo
1123 1467 1200 1501 viro
1235 1467 1494 1501 monasterium
1528 1467 1704 1501 tradatur.
1756 1465 1847 1507 Quia
1882 1477 1968 1500 vero

190 1521 374 1564 negotium
412 1532 483 1554 non
518 1523 591 1554 tam
628 1520 795 1555 celeriter
830 1520 1060 1561 conficietur,
1097 1524 1132 1555 et
1168 1522 1311 1554 comitia
1346 1520 1446 1555 breui
1482 1520 1740 1565 expedientur,
1777 1523 1966 1564 totumque

192 1574 422 1609 tractationis
457 1574 596 1619 pondus
630 1585 740 1619 penes
775 1573 1128 1608 Reuerendissimum
1161 1574 1343 1611 Nuncium
1377 1574 1548 1615 manebit,
1583 1585 1604 1608 a
1629 1585 1698 1618 quo
1734 1574 1773 1608 P.
1802 1573 1969 1608 Canisius

193 1628 317 1674 procul
351 1628 467 1661 aberit
498 1628 705 1662 discedente
733 1627 989 1662 Jllustrissimo
1017 1627 1217 1669 Cardinale,
1257 1628 1382 1662 videat
1407 1628 1448 1662 R.
1467 1627 1506 1662 P.
1527 1627 1570 1662 V.
1590 1628 1674 1671 quid
1701 1639 1765 1672 per
1798 1638 1855 1660 me
1891 1627 1968 1661 fieri

194 1682 397 1717 velit-nam
423 1681 501 1715 siue
528 1681 728 1724 Collegium
765 1681 1045 1715 dissuadendum
1082 1681 1201 1722 fuerit,
1238 1681 1315 1715 siue
1341 1681 1470 1716 Scotus
1497 1681 1628 1725 aliquis
1664 1680 1967 1715 commendandus

189 1738 226 1769 et
264 1734 539 1779 promouendus,
580 1734 614 1768 id
645 1734 979 1769 Reuerendissimus
1017 1734 1180 1768 Nuncius
1219 1734 1360 1769 curabit
1398 1734 1608 1778 diligenter,
1647 1734 1740 1778 quod
1780 1744 1827 1768 ex
1865 1736 1968 1778 parte

192 1789 230 1824 P.
249 1789 293 1822 V.
314 1788 366 1821 illi
393 1787 527 1822 dictum
555 1787 682 1821 fuerit⁴‘
718 1787 778 1830 (ex
806 1790 966 1832 autogr.;
995 1788 1115 1822 Germ.
1138 1788 1203 1822 137
1231 1788 1254 1821 f.
1278 1788 1389 1828 182³).

308 1842 339 1875 2.
360 1840 459 1882 Quae
487 1841 654 1876 0311131113
680 1841 716 1874 111
753 1841 810 1875 1113
844 1840 978 1875 litteris
1005 1841 1097 1875 dixit
1123 1841 1165 1875 de
1191 1841 1363 1886 periculis
1398 1840 1647 1884 molestiisque
1674 1852 1720 1874 ex
1746 1839 1864 1874 aulica
1890 1839 1968 1873 vita

190 1896 225 1929 in
253 1895 470 1929 Societatem
498 1894 739 1936 manantibus,
776 1895 808 1928 ei
845 1906 889 1928 ex
927 1897 1028 1939 parte
1064 1894 1193 1928 saltem
1221 1897 1398 1939 suggesta
1430 1906 1509 1928 esse
1547 1894 1716 1928 videntur
1742 1905 1762 1927 a
1789 1893 1827 1928 P.
1847 1894 1967 1928 Fran-

187 1951 279 1982 cisco
314 1950 471 1982 Antonio
504 1948 643 1982 Mariae
681 1948 923 1992 imperatricis
959 1948 1223 1989 contionatore,
1264 1960 1417 1992 quocum
1454 1947 1673 1982 Ratisbonae
1712 1947 1870 1981 vivebat.
1931 1946 1966 1980 Is

187 2002 282 2036 enim
310 2002 379 2035 13111
409 2001 463 2036 18.
484 2001 669 2035 Februarii
699 2002 789 2036 1576
822 2013 843 2035 3
870 2002 1096 2036 Mercuriano
1134 2002 1338 2046 praeposito
1373 2001 1534 2045 generali
1561 2000 1754 2046 *petierat,
1792 2003 1832 2034 ut
1858 2011 1896 2034 se
1932 2000 1967 2033 111

188 2056 311 2090 11111133
343 2055 516 2095 mitteret,
544 2055 602 2089 vel
628 2055 759 2089 saltem
791 2055 856 2098 „ad
882 2058 1058 2089 remotam
1085 2056 1265 2099 quandam
1295 2055 1523 2089 Probationis
1558 2054 1713 2095 domum,
1752 2054 1968 2098 vbicumque

187 2109 350 2150 fuisset“,
386 2109 555 2143 secedere
590 2108 737 2148 sineret,
779 2109 831 2150 „in
860 2119 931 2152 qua
957 2108 1098 2143 cunctis
1123 2109 1279 2152 ignotus,
1317 2109 1384 2143 soli
1410 2108 1485 2142 Deo
1512 2110 1547 2142 et
1584 2107 1762 2152 profectui
1788 2106 1969 2152 spirituali

186 2174 319 2197 vacare
345 2163 503 2207 posseff.
554 2162 691 2196 Deinde
716 2162 928 2196 Vindobona
955 2162 1011 2197 30.
1032 2162 1166 2207 Aprilis
1187 2163 1279 2196 1576
1298 2163 1413 2196 01110111
1439 2162 1632 2206 *scripsitz
1665 2161 1754 2204 „Per
1779 2160 1814 2195 la
1832 2160 1969 2204 lungha

187 2216 405 2261 experienza
441 2228 619 2259 cognosco
658 2227 757 2250 esser
793 2215 1113 2261 expedientissimo
1148 2216 1221 2250 alla
1257 2216 1490 2261 Compagnia,
1526 2216 1592 2250 che
1627 2227 1782 2249 nessuno
1817 2215 1852 2248 di
1888 2225 1970 2248 essa

185 2270 319 2313 segniti
346 2270 381 2303 la
408 2272 506 2303 corte
533 2270 567 2303 di
594 2281 728 2304 nessun
749 2269 926 2314 Principe,
954 2281 997 2303 ne
1026 2269 1170 2304 Prelato
1197 2281 1262 2303 con
1282 2270 1480 2303 ministerio
1498 2269 1725 2314 particolare,
1751 2267 1821 2302 nisi
1847 2268 1969 2302 forsan

186 2323 231 2357 ad
257 2323 512 2358 breuissimum
547 2326 691 2368 teinpus
718 2324 825 2357 vnius
861 2322 920 2356 vel
956 2323 1106 2357 duorum
1140 2323 1327 2364 mensium,
1360 2323 1472 2367 jdque
1499 2323 1683 2356 rarissime
1710 2322 1785 2362 fiat,
1812 2333 1875 2366 per
1901 2320 1968 2355 che

185 2388 271 2421 pare
298 2376 363 2411 che
390 2376 472 2411 dall’
499 2388 546 2410 vn
566 2381 671 2411 canto
698 2376 724 2410 s’
746 2379 764 2410 e
784 2377 877 2410 satta
897 2377 955 2410 via
974 2376 1165 2416 ordinaria,
1193 2380 1227 2410 et
1247 2388 1315 2410 non
1343 2376 1371 2410 c'
1392 2379 1410 2410 e
1429 2387 1594 2415 vescouo,
1621 2387 1664 2409 110
1684 2374 1968 2410 Ambasciatore.

185 2441 230 2464 ne
257 2431 380 2474 signor
416 2429 643 2474 particolare,
680 2429 746 2463 che
783 2441 851 2463 non
879 2429 976 2473 vogli
1013 2429 1135 2463 hauer'
1164 2429 1281 2464 alcuni
1318 2428 1411 2463 della
1446 2429 1659 2473 comp-<ignia
1684 2439 1786 2462 seco:
1823 2431 1859 2461 et
1885 2426 1968 2461 dall’

185 2483 279 2517 altro
315 2485 456 2523 canto‘,
493 2483 647 2527 quodam
685 2483 788 2517 modo
825 2488 929 2526 porta
968 2483 1128 2527 aperitur
1162 2483 1367 2522 ambitioni;
1410 2494 1492 2527 „per
1517 2484 1583 2516 che
1618 2493 1687 2515 non
1722 2492 1896 2515 mancano
1934 2480 1969 2514 di

185 2536 297 2579 quelli
324 2536 377 2570 ch'
395 2537 554 2581 339111110
582 2548 602 2570 3
628 2536 692 2570 tali
730 2536 889 2570 missioni
927 2538 964 2570 et
990 2536 1180 2581 ministerij
1217 2547 1364 2580 api-esso
1392 2535 1548 2580 Principi
1565 2535 1622 2569 ·di
1649 2535 1739 2569 doue
1774 2534 1829 2579 poj
1867 2533 1969 2568 risul-

185 2596 271 2623 tano
290 2589 374 2623 altri
394 2591 520 2633 grandi
537 2590 827 2635 jnconuenienti·
841 2589 861 2623 l'
883 2601 952 2623 vno
971 2589 1036 2623 che
1055 2589 1082 2623 s’
1098 2589 1263 2633 aequista
1282 2593 1381 2624 certa
1399 2590 1527 2623 liberta
1545 2589 1604 2622 nel
1624 2589 1736 2629 viuer,
1755 2599 1824 2622 non
1843 2590 1970 2632 troppo

185 2644 369 2677 conforme
397 2644 467 2678 alle
502 2650 624 2677 nostre
652 2643 773 2686 regole
801 2643 895 2677 della
931 2643 1198 2687 compagnia·l’
1215 2643 1317 2683 altro,
1344 2643 1398 2677 ch’
1418 2642 1537 2677 alcuni
1563 2641 1723 2686 soggetti
1757 2642 1786 2675 si
1814 2641 1970 2686 perdono

188 2708 256 2729 non
284 2707 392 2730 senza
419 2697 538 2731 danno
563 2697 657 2731 della
685 2697 918 2742 compagnia:
946 2696 967 2730 l'
984 2697 1077 2730 altro
1104 2697 1169 2730 che
1201 2697 1331 2731 stando
1357 2696 1442 2730 nelli
1469 2695 1623 2740 collegij.
1650 2706 1841 2730 occorrono
1868 2693 1969 2728 molti

184 2749 360 2793 dispar-eri
388 2752 445 2783 tra
472 2751 546 2783 loro
574 2754 609 2784 et
635 2750 660 2784 li
687 2750 922 2795 superiori-l‘
939 2750 1040 2791 altro,
1068 2749 1135 2783 che
1162 2749 1384 2793 bisognando
1414 2762 1477 2794 per
1504 2749 1527 2782 li
1554 2749 1628 2783 loro
1655 2747 1857 2793 ministerij,
1884 2758 1970 2781 vsar

184 2802 312 2836 alcune
347 2803 573 2846 singolarita.
609 2815 677 2837 non
705 2804 734 2837 si
772 2806 840 2847 puo
876 2803 953 2838 fare
988 2804 1066 2837 sine
1101 2803 1272 2837 scandalo
1309 2802 1585 2848 pusillorum-l'
1602 2802 1705 2843 altro,
1741 2801 1807 2835 che
1833 2801 1864 2835 31
1890 2800 1970 2835 31101

186 2856 263 2889 fare
291 2867 377 2899 pwco
405 2857 520 2890 frutto
546 2857 747 2901 spirituale,
777 2860 812 2891 et
830 2857 930 2890 molti
951 2856 1124 2901 9311311110
1151 2856 1246 2890 della
1271 2857 1497 2901 compagnia,
1524 2856 1650 2890 dicono
1676 2855 1781 2896 male,
1808 2853 1969 2888 vedendo

184 2908 251 2942 che
288 2909 312 2942 li
350 2910 461 2943 nostri
499 2910 628 2944 stando
663 2922 811 2954 apresso
839 2922 859 2944 a
895 2910 959 2944 tali
995 2910 1224 2955 personaggi,
1261 2913 1497 2954 permettono,
1534 2912 1553 2943 ὸ
1580 2908 1815 2943 dissimulano
1851 2907 1969 2942 alcuni

184 2962 288 3048 agusi
315 2963 476 3003 notabili,
512 2975 574 3007 per
601 2963 746 3006 goderci
782 2963 902 3007 quella
938 2963 1068 2997 liberta
1095 2965 1130 2996 et
1166 2962 1310 3004 honore,
1344 2963 1432 2998 01;0.“ι
1465 2962 1527 3005 (ex
1553 2961 1809 3007 autographis;
1849 2960 1970 2995 Germ.

188 3017 200 3048 1
236 3016 255 3049 7
283 3016 306 3049 f.
329 3016 388 3050 15¹·
415 3016 507 3060 36¹³).

309 3126 319 3146 ¹
346 3126 586 3171 Marquardus
612 3138 632 3161 a
659 3127 765 3170 Berg.
913 3126 927 3146 ⁹
953 3126 1121 3161 Ioannem
1150 3124 1382 3170 Delphinum.
