2051 3433
205 176 289 218 502
330 173 434 208 2041.
463 172 626 207 Canisius
654 173 836 207 Everardo
863 173 1100 208 Mercuriano.
1139 173 1305 216 Augusta
1324 172 1589 208 Vindelicorum
1617 175 1648 209 7.
1667 175 1753 209 Maii
1783 176 1884 211 1579.

204 290 427 336 aspernanda
463 291 675 335 praesertim
711 302 773 335 pro
809 291 885 325 eius
921 292 1103 336 paucitate
1139 294 1175 325 et
1209 291 1478 336 inopia-eoque
1513 293 1732 327 commodius
1767 294 1904 328 factum
1929 294 1973 329 iri

203 355 402 389 speramus,
439 343 533 388 quod
560 344 636 388 ipse
672 355 716 378 ne
743 343 941 378 Germanos
968 345 1109 388 quidem
1143 344 1210 378 sibi
1238 345 1363 379 deesse
1399 345 1611 380 affirmabat.
1664 345 1781 387 Quare
1807 349 1974 392 respondi

204 409 260 431 me
286 396 537 431 Reuerentiam
566 396 608 431 V.
628 397 905 439 admoniturum,
941 409 1032 442 quae
1060 398 1103 431 ad
1142 397 1241 431 illum
1277 398 1412 432 scribet
1437 399 1522 442 quid
1550 411 1639 443 opus
1664 399 1797 434 habeat
1831 404 1867 434 et
1893 413 1973 435 cum

203 450 265 485 illo
292 450 491 490 conueniet,
527 452 614 494 quot
649 450 748 491 uelit,
784 454 820 484 et
852 462 952 495 quos.
1003 451 1078 495 Ego
1106 451 1200 484 enim
1226 462 1300 485 rem
1329 454 1489 485 uestrum
1515 453 1658 497 utrique
1693 453 1881 497 permitt0“
1915 458 1976 496 (ex

203 515 350 544 comm.;
378 503 445 538 Rh.
467 504 532 537 lnf.
556 505 585 545 1,
616 504 645 537 ΙΙ
671 504 696 537 f.
715 504 805 547 31²³).

206 604 360 640 2041.
443 605 661 641 CANISIUS
688 604 1071 642 EVERARDO
1101 605 1556 643 RIERCURIANO
1586 610 1790 653 praeposito
1816 609 1975 654 generali

397 658 588 693 societatis
615 660 706 694 Iesu.
1179 663 1344 704 Augusta
1363 660 1630 695 Vindelicorum
1660 663 1691 696 7.
1712 662 1797 696 Maii
1828 664 1927 698 1579.

325 724 378 758 Ex
406 724 662 758 commentario
688 724 891 758 litterarum
919 724 1155 764 Mercuriani;
1184 724 1338 759 Rh.1nf.
1361 726 1390 767 1,
1418 726 1451 759 I[
1478 726 1502 760 f.
1523 726 1594 760 312².

324 786 377 818 De
409 785 442 819 P.
464 785 631 827 Illenye'no
662 786 848 818 Guilielim'
875 786 1056 819 Bavariae
1075 786 1260 828 principis
1286 787 1516 829 confessario.

325 856 630 898 Mercurianus
670 859 714 898 in
753 857 1059 912 „Postscripto“
1095 859 1332 899 litterarum
1370 859 1503 900 Roma
1544 862 1585 902 2.
1620 860 1739 901 lunii
1771 862 1887 902 1579
1922 862 1979 902 ad

208 921 429 963 Canisium
454 923 680 964 datarum:
716 924 827 974 „His
848 924 1058 978 scriptis“‚
1094 925 1244 978 inquit,
1282 926 1544 978 „accepimus
1567 927 1677 966 alias
1701 926 1979 968 Reuereiztz'ae

208 987 251 1029 V.
275 988 439 1028 litteras
463 988 504 1027 ‘7⁰
527 988 642 1042 Μαί)
661 987 885 1042 scriptas“.
933 989 1048 1040 Quid
1081 994 1216 1030 autem
1244 990 1444 1031 Canisius
1467 996 1564 1031 tunc
1591 992 1641 1032 de
1665 991 1863 1044 Meizyiuo
1887 1006 1978 1032 cou-

202 1053 388 1106 fessario
413 1053 632 1095 Guilielmz·
659 1055 872 1109 principis
896 1059 931 1095 et
953 1056 1144 1096 Renatae
1167 1056 1314 1096 uxoris
1338 1057 1428 1096 eius
1455 1056 1727 1097 Meroen-iano
1751 1058 1979 1110 scripserit,

206 1119 301 1159 vide
323 1120 368 1159 in
395 1118 704 1173 „Postscriptffl
732 1120 816 1172 fillo,
843 1120 963 1172 iufra
987 1135 1049 1174 ep.
1074 1122 1218 1172 2042,-
1249 1135 1346 1161 nam
1374 1121 1541 1162 Cameli
1562 1123 1725 1163 litterae
1742 1125 1978 1176 perierunt.

206 1184 352 1238 Neque
392 1183 610 1225 dubitari·
622 1190 766 1239 potest,
809 1187 911 1240 quin
948 1186 1149 1227 Canisius
1191 1187 1233 1226 'in
1281 1187 1429 1226 iisdem
1472 1188 1623 1228 litteris
1657 1187 1978 1229 llIereuriammn

208 1251 422 1290 certiorem
466 1249 628 1303 fecerit,
677 1253 766 1292 eius
807 1253 1029 1305 epistulam
1073 1253 1112 1292 4.
1147 1251 1382 1293 Februarii
1424 1251 1567 1293 datam
1607 1253 1756 1306 (quam
1792 1267 1822 1294 e.
1848 1267 1980 1308 supra

202 1329 245 1369 p.
279 1315 401 1368 494),
445 1330 529 1370 qua
563 1316 788 1358 Guilielmo
831 1317 1080 1372 Illenyimcm
1120 1318 1166 1358 in
1206 1322 1415 1372 posterum
1463 1332 1633 1372 quoqne,
1679 1319 1796 1359 salva
1842 1324 1978 1360 tamen

207 1381 426 1422 Societatis
460 1382 690 1436 disciplina
734 1383 942 1436 reliqiosa,
988 1383 1235 1424 concedebat
1276 1382 1597 1436 confessarium,
1635 1384 1826 1439 principi
1861 1385 1923 1426 ille?
1955 1398 1979 1424 a

207 1461 250 1488 se
282 1447 488 1487 traditam
521 1452 558 1489 et
592 1448 814 1503 diliqemer
846 1449 1096 1502 explicatam
1122 1462 1206 1489 esse
1238 1447 1313 1500 (cf.
1340 1463 1473 1503 supra
1502 1463 1544 1503 p.
1571 1448 1693 1501 498),
1728 1454 1851 1504 atque
1874 1449 1980 1490 Gui-

206 1512 391 1553 Zielmum
428 1514 564 1566 ipsum
599 1513 656 1553 ad
689 1527 779 1554 eam
812 1515 1117 1568 rescripturum
1153 1517 1279 1555 esse.¹

332 1593 518 1626 Guilielmi
552 1592 721 1628 *litteras
755 1593 814 1628 hic
848 1606 939 1638 pono
969 1594 1030 1637 (ex
1056 1594 1263 1638 archetypo,
1300 1593 1481 1629 Guilielmi
1510 1605 1617 1627 manu
1642 1594 1856 1639 subscriptO,
1892 1593 1982 1639 Epp.

209 1643 290 1678 Ext.
311 1645 356 1679 28
392 1646 687 1691 f.1622-163¹>)‚
723 1648 807 1691 quia
842 1660 887 1682 ex
923 1648 983 1688 iis,
1019 1648 1104 1691 quid
1141 1647 1306 1682 Canisius
1342 1648 1435 1692 apud
1471 1659 1551 1681 eum
1591 1647 1758 1689 effecerit,
1794 1647 1879 1691 quid
1914 1659 1983 1681 non

209 1698 379 1740 effecerit,
406 1703 557 1745 apparet
585 1700 648 1744 (cf.
668 1701 775 1735 etiam
805 1702 925 1745 Deder,
953 1702 1026 1735 Jes.
1046 1713 1091 1735 an
1118 1700 1307 1736 Furstenh.
1330 1701 1426 1744 121).

662 1765 889 1801 Guilhelmus
915 1766 980 1800 Dei
1007 1766 1124 1810 gratia
1152 1766 1279 1801 Comes
1305 1766 1505 1807 Palatinus,

663 1820 777 1854 Rheni
804 1820 993 1864 vtriusque
1018 1820 1195 1854 Bauariae
1221 1820 1315 1855 Dux.
1343 1823 1410 1854 etc.

329 1884 488 1919 Salutem
515 1887 551 1918 et
577 1885 863 1920 beneuolentiam
890 1889 1051 1920 nostram
1077 1886 1267 1920 admodum
1287 1885 1497 1920 Reuerende
1524 1886 1558 1919 in
1587 1885 1730 1920 Christo
1750 1887 1852 1930 pater
1879 1884 1980 1919 nobis

208 1937 349 1972 sincere
367 1937 509 1972 dilecte.
545 1939 685 1973 Literas
704 1939 936 1984 paternitatis
954 1942 1050 1980 tuae,
1077 1942 1206 1984 quarto
1225 1939 1361 1973 Mensis
1389 1939 1573 1984 Februarij
1592 1939 1748 1984 scriptas
1766 1938 1982 1983 accepimus,

210 2003 255 2025 ex
282 1991 411 2035 quibus
446 1994 546 2026 tuam
581 2004 668 2036 erga
707 2004 771 2027 nos
796 1985 1094 2028 'beneuolentiam
1130 1993 1311 2037 animique
1347 1993 1536 2027 candorem
1574 1993 1664 2027 satis
1699 2003 1879 2037 superque
1906 2003 1983 2036 per-

209 2045 469 2089 speximus-in
503 2045 571 2080 hoc
603 2048 723 2080 autem
762 2047 991 2091 potissimum
1026 2047 1120 2091 quod
1148 2046 1464 2081 Serenissimorum
1501 2047 1716 2091 parentum²
1749 2057 1790 2080 ac
1825 2048 1984 2080 nostram

209 2098 419 2143 petitionem
447 2099 573 2134 lubens
600 2101 835 2135 concesseris.

335 2221 341 2238 '
370 2218 510 2259 Nescio,
539 2231 621 2253 num
642 2220 809 2255 Canisius
829 2219 1020 2255 Guilielmo
1048 2219 1143 2254 illam
1165 2231 1305 2264 quoque
1331 2219 1521 2254 tradiderit
1546 2218 1776 2263 *epistulam
1805 2230 1875 2263 qua
1894 2220 1986 2253 Mer-

210 2273 382 2305 carianus
408 2272 521 2306 Roma
547 2273 578 2307 8.
607 2274 742 2318 Aprilis
772 2274 861 2308 1579
898 2274 940 2307 ad
977 2273 1074 2307 illius
1110 2273 1251 2307 litteras
1276 2274 1308 2307 4.
1330 2273 1451 2307 Martii
1480 2273 1570 2307 1579
1607 2273 1711 2306 datas
1738 2292 1782 2296 —
1809 2283 1871 2307 eas
1911 2274 1987 2314 „sat

210 2325 401 2360 insuaues“
434 2330 550 2367 vocat,
578 2327 728 2361 Hoffaeo
748 2328 803 2362 31.
822 2327 946 2361 Martii
973 2326 1159 2361 *scribens
1179 2347 1221 2350 —
1249 2326 1507 2371 1·espondebat;
1544 2326 1579 2360 in
1606 2337 1677 2370 qua
1712 2325 1810 2366 llaec,
1846 2329 1989 2370 praeter

211 2378 292 2418 alia,
320 2380 548 2423 proferebat:
580 2380 676 2423 „Hoc
703 2392 873 2425 rogamus
901 2383 937 2414 et
963 2381 1193 2414 obsecramus
1220 2392 1283 2425 per
1300 2381 1388 2414 Jesu
1408 2379 1540 2414 Christi
1569 2380 1720 2420 uiscera,
1748 2382 1785 2413 et
1810 2378 1988 2423 perillam

211 2432 326 2477 ipsam
346 2433 546 2473 caritatem,
568 2437 604 2467 et
621 2434 849 2468 clementiam
868 2445 975 2478 quam
991 2434 1028 2467 C.
1044 2434 1175 2467 Vestra
1195 2445 1280 2477 erga
1299 2445 1363 2467 nos
1382 2433 1581 2478 profitetur,
1601 2435 1641 2466 ut
1654 2444 1719 2466 nos
1737 2433 1896 2477 patiatur
1911 2443 1989 2465 eam

212 2485 386 2520 rationem
415 2486 450 2520 in
470 2486 507 2521 C.
528 2487 682 2522 Vestrae
708 2487 880 2532 obsequio
899 2487 1119 2530 seruitioque
1146 2490 1280 2527 tenere,
1308 2498 1399 2530 quae
1422 2498 1491 2520 non
1518 2486 1731 2530 professioni
1752 2487 1897 2519 nostrae
1916 2486 1989 2518 uoti
2050 2522 2051 2531 ἵ

211 2542 438 2574 sacramento
457 2540 621 2574 firmatae
639 2542 784 2586 penitus
801 2543 980 2585 repugnet
994 2543 1103 2584 atque
1118 2540 1341 2574 aduersetur.
1369 2538 1468 2580 Quod
1484 2542 1521 2573 et
1538 2538 1756 2582 generaliter
1770 2538 1813 2572 de
1827 2537 1991 2571 omnibus

213 2595 248 2626 et
274 2594 484 2627 nominatim
514 2594 555 2627 de
576 2595 614 2628 P.
632 2595 817 2628 Dominico
843 2594 1101 2639 supplicamus,
1129 2594 1172 2627 de
1199 2604 1268 2637 quo
1291 2593 1392 2627 nobis
1411 2605 1479 2626 uon
1500 2604 1545 2626 ex
1564 2604 1644 2632 una,
1672 2592 1735 2626 sed
1755 2602 1799 2625 ex
1818 2590 1991 2636 pluribus,

213 2650 250 2680 et
275 2647 488 2681 certissimis
515 2648 585 2693 uijs
604 2650 742 2682 certum
762 2651 870 2692 atque
896 2647 1122 2692 exploratum
1143 2649 1208 2686 est,
1237 2658 1305 2690 quo
1324 2647 1439 2680 rarius
1468 2648 1571 2679 extra
1591 2644 1745 2689 Collegij
1766 2643 1990 2688 disciplinam

212 2701 335 2742 fuerit,
372 2712 412 2734 eo
448 2702 572 2735 maiori
601 2713 681 2735 cum
709 2701 806 2735 illius
834 2702 871 2735 O.
896 2701 1136 2735 emolumento
1172 2700 1346 2733 futurum.
1398 2700 1531 2743 ,Itaque
1567 2710 1635 2733 non
1662 2698 1887 2743 impedimus,
1923 2708 1992 2740 quo

213 2753 332 2787 minus
358 2753 389 2787 is
416 2765 560 2798 operam
588 2755 626 2789 C.
655 2755 809 2789 Vestrae
836 2754 1032 2799 impendat.
1068 2757 1131 2787 aut
1165 2753 1264 2787 illius
1300 2752 1550 2797 spiritualibus
1586 2752 1782 2786 commodis
1808 2751 1992 2787 inseruiat.

213 2807 305 2850 quod
327 2806 428 2841 nobis
446 2810 502 2841 est
520 2809 779 2851 gratissimum,
799 2810 835 2842 et
853 2807 1170 2842 iucundissimum:
1199 2818 1323 2840 uerum
1342 2807 1371 2840 si
1393 2806 1430 2840 C.
1446 2805 1577 2839 Vestra
1597 2804 1693 2839 illius
1711 2804 1866 2838 salutem
1886 2805 1992 2841 amat,

213 2861 243 2894 si
280 2863 439 2895 nostram
476 2861 549 2895 ulla
583 2861 619 2895 in
655 2874 692 2895 re
727 2861 1014 2895 satisfactionem
1049 2872 1206 2904 unquam
1233 2859 1396 2904 expetijt,
1433 2871 1576 2893 oramus
1603 2862 1639 2892 et
1672 2858 1839 2903 petimus,
1877 2861 1918 2890 ut
1943 2857 1993 2890 ita

213 2914 291 2948 eius
318 2926 425 2958 opera
451 2917 586 2955 utatur,
613 2918 653 2949 ut
679 2916 735 2949 uel
764 2915 814 2949 illi
842 2915 981 2956 damno,
1008 2914 1067 2948 uel
1094 2913 1176 2957 alijs
1202 2913 1388 2947 offensioni
1416 2917 1453 2946 et
1478 2911 1648 2946 scandalo
1676 2923 1754 2945 esse
1774 2922 1841 2944 non
1869 2909 1993 2954 possit.

217 2967 292 3001 Hoc
317 2969 419 3003 nobis
445 2968 657 3003 beneficium
677 2969 903 3003 carissimum
923 2968 1074 3007 accidet,
1101 2970 1137 3000 et
1155 2969 1257 3000 tanto
1277 2966 1396 3000 carius
1416 2977 1522 3008 quam
1543 2965 1682 3009 reliqua
1701 2965 1819 2998 onmia
1839 2966 1994 3008 praeter—

215 3021 266 3055 ita
303 3021 475 3056 beneficia
510 3026 645 3065 quanto
680 3022 883 3067 spiritualia
918 3020 1177 3066 temporalibus
1213 3020 1445 3059 antecellunt,
1482 3022 1517 3052 et
1545 3022 1732 3063 praeterea
1759 3017 1854 3062 apud
1881 3016 1995 3050 Deum

217 3074 421 3109 Creatorem
449 3086 490 3109 ac
516 3075 706 3109 Dominum
734 3079 895 3109 nostrum
923 3086 987 3120 pro
1014 3086 1054 3107 eo
1081 3073 1205 3117 quanti
1233 3072 1422 3116 religiosas
1449 3083 1572 3106 omnes
1598 3070 1908 3115 congregationes,
1943 3071 1996 3102 at-

216 3139 285 3172 que
305 3128 396 3162 inter
415 3127 505 3162 alias
524 3129 633 3162 etiam
653 3128 868 3163 Societatem
889 3128 980 3162 hanc
999 3129 1157 3161 nostram
1178 3129 1286 3167 amat,
1314 3128 1350 3159 et
1368 3127 1502 3166 tuetur,
1529 3125 1677 3158 maximi
1696 3123 1816 3157 meriti
1834 3123 1996 3156 futurum

217 3181 374 3215 confido“
408 3181 469 3224 (ex
496 3182 784 3222 comme1itariis;
815 3182 879 3216 uh.
899 3182 964 3215 lnf.
989 3183 1017 3222 1,
1046 3180 1079 3213 ΙΙ
1106 3180 1130 3214 f.
1149 3179 1225 3221 20).
1350 3178 1362 3199 2
1390 3179 1528 3213 Alberti
1549 3178 1590 3213 V.
1610 3177 1712 3211 ducis
1739 3179 1773 3210 et
1802 3177 1938 3209 Annae.
