2051 3433
238 169 323 210 324
752 167 853 201 1945.
883 166 920 202 Ρ.
942 166 1156 201 Laurentius
1182 166 1308 201 Surius
1335 166 1489 201 Canisio.

237 283 326 318 satis
353 282 582 327 perpendere.
634 282 822 317 Faciemus
848 285 979 324 autem,
1007 295 1087 318 cum
1115 283 1269 328 primum
1294 284 1490 327 poterimus
1519 295 1581 328 per
1608 284 1719 318 otium
1746 296 1787 319 ac
1813 285 2006 329 diligenter

237 336 444 381 responderi
471 336 711 370 curabimus“.
763 336 876 371 Roma
904 337 1025 381 itaque
1055 337 1108 370 ll.
1129 337 1215 370 Maii
1244 337 1348 371 1576.

357 391 611 424 Meroen-ianus
630 389 777 424 Hoffaeo
804 389 992 435 *scripsit:
1021 390 1174 425 Senatus
1200 390 1307 424 aulici
1334 390 1467 425 litteris
1493 390 1608 432 lectis,
1640 392 1897 433 „animaduerti
1923 392 2005 426 vlti-

236 455 331 478 mam
357 443 613 477 transactionis
633 443 870 478 conditionem
890 456 994 478 secus
1013 456 1033 478 a
1052 456 1107 478 me
1134 446 1320 488 acceptam
1347 456 1454 488 quam
1474 455 1495 478 a
1515 444 1587 479 DD.
1607 445 1747 479 Aulicis
1774 447 1836 479 aut
1854 445 2006 490 primum

236 497 421 542 proposita
455 499 518 530 aut
550 499 645 530 certe
680 498 813 542 scripto
848 500 929 543 post
965 498 1145 543 explicata
1181 499 1287 531 esset.
1339 497 1464 542 Neque
1497 499 1591 532 enim
1626 499 1757 543 requiri
1785 511 1806 533 a
1840 499 1942 534 nobis
1968 501 2009 533 vt

236 562 322 585 suae
350 550 562 584 Celsitudini
596 550 831 596 subijciaxnur
865 551 918 586 sic
944 556 985 585 vt
1019 554 1144 585 contra
1170 551 1359 585 Rectorem
1387 551 1463 596 ipse
1499 552 1574 586 iure
1603 552 1777 597 appellari
1804 553 1920 598 possit
1944 552 2007 586 sed

236 606 377 638 tantum
405 606 445 637 vt
483 604 513 638 si
540 604 682 647 quando
709 605 936 649 contingeret
961 605 996 639 in
1023 605 1212 639 lectionib:
1239 605 1373 639 nostris
1398 605 1533 649 aliquid
1560 605 1779 651 desyderari,
1805 618 1921 650 neque
1949 606 2008 640 So-

236 658 379 692 cietatis
406 658 538 691 Rector
573 657 776 692 admonitus
811 659 1040 693 satisfaceret
1072 658 1198 693 liceret
1229 670 1304 692 rem
1332 658 1376 692 ad
1402 659 1672 693 serenissimum
1700 661 1824 694 ducem
1861 662 1923 694 aut
1950 670 2009 704 pa-

236 714 359 746 tronos
385 711 601 745 Academiae
637 712 782 746 referre.
835 712 934 754 Quod
971 713 1055 757 quia
1081 712 1187 757 plane
1223 724 1376 756 aequum
1412 712 1675 756 honestumque
1703 715 1759 748 est
1793 725 1908 757 neque
1935 713 2009 747 vlla

236 766 374 799 ratione
401 765 597 799 abhorrens
624 777 644 799 a
669 765 856 800 societatis
888 768 1032 800 nostrae
1059 766 1238 807 libertate,
1272 766 1466 810 probamus
1492 778 1535 800 ac
1570 766 1725 801 libenter
1760 766 2011 812 amplectimur

236 820 332 853 sicut
358 821 394 853 et
421 821 584 853 caeteras
609 820 866 854 transactionis
893 820 1128 854 conditiones.
1179 819 1280 861 Quod
1307 820 1439 854 attinet
1465 820 1509 854 ad
1537 819 1728 863 collegium
1755 820 2010 855 Monachiense

236 872 357 917 placet
383 875 423 906 vt
449 873 484 906 in
511 884 551 906 eo
588 873 833 907 catechismus
859 873 1042 915 doceatur,
1078 876 1120 907 vt
1146 873 1180 906 id
1208 873 1350 917 publico
1378 873 1572 918 diplomate
1599 877 1782 915 caueatur,
1817 886 1887 907 non
1914 873 2011 914 item,

235 926 404 970 quoniam
440 926 476 960 id
508 926 667 960 instituti
699 926 812 960 nostri
848 926 1066 961 ordinarium
1102 937 1233 960 munus
1260 929 1326 967 est,
1363 927 1485 971 qualia
1511 939 1603 971 quae
1629 930 1725 969 sunt,
1760 939 1829 961 non
1856 930 1941 962 sunt
1967 927 2012 962 ad

237 979 422 1024 pactiones
449 980 662 1014 reuocanda.
713 979 766 1014 De
793 981 951 1015 docendo
977 984 1098 1015 autem
1127 980 1346 1014 Dialecticae
1375 981 1584 1026 compendio
1610 981 1698 1015 nihil
1726 993 1886 1026 repugno
1906 981 2012 1025 idque

236 1033 273 1067 in
300 1032 425 1078 optimi
451 1033 624 1078 principis
643 1034 836 1077 gratiam“.
881 1035 1003 1078 Atque
1020 1035 1109 1069 haec
1128 1034 1273 1079 quidem
1293 1036 1550 1069 Morem-ianus
1575 1035 1611 1068 in
1631 1035 1709 1080 ipsa
1727 1035 1885 1080 epistula
1904 1035 2012 1076 dixit;

241 1085 298 1129 „in
334 1086 533 1121 *schedula
568 1089 757 1132 separata“
789 1097 875 1122 vero
911 1088 1010 1129 haec,
1049 1091 1194 1133 praeter
1229 1089 1311 1129 alla,
1348 1088 1505 1123 addidit:
1553 1087 1820 1131 „Conditionem
1847 1088 2013 1122 vltimam

236 1139 538 1183 Jngolstadianae
564 1142 821 1176 transactionis
847 1142 916 1176 etsi
944 1143 1080 1187 accipio
1107 1143 1149 1176 vt
1174 1142 1405 1176 Dominorum
1431 1142 1641 1176 Aulicorum
1668 1142 1802 1187 scripto
1830 1142 2014 1187 explicata

234 1196 303 1235 est,
339 1193 448 1227 velim
481 1196 602 1228 tamen
632 1195 684 1229 sic
719 1195 991 1240 exprimendam
1027 1207 1131 1230 cures
1158 1198 1199 1230 vt
1233 1208 1276 1230 ne
1312 1195 1539 1230 Academicis
1574 1207 1663 1230 ansa
1699 1195 1915 1240 praebeatur
1948 1206 2014 1230 nos

236 1247 395 1281 vexandi
422 1248 456 1281 in
485 1250 668 1293 posterum
698 1249 793 1283 sicut
819 1249 973 1284 antehac
1007 1249 1104 1284 soliti
1131 1252 1226 1290 sunt,
1261 1249 1293 1283 si
1328 1251 1475 1294 propter
1501 1249 1598 1294 ipsos
1625 1260 1694 1283 non
1730 1249 1846 1294 possit
1870 1249 2014 1283 omnino

233 1300 332 1334 tolli“
372 1300 433 1343 (ex
469 1303 738 1336 commentariis
773 1315 793 1337 a
829 1303 1028 1338 Possevino
1065 1303 1257 1338 Societatis
1292 1303 1486 1337 secretario
1534 1302 1745 1337 emendatis.
1807 1302 1849 1337 G.
1876 1302 1962 1348 Sup.
1995 1303 2011 1336 1

235 1353 260 1388 f.
280 1354 483 1397 412-432).
534 1355 671 1390 Deinde
706 1356 820 1390 Roma
846 1358 878 1391 9.
899 1357 991 1391 Iunii
1020 1357 1109 1392 1576
1137 1358 1395 1391 ineram-ianus
1430 1356 1627 1391 *Hoffaeo:
1675 1356 1746 1399 „De
1782 1356 1926 1400 negotio
1952 1356 2012 1390 Ju-

236 1406 462 1451 golstadiano
497 1409 568 1444 iam
603 1410 658 1444 bis
684 1410 889 1455 scripsi....
940 1410 1119 1445 Existimo
1155 1413 1276 1445 autem
1312 1411 1438 1445 eadem
1464 1422 1520 1444 me
1547 1421 1655 1454 opera
1681 1410 1905 1445 satisfecisse
1932 1421 2014 1444 con-

234 1461 432 1496 sultoribus
459 1462 540 1505 tuis,
578 1475 646 1508 quo
673 1464 713 1497 fit
739 1467 780 1498 vt
815 1463 904 1498 nihil
930 1476 1079 1499 necesse
1105 1466 1229 1510 putem
1255 1465 1344 1509 ipsis
1370 1463 1585 1507 singillatim
1610 1464 1827 1498 rescribere“
1861 1464 1896 1507 (e
1922 1475 2014 1498 com-

236 1517 366 1557 ment.;
395 1514 436 1550 G.
456 1515 539 1561 Sup.
563 1518 577 1551 1
608 1518 631 1552 f.
652 1517 798 1561 43²⁰,³)

357 1568 422 1603 Die
448 1571 594 1604 tandem
628 1571 685 1606 26.
704 1571 919 1606 Novembris
947 1571 1118 1606 Albertus
1144 1571 1187 1606 V.
1207 1583 1266 1605 res
1291 1571 1374 1605 illas
1400 1570 1704 1614 ingolstadienses
1736 1570 1788 1605 ita
1822 1570 1898 1604 fere
1934 1582 2013 1605 con-

236 1623 368 1665 stituit,
408 1626 448 1658 ut
485 1636 547 1658 eas
586 1625 758 1659 constitui
794 1624 956 1659 Societas
994 1625 1180 1670 cupiebat3
1226 1625 1319 1669 quod
1358 1625 1459 1659 ducis
1502 1624 1712 1658 mandatum
1754 1626 1877 1658 exstat
1919 1624 2014 1669 apud

236 1678 368 1712 Prantl
402 1678 425 1713 l.
445 1690 474 1712 c.
494 1678 527 1711 ΙΙ
554 1678 744 1713 296-303
781 1681 816 1713 et
851 1679 945 1724 apud
976 1681 1018 1714 G.
1038 1681 1088 1714 M.
1108 1680 1275 1713 Pachtler
1301 1680 1338 1713 S.
1366 1680 1415 1719 J.⁷
1451 1678 1556 1712 Ratio
1595 1678 1800 1712 Studiorum
1837 1679 1874 1712 et
1908 1677 2014 1711 Insti-

238 1731 447 1765 stitutiones
474 1731 719 1766 Scholasticae
747 1732 938 1767 Societatis
965 1733 1054 1768 Jesu
1080 1733 1106 1773 l,
1135 1733 1255 1766 Berlin
1285 1732 1387 1773 1887,
1423 1732 1623 1767 223—227.
1675 1730 1774 1772 Quod
1801 1734 1921 1766 autem
1951 1731 2014 1766 Ca-

239 1783 354 1819 nisius
389 1788 581 1819 censuerat
615 1797 684 1819 non
721 1786 892 1831 expedire
928 1789 968 1820 ut
1003 1786 1270 1820 controversiae
1296 1785 1473 1830 quaedam
1504 1787 1620 1828 „sorte
1647 1785 1933 1826 dirimerentur“,
1969 1784 2015 1825 id,

238 1849 322 1872 cum
348 1850 393 1872 ne
420 1839 625 1884 praeposito
652 1839 796 1883 quidem
823 1839 985 1883 generali
1013 1851 1054 1873 ea
1080 1841 1172 1873 ratio
1199 1839 1456 1884 displicuisset.
1483 1838 1666 1873 sublatum
1693 1850 1762 1872 non
1790 1841 1854 1873 est.

359 1898 399 1932 In
437 1899 539 1933 brevi
574 1899 728 1943 quadam
764 1898 1063 1943 *„Prosecutz'0ne
1097 1899 1280 1933 Historiae
1315 1898 1466 1943 Collegij
1504 1897 1808 1942 Jngolstadiensis
1843 1897 1887 1932 ab
1915 1897 2017 1931 Anno

238 1951 376 1986 Christi
405 1952 515 1987 15’76“ι
555 1953 661 1997 paulo
697 1956 779 1998 post
812 1953 954 1988 initium
990 1953 1123 1987 saeculi
1151 1952 1264 1987 XVIl.
1294 1954 1350 1995 (ut
1376 1952 1535 1995 videtur)
1564 1952 1698 1996 scripta
1734 1954 1770 1986 et
1796 1951 1946 1985 Romam
1970 1951 2016 1985 ad

239 2005 486 2050 praepositum
523 2006 729 2050 generalem
765 2007 877 2041 missa
910 2007 1000 2041 haec
1035 2009 1249 2041 narrantur:
1290 2008 1413 2049 ⁷‚Anno
1451 2006 1584 2040 Christi
1612 2006 1715 2040 1576.
1743 2005 1799 2040 20.
1827 2005 1918 2050 lunij
1953 2005 2015 2038 im-

242 2060 445 2102 migrarunt
470 2059 593 2094 Nostri
629 2061 893 2105 quinquaginta
920 2061 1064 2096 circiter
1098 2072 1143 2094 ex
1176 2060 1290 2094 ueteri
1318 2059 1476 2103 Collegio
1513 2059 1547 2093 in
1575 2058 1737 2099 Domum,
1773 2070 1880 2102 quam
1907 2058 2016 2092 etiam

240 2124 326 2146 num
365 2112 566 2148 incolimus.
628 2114 739 2149 Facta
773 2117 828 2148 est
867 2115 1078 2149 etiam-hoc
1113 2125 1205 2148 anno
1248 2114 1382 2148 nostris
1425 2112 1609 2158 [facultas]
1650 2113 1793 2156 legendi
1829 2115 1866 2146 et
1899 2112 2017 2146 Philo-

243 2166 408 2210 sophiam
435 2167 615 2211 integram
643 2168 678 2201 in
705 2171 829 2202 nostro
855 2171 976 2202 tamen
1005 2168 1176 2211 Collegio,
1214 2170 1250 2201 et
1276 2167 1509 2211 Theologiam
1544 2178 1625 2201 cum
1652 2178 1722 2200 vno
1758 2167 1906 2200 externo
1935 2166 2016 2199 Pro-

240 2222 378 2254 fessore
406 2222 441 2254 in
468 2221 675 2256 Academia.
727 2221 869 2265 Rogata
896 2224 1000 2256 Anno
1036 2222 1200 2266 sequenti
1229 2221 1390 2256 Societas
1425 2221 1469 2255 ab
1495 2219 1722 2254 Academicis
1757 2219 2017 2264 professionem

239 2273 386 2317 linguae
406 2274 593 2309 Hebraeae
620 2276 655 2309 in
681 2287 721 2309 se
747 2276 919 2320 suscepit.
955 2275 1032 2318 Quo
1058 2276 1145 2309 item
1173 2287 1265 2309 anno
1292 2273 1552 2309 Serenissimus
1578 2273 1751 2307 Albertus
1778 2274 1822 2307 f.:
1849 2284 1919 2306 rec.
1939 2271 2015 2306 Col-

238 2326 373 2370 legium
403 2328 689 2371 lngolstadiense
726 2329 902 2369 fundauit,
939 2329 1151 2373 dotauitque
1177 2328 1282 2364 4000.
1302 2328 1467 2362 florenis:
1507 2327 1608 2361 cuius
1634 2326 1856 2360 fundationis
1882 2327 2017 2360 Instru-

238 2384 399 2415 mentum
427 2382 576 2416 missum
605 2385 661 2416 est
681 2382 748 2416 hoc
774 2382 852 2426 ipso
878 2394 971 2416 anno
998 2383 1033 2416 in
1053 2382 1197 2416 Vrbem.
1247 2383 1353 2416 Anno
1382 2381 1474 2416 1578
1500 2382 1616 2414 emtus
1643 2381 1698 2414 est
1722 2379 1865 2413 Nostris
1891 2378 2018 2413 hortus

240 2435 331 2468 .434.
350 2435 528 2470 fi01·enis.“
563 2435 621 2479 (G.
642 2436 726 2481 Sup.
747 2437 792 2470 95
819 2436 843 2471 f.
863 2435 955 2479 88⁴²).

241 2544 392 2582 1945.
468 2545 530 2581 P.
558 2544 999 2582 LAURENTIUS
1028 2545 1277 2582 SURIUS
1308 2547 1548 2581 Cartusianus
1573 2544 1788 2580 coloniensis
1815 2541 2016 2578 CANISIO.

1465 2605 1612 2640 Colonia
1640 2605 1694 2640 18.
1714 2604 1836 2638 Martii
1867 2603 1969 2638 1576.

360 2676 414 2710 Ex
441 2676 547 2710 huius
583 2677 788 2711 litterarum
825 2677 939 2722 partis
975 2677 1182 2723 apographo
1210 2677 1286 2721 (A),
1324 2677 1420 2712 circa
1446 2688 1477 2711 a.
1499 2677 1734 2711 1612—1624
1761 2675 1798 2719 (a
1825 2677 1864 2710 P.
1893 2674 2019 2709 Iacobo

240 2729 457 2764 Bidermann
485 2730 518 2765 S.
539 2731 582 2771 J.,
619 2733 660 2764 ut
686 2731 845 2774 videtur)
882 2731 1028 2776 scripto,
1065 2731 1158 2775 quod
1193 2734 1249 2765 est
1285 2732 1319 2765 in
1348 2731 1477 2765 Codice
1508 2741 1648 2765 monac.
1679 2729 1833 2772 „Keller‚
1861 2728 1947 2763 Can.
1976 2728 2013 2763 1²

240 2784 292 2825 (v.
323 2784 410 2817 Can.
440 2784 453 2817 I
480 2785 683 2826 LVI-Lvn)
720 2784 744 2818 f.
772 2785 846 2819 42¹³.
899 2784 1093 2818 Praeterea
1128 2787 1276 2818 exstant
1311 2784 1467 2818 eiusdem
1505 2784 1620 2828 partis
1654 2783 1862 2828 apographa
1891 2782 1945 2821 (B,
1973 2780 2015 2825 C)

238 2836 384 2870 saeculo
404 2836 516 2871 XVII.
539 2836 595 2879 (ut
615 2837 801 2880 videntur)
821 2838 957 2882 scripta
976 2838 1010 2871 in
1032 2837 1140 2872 Codd.
1160 2849 1298 2873 monac.
1321 2837 1475 2880 „Keller‚
1503 2837 1590 2871 Can.
1609 2837 1649 2870 2²
1676 2836 1700 2870 f.
1720 2836 1783 2870 53¹²
1809 2838 1845 2870 et
1866 2834 2018 2878 „Keller,

241 2889 327 2924 Can.
348 2890 387 2923 3³
412 2890 515 2924 1229‘1
535 2890 596 2933 (cf.
616 2892 703 2925 Can.
725 2891 739 2924 I
758 2891 819 2934 Lv)
842 2893 878 2925 et
895 2891 1142 2936 apographum
1160 2891 1222 2934 (D)
1244 2903 1350 2925 manu
1372 2891 1408 2924 P.
1426 2890 1597 2925 Ludovici
1616 2889 1728 2924 Arani
1747 2889 1781 2924 S.
1797 2889 1830 2924 J.
1853 2889 1888 2932 (†
1910 2887 2017 2932 1652)

238 2943 413 2988 scriptum
442 2944 477 2977 in
504 2944 588 2978 cod.
612 2944 720 2985 „Cam
740 2944 806 2978 47“
838 2956 871 2989 p.
891 2945 945 2978 38.
991 2944 1138 2978 Litteris
1165 2956 1252 2978 usus
1277 2956 1357 2979 sum
1387 2946 1474 2978 Can.
1505 2944 1517 2977 Ι
1545 2944 1612 2978 299
1626 2946 1649 2977 ⁴.

366 3009 595 3051 „Maryarita
621 3009 873 3052 Eccmyeliaff.
924 3011 1058 3043 Mulier
1089 3011 1273 3044 canisium
1301 3010 1489 3043 Soc-letalis
1514 3010 1667 3043 sodalem
1694 3009 1774 3050 fore
1796 3008 2017 3051 praedicens.

361 3092 409 3135 P.
436 3092 611 3134 Iacobus
635 3094 781 3135 Keller
814 3096 856 3135 S.
876 3094 918 3135 J.
944 3093 1282 3144 (1568—10'31)
1319 3095 1359 3134 ιή
1384 3094 1480 3135 Vita
1506 3094 1673 3135 Canisic'
1706 3106 1820 3134 anno
1853 3092 2021 3133 circiter

244 3158 358 3197 1012
380 3159 539 3211 scripta
563 3173 692 3213 neque
715 3159 855 3200 adhuc
876 3160 986 3214 typis
1008 3160 1231 3213 ascripta,
1253 3163 1472 3213 postquam
1497 3159 1694 3200 narravit
1709 3155 2014 3210 ‚‚Reinoldam“
